4300 6059
546 714 670 752 ιιιττιιιι
689 713 718 749 ιιι
737 712 830 750 orcum
848 710 1125 748 winraursuususrru
1143 711 1246 746 onemo
1264 711 1290 747 ι.
1315 698 1503 765 u.un1.(?Ju.
1520 711 1576 753 tato.
1655 693 1701 765 89

416 872 500 934 tinne
522 868 754 950 desyderabdem
778 875 908 930 exortam
931 877 1054 947 repente
1075 865 1218 928 letitiam!
1241 866 1287 927 illa
1304 875 1363 952 tam
1378 869 1477 940 feror
1492 880 1552 935 tam
1567 878 1702 953 violenta,

417 982 479 1035 mm
499 975 637 1034 immanis
657 971 760 1041 beina,
782 988 847 1060 quae
868 988 921 1031 nos
943 971 1047 1031 intuitu
1068 945 1253 1030 truculentiae
1274 987 1335 1030 suar
1355 972 1494 1035 adustura
1517 979 1703 1054 credebatur,

417 1094 486 1155 quae
508 1083 616 1137 attactu
639 1057 747 1135 furoris
771 1075 817 1135 sui
843 1090 961 1134 omnam
988 1069 1125 1132 collisnra
1153 1072 1226 1141 vim,
1260 1091 1376 1134 ornnem
1403 1076 1617 1153 pertractura''
1609 1101 1703 1163 1mpe·

416 1186 481 1240 tum
504 1177 680 1258 putabatur,
703 1177 786 1237 cuius
806 1176 882 1236 iram
905 1174 1069 1237 Germaniae
1092 1175 1265 1243 vastitatem,
1288 1175 1437 1237 incursum
1454 1179 1601 1257 publicam
1623 1204 1704 1247 mor·

395 1289 479 1342 atem
509 1278 716 1358 concipiebant
743 1277 893 1346 homines,
929 1294 993 1356 ane
1020 1274 1186 1336 minabatur
1214 1275 1360 1348 crudelia,
1394 1281 1520 1344 iaciebat
1542 1285 1703 1360 ¹horrenda,

419 1382 553 1444 terrebat
575 1382 730 1451 atrociter,
753 1379 893 1459 puniebat
915 1380 1035 1447 misere,
1058 1375 1121 1447 illa,
1144 1379 1278 1456 inquam,
1301 1384 1344 1440 tot
1364 1382 1458 1442 modis
1472 1389 1711 1462 pertimescenda

416 1483 507 1547 belua
529 1501 695 1545 commorsa
717 1488 838 1543 estnec
860 1480 1016 1551 remordit,
1040 1480 1139 1556 iugata
1161 1487 1281 1541 estnec
1304 1485 1423 1554 restitit,
1448 1489 1567 1566 expulsa
1584 1497 1704 1554 estnec

417 1585 555 1649 substitit
600 1585 672 1655 Quis
701 1585 759 1645 hoc
785 1601 906 1662 sperare
934 1601 1022 1644 ausus
1053 1590 1129 1651 erat,
1158 1590 1208 1643 aut
1237 1601 1302 1661 quae
1330 1584 1387 1646 hoc
1408 1586 1561 1651 bominum
1583 1594 1626 1653 vis
1647 1596 1731 1660 nisit
1738 1611 1772 1654 at.

417 1696 564 1767 praeseute
586 1688 634 1750 dei
655 1687 834 1765 benignitate
855 1686 952 1746 adiuta
976 1685 1093 1746 efficere
1116 1686 1272 1763 potuisset,
1304 1693 1333 1747 et
1359 1689 1422 1751 sine
1450 1692 1529 1753 eaede
1550 1697 1702 1772 potuisset,

385 1793 483 1853 uscue
505 1791 647 1869 sanguine
669 1796 699 1851 et
721 1788 921 1850 dimicatione?
947 1805 1043 1866 neque
1065 1803 1120 1863 ego
1142 1788 1181 1854 ita
1204 1805 1370 1866 quenquam
1394 1810 1427 1852 ea
1449 1811 1531 1874 quae
1536 1813 1616 1859 nunc
1636 1800 1702 1860 dico

418 1895 555 1972 accipere
576 1891 643 1952 roio
666 1892 748 1970 quasi
769 1898 870 1951 nostro
893 1891 1012 1951 nomine
1033 1896 1062 1949 et
1084 1890 1194 1966 privata
1217 1908 1252 1950 er
1267 1889 1465 1955 iiuttenornm'
1483 1897 1607 1959 vindicta
1630 1919 1700 1979 gan·
1718 1922 1725 1953 :

418 1996 519 2065 deam,
542 1995 732 2056 domesticam
748 1992 785 2054 cb
802 1994 949 2054 fortunam
965 1991 1107 2052 exultem:
1123 1997 1193 2052 tuno
1207 1992 1387 2054 satisfactum
1401 1996 1486 2058 nobis
1501 2002 1578 2060 enim
1594 2002 1698 2076 iuerat,
1710 2020 1768 2070 naa.

418 2116 486 2158 cum
508 2099 539 2158 in
560 2095 610 2158 ilio
632 2097 720 2157 totius
743 2096 906 2157 Germania
929 2093 1067 2161 concilio,
1091 2095 1120 2153 in
1142 2091 1190 2154 ilio
1206 2092 1433 2158 clarissimorum
1450 2101 1616 2180 principum
1632 2124 1702 2166 eon·

418 2217 502 2260 sessu
523 2197 604 2260 orbis
626 2205 713 2259 terrae
734 2198 893 2274 imperator
915 2195 1126 2257 Marimiiianus
1142 2213 1206 2255 eam
1221 2194 1339 2274 publice
1354 2201 1526 2263 sententiam
1543 2205 1621 2275 tuiit,
1645 2227 1700 2287 qna

385 2300 468 2362 oilie
489 2302 528 2361 ita
550 2301 710 2369 sanciatus,
738 2301 778 2360 ita
804 2298 956 2377 perfossus
983 2305 1027 2358 est
1052 2305 1086 2358 ut
1111 2299 1202 2375 magis
1229 2300 1338 2377 frangi,
1367 2302 1460 2380 magis
1487 2307 1614 2369 interimi
1642 2330 1702 2372 nou

417 2410 534 2482 posset:
557 2410 643 2472 tunc,
667 2404 802 2480 inquam,
833 2403 902 2462 satis
923 2418 1072 2478 superque
1095 2399 1233 2461 ultionem
1256 2403 1439 2464 contumeliae
1465 2415 1573 2468 nostrae
1601 2429 1701 2490 prose·

417 2513 556 2584 quutam,
586 2505 622 2566 de
645 2503 694 2566 ilio
721 2521 837 2584 poenam
866 2509 1012 2580 sumptam
1040 2503 1219 2581 putavimus,
1249 2504 1366 2580 qnando
1396 2509 1422 2566 ci
1450 2508 1567 2585 publico
1595 2514 1702 2576 indicio

419 2604 494 2686 aqua
523 2607 584 2683 igni
611 2615 699 2686 atquc
733 2607 886 2668 hominum
920 2605 1068 2665 consortio
1102 2604 1288 2665 interdictum
1323 2612 1381 2676 est,
1416 2609 1478 2686 ipse
1509 2618 1701 2694 proscriptus,
1751 2626 1755 2636 ’

418 2709 551 2770 omnium
573 2711 686 2770 iniuriae
708 2707 839 2770 obiectus
855 2715 913 2778 est,
936 2708 1166 2785 uniuscuiusque
1181 2698 1316 2784 potestati
1331 2709 1478 2786 proditus,
1501 2713 1549 2774 ilia
1564 2736 1701 2796 expressa
1763 2764 1768 2773 .
1837 2738 1843 2748 ·

383 2824 511 2890 arpenne
534 2829 622 2872 causa
645 2821 676 2871 et
695 2817 754 2872 tota
775 2828 830 2888 pro
852 2808 991 2870 tribunali
1014 2811 1159 2888 preconis
1185 2828 1255 2868 rone
1285 2811 1403 2871 recitata
1434 2813 1597 2878 Huttenicae
1625 2821 1700 2882 caia-

418 2913 526 2975 mitatis
561 2912 690 2974 historia.
735 2911 933 2982 Quamobrem
965 2929 1030 2988 quae
1057 2910 1165 2971 deinde
1193 2927 1282 2972 ausus
1311 2919 1355 2973 est
1388 2913 1451 2983 iiie,
1485 2919 1551 2997 quia
1585 2922 1769 2998 publicetis.

418 3016 514 3075 omnia
537 3014 669 3093 periculo
692 3012 901 3084 censebantur,
930 3020 963 3073 nt
989 3011 1138 3091 publicam
1167 3019 1196 3074 et
1222 3013 1310 3074 totins
1333 3015 1496 3077 Germaniae
1518 3028 1635 3083 cansam
1658 3033 1703 3085 to·

417 3118 534 3194 tinsque
556 3116 672 3196 imperii
694 3118 843 3195 negotium
866 3131 934 3176 cum
956 3115 1020 3176 aliis
1043 3133 1101 3176 nna
1123 3118 1294 3195 persequuti
1310 3134 1417 3183 sumus,
1454 3126 1542 3197 atque
1564 3123 1592 3183 id
1624 3143 1704 3188 nnnc

416 3218 569 3280 vobiscum
592 3217 705 3289 exulto,
728 3217 880 3279 vobiscum
903 3217 1067 3296 triumpho,
1097 3234 1156 3277 non
1179 3218 1257 3295 quod
1280 3219 1426 3279 inimicum
1451 3220 1566 3283 familiae
1594 3245 1628 3287 ac
1650 3246 1703 3288 no·

384 3321 506 3380 ”minis
533 3323 592 3382 mei
620 3303 791 3400 expulsum,
820 3321 945 3381 eiectum
969 3326 998 3380 et
1019 3320 1258 3390 exterminatum,
1289 3338 1455 3399 quanquam
1479 3330 1507 3384 et
1529 3327 1624 3402 ipsum
1647 3329 1704 3391 bnc

418 3421 559 3503 voluptati
581 3425 708 3484 maxime
730 3429 788 3491 est,
812 3439 871 3482 non
894 3422 1013 3482 omnino
1037 3420 1232 3485 tamemhanc
1254 3420 1292 3480 ob
1315 3440 1449 3493 oausam,
1472 3425 1523 3486 sed
1540 3429 1618 3506 qnod
1633 3430 1704 3490 sub·

330 3571 335 3581 .
417 3522 478 3584 iatd
499 3543 515 3585 e
538 3525 636 3585 medio
658 3523 812 3585 turbarum
835 3523 960 3584 authore
982 3523 1052 3584 illud
1068 3525 1214 3583 invectum
1231 3522 1436 3602 tranquillum,
1459 3527 1536 3588 hanc
1551 3531 1702 3592 reductam

418 3627 607 3687 securitatem
629 3626 730 3687 video:
760 3627 899 3685 nontam
923 3624 970 3686 illc
991 3627 1068 3685 inter
1091 3643 1142 3684 vos
1164 3631 1297 3685 versatur
1319 3627 1411 3698 enim,
1435 3631 1485 3707 qui
1508 3631 1602 3693 donec
1630 3642 1772 3702 eratin-⁵.

420 3729 504 3805 quies
526 3746 587 3788 non
610 3735 689 3798 erat,
718 3745 857 3806 pannon
880 3733 957 3796 erat,
989 3745 1081 3787 noros
1104 3728 1211 3788 cotidie
1232 3735 1329 3789 motus
1356 3747 1390 3789 ae
1417 3740 1551 3794 recentes
1579 3734 1704 3801 subinde

384 3828 561 3890 ³⁰tumultus
582 3828 820 3909 suspicabamur;
856 3847 973 3906 semper
1003 3827 1111 3907 aliquid
1138 3830 1341 3891 metuebamus
1371 3833 1450 3911 quod
1478 3833 1526 3895 ilie
1554 3840 1704 3898 communi

419 3932 550 3991 omnium
572 3931 650 3992 malo
672 3949 707 3992 ac
728 3933 817 3992 totius
839 3931 1004 3992 Germanis
1025 3931 1158 4010 periculo
1179 3934 1322 4011 inciperet
1336 3952 1370 3994 ac
1386 3935 1557 4012 perficeret:
1581 3940 1704 4017 proinde

418 4040 477 4092 tam
499 4031 617 4092 laetetur
639 4033 702 4094 haec
724 4034 818 4101 natio,
841 4032 920 4112 quod
943 4033 1018 4093 banc
1040 4041 1153 4112 pestem
1182 4036 1280 4104 eiecit,
1308 4034 1365 4096 hoc
1393 4040 1522 4101 evomuit
1550 4059 1721 4113 venenum,-

418 4152 507 4214 quam
529 4132 611 4195 illum
632 4133 736 4212 lugere
756 4134 819 4195 scio
845 4135 923 4214 quod
952 4136 1028 4196 banc
1056 4143 1195 4228 ereptam.
1215 4136 1344 4197 andaciae
1370 4157 1431 4199 snm
1458 4141 1588 4219 praedam
1615 4143 1701 4204 videt.

418 4254 586 4316 quanquam
610 4255 670 4298 non
693 4235 731 4297 ob
753 4237 783 4297 id
805 4242 918 4298 tantum
940 4237 1131 4298 exultandum
1153 4237 1238 4298 nobis
1260 4247 1347 4316 puto,
1370 4241 1449 4318 qnod
1471 4243 1634 4320 periculum
1650 4246 1701 4308 de·
1714 4253 1771 4304 §.aa

384 4337 608 4407 solidavimus,
632 4347 773 4418 quantum
796 4339 946 4400 infamiam
970 4339 1048 4417 quod
1075 4341 1224 4400 exuimus:
1254 4342 1310 4400 iam
1339 4341 1477 4403 dicebant
1503 4347 1580 4406 enim
1611 4350 1705 4408 exteri

418 4458 478 4500 non
502 4457 567 4501 esse
589 4441 619 4502 in
641 4440 799 4502 Germania
821 4439 918 4517 leges,
948 4459 1008 4500 non
1030 4442 1156 4519 indicia,
1180 4458 1239 4499 uon
1269 4460 1418 4512 carceres,
1455 4464 1514 4505 nou
1546 4447 1715 4536 supplicia:-

419 4560 581 4621 rerumque
603 4540 755 4612 dicebant,
779 4557 838 4602 non
862 4536 946 4602 Erant
968 4543 1060 4613 enim:
1084 4551 1114 4604 at
1135 4561 1217 4603 arma
1231 4548 1299 4603 sunt
1314 4552 1343 4605 et
1357 4546 1408 4605 viri
1424 4554 1507 4617 suut,
1530 4557 1617 4627 atque
1631 4550 1704 4611 iliud

417 4651 569 4723 utcunque
596 4645 730 4724 punitum
759 4651 857 4705 tamen
879 4633 1059 4706 ⁴maleficium
1088 4652 1146 4714 est;
1175 4646 1237 4724 ipse
1259 4663 1375 4724 poenam
1398 4646 1478 4709 dedit
1504 4647 1588 4711 latro.
1632 4649 1773 4720 diuum

488 4864 497 4899 ¹
514 4865 634 4917 desider.
651 4871 679 4915 ut
696 4864 765 4931 udiq.
778 4868 804 4915 2.
826 4866 835 4893 ‘
864 4863 884 4898 ¹¹
902 4864 946 4916 rel
965 4870 1024 4914 aitte
1042 4865 1155 4916 domest.
1175 4868 1235 4917 add.
1248 4873 1278 4918 11.
1336 4866 1358 4900 ¹⁴
1375 4867 1508 4934 sentent]
1526 4868 1595 4919 Vide
1614 4869 1667 4921 vol.
1682 4871 1704 4922 1.

418 4946 628 5017 p.100.sq.·87.
642 4965 700 5016 sqq.
736 4947 758 4982 ²¹
776 4950 824 5015 qui
841 4950 1241 5016 ⁸2.(tn1.qeoquepmvuoan
1258 4960 1317 5003 ante
1336 4955 1544 5019 acpatironest.)
1579 4953 1601 4987 ²⁹
1617 4957 1704 5020 quoti-

418 5035 500 5087 diet.
552 5032 722 5102 ”.Ssmpcr
737 5040 768 5090 11.
1569 5059 1572 5063 ’
