4300 6059
487 721 610 757 nuaram
629 720 658 756 111
679 719 771 756 orcuu
790 717 1067 755 wiarexrannaussu
1085 716 1189 753 oacrio
1208 717 1251 752 ru.
1273 717 1384 751 111111111τΙ
1398 715 1424 750 a.
1441 709 1498 749 rata.
1587 685 1635 755 43
1689 728 1693 737 .

351 876 445 954 ligunt
463 878 555 938 exteri
573 896 607 938 ea
622 876 767 937 dedecora
787 893 803 934 a
821 874 927 953 quibus
942 873 1112 950 longissime
1128 891 1244 951 semper
1261 872 1354 933 abluit
1368 873 1533 950 Germania,
1557 891 1637 933 nunc

351 980 471 1040 demum
494 980 632 1039 invasisse
655 996 724 1047 nos,
754 987 783 1038 et
810 979 846 1037 ita
872 978 1066 1037 invasissent
1095 977 1166 1036 citra
1193 993 1324 1053 prauam,
1358 977 1429 1035 citra
1461 973 1636 1054 supplicium

352 1088 495 1141 constent.
536 1099 594 1160 qua
610 1081 790 1158 turpitudine
806 1080 907 1153 maior,
920 1078 1054 1139 accidere
1072 1095 1131 1138 nou
1152 1084 1263 1155 potest,
1286 1079 1473 1156 nequeenim
1494 1077 1637 1139 eiusmodi
1647 1082 1692 1133 §.a
1721 1160 1724 1167 Ι

352 1189 396 1245 est
422 1182 486 1243 haec
509 1183 644 1253 inlamia,
675 1200 740 1260 quae
769 1187 832 1241 orta
860 1182 946 1242 unius
965 1180 1101 1261 ‚bominis
1129 1199 1204 1240 noxa
1232 1181 1282 1250 sit,
1315 1179 1367 1241 sed
1385 1180 1512 1258 publico
1540 1189 1636 1242 restro

328 1303 497 1346 sconsensu
519 1284 713 1363 approbatum
736 1283 864 1345 dedecus
892 1283 989 1344 buius·
1003 1284 1106 1362 patriae
1132 1282 1263 1343 moribus
1290 1282 1465 1360 imponitur:
1497 1284 1637 1361 namqui

350 1389 393 1447 sic
411 1389 539 1448 cunctati
559 1389 641 1456 estis,
660 1389 702 1447 sic
720 1386 826 1447 tulistis
846 1386 920 1445 hanc
934 1385 1162 1464 improbitatem,
1179 1392 1210 1444 ut
1227 1383 1368 1462 probasse
1388 1384 1556 1445 videamini:
1579 1404 1637 1464 qua

350 1491 381 1548 in
405 1507 439 1549 re
460 1490 529 1567 quid
551 1489 628 1550 ultra
652 1489 747 1550 dicam
769 1487 855 1566 plane
878 1490 1000 1565 ignoro:
1032 1487 1142 1558 vultus,
1172 1487 1279 1555 oratio,
1307 1504 1391 1547 mens
1410 1485 1535 1566 denique
1559 1489 1635 1548 exci-

351 1591 407 1651 dit:
429 1591 499 1670 quid
521 1591 655 1652 acerbius
681 1592 758 1651 enim
780 1592 951 1669 contingere
967 1589 1053 1649 nobis
1069 1591 1179 1669 potnit,
1200 1591 1254 1649 toti
1273 1588 1437 1649 Germania
1457 1587 1578 1650 bedinsi
1600 1589 1691 1650 Etsi.

351 1693 431 1770 quod
462 1691 511 1753 ille
538 1711 592 1752 nos
609 1693 740 1771 <quidem
766 1692 895 1761 laeserat,
929 1694 1023 1770 ipsius
1042 1691 1185 1770 supplicio
1208 1692 1331 1769 rependi
1358 1689 1545 1770 sperabatur,
1579 1691 1637 1752 hoc

316 1794 437 1855 ronchis
459 1794 594 1855 solatium
618 1804 681 1856 erat
701 1794 900 1875 propesitum,
922 1794 985 1854 inec
1009 1795 1149 1855 adversus
1171 1796 1319 1870 ingentem
1342 1792 1473 1854 dolerem
1493 1793 1637 1855 medicina

351 1895 523 1976 petebatur:
557 1905 676 1958 atvero
701 1896 870 1975 longissime
891 1903 993 1956 contra
1020 1898 1130 1966 evenit,
1162 1914 1229 1956 nam
1251 1896 1389 1956 adversus
1417 1914 1505 1974 quem
1526 1914 1581 1957 nos
1603 1915 1637 1958 rc

351 2000 521 2067 manifesta,
542 1998 723 2070 detestabili,
745 2001 854 2070 abaci,
877 1998 1093 2077 probatissimis
1115 1997 1251 2066 testibus,
1274 1998 1469 2058 maximorum
1491 1998 1636 2060 scelernm

351 2099 485 2169 cumulo,
507 2100 623 2179 publica
644 2102 851 2170 insectatione,
878 2102 1028 2161 communi
1051 2099 1118 2159 odio
1141 2098 1219 2160 velut
1248 2101 1310 2160 acie
1333 2094 1584 2177 confligebamus,
1610 2104 1636 2161 is

351 2211 380 2262 et
400 2203 469 2261 rim't
488 2212 517 2263 et
540 2210 658 2281 regnat,
684 2210 717 2262 ut
738 2205 796 2264 iam
824 2202 911 2280 plane
941 2204 1030 2262 armis
1053 2203 1216 2281 expetenda
1239 2202 1324 2262 nobis
1351 2204 1409 2261 sint
1435 2220 1499 2281 quae
1521 2203 1637 2283 legibus

316 2302 506 2409 isdepentur.
550 2303 599 2364 ubi
622 2306 812 2382 quaerendum
833 2323 891 2365 non
915 2311 985 2382 puto
1008 2305 1078 2384 quid
1100 2323 1154 2364 nos
1175 2306 1334 2383 possimus,
1363 2322 1519 2383 possumus
1538 2313 1692 2367 antemio.

349 2414 464 2465 tantum
486 2413 628 2484 quantum
651 2407 687 2467 ad
710 2408 964 2486 comprimendum
986 2409 1073 2468 istum
1096 2409 1166 2467 satis
1187 2415 1243 2469 est:
1270 2407 1324 2467 lioc
1347 2409 1534 2478 necessario,
1565 2410 1637 2470 Ger·

349 2509 445 2576 mani,
474 2509 652 2569 audiendum
674 2509 770 2579 vobis,
802 2528 898 2589 neque
927 2529 962 2570 ex
991 2509 1132 2588 dignitate
1161 2515 1255 2570 vestra
1283 2527 1378 2587 neque
1408 2508 1527 2586 publico
1557 2490 1638 2571 eoni-

349 2610 453 2678 modo,
477 2610 528 2671 sed
552 2613 716 2671 communis
738 2613 963 2672 existimationis
980 2613 1092 2672 iactura
1114 2613 1157 2671 sic
1181 2613 1302 2673 remisse
1324 2631 1338 2671 a
1363 2611 1444 2672 vobis
1466 2619 1579 2683 actum,
1601 2633 1637 2674 eo

349 2731 415 2772 rem
438 2712 545 2772 loedam
573 2732 606 2773 ac
637 2721 737 2773 notam
765 2716 950 2792 pervenisse,
987 2721 1019 2773 ut
1047 2733 1136 2793 quem
1166 2713 1274 2773 iudicio
1299 2714 1473 2792 pessundari
1496 2716 1635 2792 oportuit,

314 2832 421 2874 aoeum
448 2812 527 2873 bello
550 2817 688 2894 persequi
719 2835 839 2877 necesse
867 2820 913 2879 sit.
960 2817 1074 2893 Fingite
1100 2818 1176 2877 enim
1207 2817 1270 2876 sine
1300 2823 1401 2875 nestro
1423 2823 1452 2876 et
1479 2817 1693 2879 (remacetto.

349 2915 428 2976 malo
462 2917 552 2994 (qued
573 2918 638 2977 lieri
657 2936 717 2978 non
739 2922 845 2996 potest)
879 2918 1078 2998 superabilem
1101 2921 1204 2987 istum,
1237 2918 1305 2996 quid
1334 2917 1428 2995 leges,
1463 2919 1532 2997 quid
1553 2921 1637 2979 iurat

350 3018 423 3078 nibil
445 3037 483 3080 ue
505 3019 657 3080 valebunt?
679 3026 728 3079 aut
752 3039 810 3080 non
833 3021 917 3081 cadet
941 3024 971 3080 in
995 3023 1138 3090 iudiciumv
1157 3020 1215 3080 tale
1237 3027 1408 3098 tantumque
1434 3019 1544 3091 scelus,
1577 3029 1661 3082 tam·

350 3123 464 3189 dirum,
479 3129 547 3181 tam
569 3122 711 3191 immane,
736 3129 793 3182 tarn
816 3125 981 3201 cognitum,
1006 3130 1063 3183 tam
1086 3123 1263 3182 iudicatum?
1284 3129 1412 3182 autnon
1433 3124 1636 3201 turpissimum

350 3228 395 3283 est
418 3224 623 3284 luriusccmodi
644 3224 774 3284 facinora
797 3226 827 3284 in
848 3227 1003 3287 Germania
1027 3243 1087 3285 non
1111 3226 1174 3285 lieri
1193 3225 1297 3294 modo,
1325 3242 1425 3284 verum
1453 3226 1489 3285 ita
1519 3244 1636 3306 quoqne

314 3326 415 3386 celleri
440 3333 471 3384 nt
493 3343 631 3388 concessa
656 3328 729 3386 sinti
750 3328 801 3388 sed
823 3335 852 3387 et
875 3328 955 3388 dubii
978 3327 1124 3388 bellorum
1147 3320 1232 3387 casus
1255 3334 1341 3394 sunt,
1372 3334 1400 3387 ct
1421 3334 1523 3387 nolum
1546 3327 1636 3388 habe·

349 3436 397 3488 tur
421 3429 505 3487 cuius
526 3446 580 3487 nos
602 3418 750 3498 amentiae,
775 3431 857 3489 cuius
878 3431 971 3489 inrori
985 3429 1174 3510 abiiciamur
1216 3427 1288 3488 Cum
1309 3429 1397 3504 igilur
1424 3448 1458 3489 ea
1481 3433 1536 3490 iste
1557 3432 1704 3493 lece-§.m

348 3532 388 3589 rit
410 3548 475 3608 quae
497 3548 583 3591 uerno
603 3533 733 3591 oratorio
749 3530 846 3609 aliquo
863 3532 986 3592 artificio
1006 3533 1035 3590 in
1055 3530 1175 3591 auribus
1194 3519 1348 3591 bominum
1371 3533 1482 3610 posuit,
1504 3531 1555 3592 sed
1572 3550 1637 3610 quae

327 3686 330 3691 ,
348 3635 413 3710 ipsa
437 3649 468 3693 se
489 3633 520 3692 in
542 3632 742 3710 penetralibus
765 3635 931 3694 animorum
951 3642 1117 3694 vestrorum
1139 3634 1317 3703 defixerunt,
1350 3632 1435 3694 vultis
1455 3633 1533 3693 istud
1555 3635 1637 3694 inex·

253 3809 255 3813 ,
349 3737 472 3793 tinctum
496 3733 575 3794 alere
592 3735 779 3796 incendium?
802 3735 887 3796 vultis
910 3738 958 3798 isti
974 3755 1033 3796 non
1051 3738 1110 3796 iam
1125 3742 1157 3795 ut
1172 3737 1298 3814 respiret
1313 3743 1443 3812 tempus,
1470 3735 1522 3795 sed
1539 3742 1571 3794 ut
1588 3753 1636 3795 re·

315 3843 502 3913 ngrassetnr
528 3837 712 3899 occasionem
740 3839 828 3898 darei
858 3838 943 3899 vultis
972 3839 1049 3899 bunc
1072 3841 1101 3898 in
1135 3838 1232 3898 medio
1255 3845 1384 3898 restrum
1410 3837 1455 3898 bis
1484 3835 1636 3897 Catilinam

350 3940 428 4018 pati,
453 3940 504 4016 qui
525 3945 559 3997 ut
579 3940 707 4018 primum
731 3938 771 3998 illi
793 3940 929 4010 libuerit,
960 3943 1042 4018 qnasi
1071 3960 1106 4001 ex
1135 3940 1261 4019 quadam
1289 3942 1401 4000 excitus
1427 3941 1524 4017 (pariete
1546 3938 1635 4017 pleno

349 4043 450 4101 lurore
473 4042 504 4099 in
526 4049 693 4119 quenquam
715 4042 830 4103 invadat
850 4043 967 4102 minime
991 4044 1134 4102 munitum
1160 4042 1272 4112 locum,
1306 4048 1439 4102 nostrum
1465 4043 1636 4119 sanguinem

349 4141 505 4211 exorbeat,
534 4144 703 4220 principum
731 4139 974 4205 existimationem
1002 4144 1126 4222 polluat,
1162 4146 1306 4206 Caesarem
1335 4143 1562 4204 blaximilianum
1588 4163 1636 4204 ca·

349 4246 469 4307 lumniae
497 4253 636 4324 exponat,
670 4265 757 4307 suurn
785 4248 815 4305 iu
840 4246 936 4307 bonos
962 4247 1059 4307 odium
1086 4248 1184 4316 satiet,
1217 4224 1304 4307 suum
1336 4247 1466 4306 iurarem
1498 4247 1636 4326 impleat?

315 4347 443 4418 asQuarn
469 4347 605 4424 indignus
627 4355 726 4408 autem
748 4356 793 4408 est
812 4350 885 4416 iste,
914 4350 997 4408 cuius
1020 4350 1074 4408 rita
1095 4355 1139 4407 tot
1160 4347 1303 4407 nobilium
1326 4347 1489 4426 Equitum·
1504 4356 1548 4410 tot
1574 4350 1705 4412 ior-§.m

349 4452 422 4510 bum
444 4451 573 4509 unorum
593 4449 726 4527 periculo
749 4469 784 4510 ac
804 4451 946 4527 sanguine
967 4457 1123 4532 quaeratur.
1168 4452 1230 4527 dge
1255 4468 1338 4519 rere,
1372 4451 1444 4527 quid
1468 4453 1492 4511 si
1516 4470 1550 4512 cx
1573 4471 1636 4514 sce·
1698 4480 1703 4492 ·

348 4552 410 4613 lere
439 4553 570 4638 omnium
599 4569 664 4629 quae
689 4570 812 4630 usquam
838 4558 1007 4631 perpetrata
1036 4559 1106 4612 sunt
1126 4554 1279 4612 teterrimo
1307 4553 1494 4613 commodum
1518 4572 1636 4632 quoque

349 4655 432 4713 victis
455 4652 534 4713 bello
555 4653 656 4724 nohis,
681 4654 761 4732 quod
783 4653 823 4714 dii
846 4652 1025 4715 immortales
1045 4655 1236 4734 prohibeant,
1259 4663 1432 4733 assequatur
1452 4657 1518 4725 iste,
1537 4663 1570 4715 ul
1585 4655 1634 4715 ubi

349 4758 447 4816 omnia
468 4755 634 4834 perdidisse
655 4756 732 4817 risus
751 4764 811 4825 est,
836 4755 876 4815 ibi
898 4755 1013 4816 lucrum
1042 4776 1160 4836 quoquc
1184 4753 1333 4819 inveniat?
1363 4756 1428 4816 Non
1454 4758 1493 4817 ita
1516 4775 1636 4818 aversos

417 4975 605 5042 ¹longissime
624 4978 698 5027 laed
713 4993 781 5028 corr.
792 4982 821 5028 11.
890 4976 1018 5027 lfoeduis
1037 4981 1060 5027 1.
1130 4978 1241 5028 ⁹.an
1259 4994 1351 5028 omncs.
1415 4976 1436 5008 ¹⁹
1453 4977 1590 5043 pessumd.
1608 4982 1634 5028 2.

347 5060 372 5096 ⁸⁰
388 5063 476 5113 vestri
493 5077 561 5113 corr.
574 5046 606 5110 HJ
655 5060 678 5093 ⁸²
696 5063 798 5113 euadat
815 5078 884 5113 corr.
897 5067 927 5110 Η.
980 5061 1001 5094 ³⁹
1021 5078 1148 5137 quereum
1201 5064 1281 5114 deum
1298 5079 1367 5113 corr.
1381 5066 1410 5112 11.
