4300 6059
369 687 494 729 nrrrmu
506 689 544 723 sn
556 688 704 725 rerncrres
715 690 840 727 uremur
854 684 1073 726 oscuru‘rvucrs
1085 691 1225 726 rnrrenrrr
1238 691 1461 728 rxuoernronrn.
1470 674 1556 742 (¹5¹⁸.)
1578 663 1648 736 129
1666 744 1671 755 Ι

368 841 564 903 exercitibus?
592 851 624 904 ut
651 861 709 918 non
737 843 905 922 insipienter
933 846 1080 906 monuerit
1108 846 1159 923 qui
1185 847 1344 907 exercitum
1374 864 1527 908 cervorum
1550 848 1650 910 maluit

367 943 453 1005 leone
480 945 556 1005 duce
584 962 673 1022 quam
702 946 861 1006 exercitum
884 945 1002 1006 ieonum
1024 964 1111 1007 cerro
1140 947 1230 1016 duce
1258 948 1287 1007 id
1315 946 1425 1008 scilicet
1451 957 1592 1028 reputans
1619 951 1653 1039 ig

366 1046 558 1124 imperatore
566 1048 655 1108 situm
678 1065 736 1126 quo
759 1054 863 1140 erentu
885 1066 933 1107 res
954 1054 1104 1125 gerantur.
1148 1049 1304 1126 ignoscite
1328 1056 1429 1141 caput,
1457 1058 1557 1127 parete
1584 1053 1638 1112 im·
1625 1061 1718 1112 ·t.1u
1756 1101 1761 1113 .

366 1149 512 1226 peratum,
540 1147 585 1211 rel
613 1148 652 1208 ob
681 1149 709 1208 iu
738 1149 871 1210 maxime
892 1149 1004 1229 quod
996 1167 1026 1210 m
1050 1167 1100 1208 ros
1122 1148 1169 1209 iila
1192 1148 1312 1210 inclinat
1333 1152 1496 1211 successio.
1525 1152 1650 1230 proinde

342 1247 491 1326 squirion
513 1258 641 1321 restrum
664 1250 784 1327 cogitet,
809 1257 840 1311 ut
862 1268 940 1325 nunc
962 1258 1081 1328 praestet
1103 1249 1184 1311 alteri
1207 1251 1315 1329 quod
1307 1270 1369 1330 ipse
1387 1252 1441 1313 sibi
1457 1253 1493 1314 ad
1508 1254 1565 1320 hoc
1579 1272 1648 1342 pro·

346 1346 482 1438 'volutus
504 1350 649 1428 festigium
673 1352 805 1429 prestari
829 1350 926 1422 veliet,
950 1361 978 1412 et
1000 1371 1079 1413 nunc
1101 1370 1206 1430 parere
1228 1353 1336 1422 discat,
1362 1353 1573 1433 utaliquando
1595 1357 1648 1415 im·

360 1469 472 1530 ‚perere
494 1452 580 1512 sciat:
604 1452 706 1513 ridetis
728 1454 924 1514 ferocissimas
945 1455 1078 1514 nationes
1093 1472 1243 1533 nunquam
1259 1455 1308 1516 diu
1324 1463 1374 1516 aut
1388 1455 1464 1516 bene
1479 1457 1649 1534 imperasse,

365 1560 468 1613 contra
491 1553 640 1634 Assyrios,
669 1554 770 1615 Medos
798 1574 832 1615 ac
859 1554 940 1616 ilium
962 1556 1121 1616 Asiaticum
1150 1554 1249 1617 luxum
1280 1564 1323 1616 tot
1352 1575 1444 1616 annos
1466 1565 1496 1618 et
1517 1560 1649 1636 egregie:

363 1661 478 1715 tantum
506 1662 551 1716 est
578 1658 654 1717 scire
679 1657 841 1736 imperare,
877 1665 963 1736 atque
991 1658 1048 1718 boc
1074 1659 1104 1718 in
1134 1676 1168 1717 eo
1195 1657 1282 1719 situm
1311 1666 1355 1720 est
1382 1667 1414 1719 ut
1441 1677 1547 1736 parere
1574 1661 1648 1723 scias

329 1752 401 1816 ioac
414 1757 518 1834 possis.
555 1759 664 1836 etquis
684 1777 742 1818 non
758 1766 857 1838 posset
873 1761 1041 1838 imperatori
1056 1758 1206 1829 benefico,
1230 1758 1359 1831 liberali,
1383 1761 1474 1830 iusto,
1499 1759 1634 1822 clementi
1649 1775 1715 1826 §.nn

364 1866 395 1920 et
416 1876 594 1939 quocunque
616 1861 752 1921 virtutum
775 1862 916 1939 respicias
939 1862 1074 1939 egregio,
1099 1859 1192 1939 qualis
1213 1869 1258 1922 est
1279 1860 1504 1938 Maximilianus,
1527 1865 1576 1941 qui
1598 1882 1648 1923 an·

363 1946 419 2021 hs
442 1963 498 2022 iam
527 1963 642 2041 triginta
671 1960 797 2041 amplius
819 1963 986 2040 patrimonii
1007 1964 1052 2023 sui
1073 1962 1225 2050 ‚fructibus
1253 1963 1367 2042 imperii
1396 1981 1486 2025 onera
1515 1966 1646 2034 sustinet,

363 2062 500 2124 omnibus
522 2065 639 2125 interim
662 2066 741 2124 curis
763 2065 903 2141 agitatus,
934 2065 965 2124 in
987 2064 1066 2125 uuila
1090 2065 1264 2124 constitutus
1286 2066 1402 2143 quiete?
1429 2065 1546 2143 qnando
1570 2067 1647 2127 enim

362 2164 555 2245 tranquillum
578 2165 717 2237 vidimus,
747 2175 797 2226 aut
825 2165 942 2245 quando
970 2167 999 2226 in
1022 2165 1126 2226 noram
1148 2165 1523 2245 aliquamsollicitudinem
1546 2171 1648 2247 praeci·
1708 2198 1710 2204 ·

329 2268 502 2344 ¹³pitatum,
525 2286 593 2329 cum
616 2285 670 2329 nos
691 2271 803 2330 interea
826 2272 1001 2347 (prosequor
1024 2269 1101 2330 enim
1124 2268 1215 2330 semel
1237 2267 1329 2329 libere
1349 2269 1513 2331 institutum
1536 2289 1647 2332 sermo·

264 2398 269 2405 ·
362 2369 444 2450 nem)
468 2377 518 2431 ant
540 2371 707 2431 domesticis
729 2370 924 2449 voluptatibus
946 2378 997 2431 aut
1024 2371 1169 2431 intestinis
1197 2369 1432 2431 contentionibus
1453 2390 1573 2450 operam
1596 2373 1667 2445 cla·¹

361 2473 446 2532 must
468 2471 549 2544 Quos
571 2471 619 2534 ilie
641 2474 665 2534 si
688 2474 805 2552 quando
829 2493 864 2534 ex
887 2473 984 2533 otsrcio
1000 2473 1136 2549 corripit,
1161 2480 1222 2532 tum
1238 2491 1307 2532 vero
1323 2473 1423 2550 iugum
1440 2473 1636 2535 exclamamus
1646 2490 1712 2541 §.ns

360 2592 396 2635 ac
417 2577 589 2636 servitutem
611 2576 854 2655 interpretamur3
878 2575 982 2635 deinde
1006 2574 1089 2651 rpuasi
1111 2575 1168 2633 iam
1192 2572 1263 2633 iliud
1285 2576 1466 2636 excutiamus
1488 2577 1588 2653 iugum
1610 2595 1645 2638 ac

361 2673 398 2736 ab
421 2675 470 2737 illa
494 2695 547 2737 uos
569 2677 749 2738 vindicemus
771 2678 924 2746 servitute,
947 2674 1112 2736 libertatem
1136 2693 1273 2736 vocamus
1294 2677 1450 2754 imperium
1472 2695 1531 2743 uon
1553 2658 1644 2753 agno*-

326 2795 461 2847 roscere,
483 2781 655 2858 imperatori
679 2797 736 2839 non
760 2797 880 2858 parere,
904 2779 1001 2838 oninia
1022 2779 1143 2858 impune
1159 2777 1267 2837 audere
1284 2795 1317 2837 ar
1333 2777 1440 2838 tacere.
1464 2776 1540 2848 Quid
1556 2780 1712 2857 quodem.

360 2878 488 2959 aliquos,
514 2899 578 2943 -non
601 2882 749 2961 principes
772 2879 837 2940 ilios
859 2879 977 2960 quidem
1007 2879 1096 2959 (quoti
1119 2896 1175 2958 ego
1196 2881 1297 2954 sciam)
1324 2879 1376 2940 sert
1406 2898 1441 2939 ex
1469 2881 1504 2940 iis
1532 2882 1583 2957 qui
1613 2899 1645 2944 se

359 2981 542 3062 principibus
564 2983 719 3044 consulere
742 2983 856 3051 dicunt,
885 2989 988 3059 putare
1011 2978 1329 3043 ridemus·consultum
1351 2982 1490 3058 imperio,
1521 2981 1570 3041 ubi
1592 3000 1644 3061 po·

359 3092 459 3144 scente
482 3091 585 3144 natura
603 3070 693 3145 'nohis
715 3080 945 3146 blaximiiianum'
967 3084 1039 3145 deus
1062 3084 1217 3162 eripuerit,
1246 3088 1280 3141 ut
1302 3089 1454 3142 externum
1476 3084 1644 3161 quempiam

358 3201 544 3245 accersamus
566 3187 689 3263 regem?
718 3203 774 3263 qua
798 3187 970 3262 cogitatione
993 3203 1058 3265 quae
1082 3185 1186 3246 tredior
1212 3185 1243 3243 iu
1266 3184 1404 3246 Germani
1426 3184 1551 3244 bominis
1573 3203 1644 3245 con·

328 3285 544 3349 assultationem
574 3288 680 3350 cadere
707 3289 823 3367 posset?
851 3305 1020 3366 quanquam
1047 3304 1105 3345 non
1134 3287 1267 3363 ignorem
1292 3283 1366 3373 ‘quid
1395 3284 1450 3346 sibi
1477 3293 1644 3365 proponant

357 3387 416 3459 itti,
445 3407 553 3469 nempe
576 3391 708 3450 futurum
729 3396 881 3469 putantes,
905 3396 937 3451 ut
958 3408 1017 3467 quo
1039 3388 1155 3465 longius
1177 3385 1253 3447 absit
1271 3387 1448 3465 imperator,
1472 3385 1643 3450 coliberius

357 3492 453 3558 ritant
468 3493 525 3584 qni
547 3491 640 3552 sub
631 3492 757 3571 imperio
785 3498 866 3552 sunt:
900 3491 979 3568 quod
1007 3491 1144 3567 ignorant
1171 3507 1259 3568 quam
1288 3489 1380 3549 eost
1366 3486 1462 3556 s;allat
1498 3491 1710 3555 nesciuntnns.

357 3593 436 3653 enirn
457 3569 601 3654 libertatis
623 3600 860 3655 rouservatorcm
883 3613 947 3654 esse
970 3611 1058 3672 quem
1082 3592 1231 3652 dominum
1254 3592 1498 3669 interpretantur,
1528 3609 1561 3650 ac
1583 3609 1643 3651 non

357 3711 443 3771 posse
458 3696 512 3755 ista
527 3703 585 3755 tam
602 3696 754 3757 diversa
730 3713 793 3757 sine
809 3697 902 3774 capite
917 3695 1104 3755 concorditer
1120 3693 1227 3772 degere
1243 3691 1391 3753 membra:
1414 3692 1529 3753 abiicite
1544 3693 1642 3768 igitur,

323 3787 461 3875 nouiqui
483 3798 567 3864 estis,
592 3799 721 3878 ineptam
744 3799 926 3877 opinionem,
949 3795 1035 3857 stuba
1059 3803 1141 3865 vota,
1164 3796 1299 3855 insanum
1322 3792 1490 3854 consitium!
1519 3811 1569 3852 ros
1591 3812 1643 3854 au·

355 3905 431 3967 tem,
446 3900 619 3978 principes,
646 3917 683 3960 ne
705 3901 790 3960 sinite
813 3900 1014 3978 turpissimam
1037 3898 1140 3960 restris
1163 3895 1346 3975 temporibus
1373 3903 1473 3956 nomm
1495 3896 1586 3963 inuri,
1609 3902 1642 3955 ut

356 3998 484 4062 defuisse
512 4018 584 4061 snus
612 4020 646 4062 ac
673 4003 819 4079 genuinus
846 4001 916 4061 hiric
946 3999 1055 4061 nationi
1083 3999 1244 4076 princeps
1252 3996 1389 4058 credatur
1419 3997 1467 4074 qui
1490 4014 1641 4073 nurrquam

354 4103 439 4181 prius
460 4101 566 4172 (lesuin
594 4112 624 4164 ut
653 4105 844 4183 peregrinum
871 4101 958 4162 nobis
986 4103 1086 4179 iugum
1115 4100 1270 4179 imponatis
1297 4073 1378 4177 qnod
1400 4116 1550 4177 nunquam
1573 4107 1641 4160 ante

356 4202 488 4279 tubunis:
510 4203 653 4281 breviter,
676 4213 709 4266 ut
725 4204 911 4267 Germaniam
927 4203 1065 4265 Germani
1085 4200 1227 4280 prodant,
1251 4200 1328 4280 qnod
1345 4218 1494 4278 nunquam
1510 4200 1538 4259 in
1553 4198 1640 4260 huius

322 4306 575 4386 ugerttismores
594 4307 711 4373 cadere,
722 4313 853 4384 putatum
877 4307 933 4366 est!
956 4303 1030 4375 Quid
1054 4303 1131 4364 aliud
1154 4304 1204 4362 fiet
1226 4303 1301 4361 eninr
1324 4302 1379 4361 isto
1398 4299 1519 4362 consilio
1541 4315 1707 4379 quamtus,

353 4407 378 4467 si
394 4409 521 4488 patirum
537 4408 602 4486 quis
616 4406 671 4468 sibi
687 4406 854 4468 membrum
876 4407 984 4467 adimat
1006 4425 1040 4467 ac
1061 4405 1195 4465 fictitium
1210 4402 1353 4481 reponat?
1376 4403 1544 4480 quasivero
1560 4403 1640 4481 prin·

354 4510 435 4586 cipes
458 4525 519 4587 mn
541 4508 649 4571 babeat
670 4510 842 4578 Germania,
873 4509 956 4586 quasi
984 4509 1084 4587 regius
1112 4504 1170 4565 boc
1197 4502 1297 4565 secuto
1325 4503 1396 4564 inibi
1418 4503 1536 4580 sanguis
1559 4502 1638 4563 uete-

420 4745 430 4778 ¹
450 4744 508 4812 qui]
529 4744 673 4812 Philippus
691 4761 748 4796 rex.
767 4744 909 4803 Φίλιππος
929 4738 1006 4809 ἔλεγε
1024 4746 1155 4807 κρεῖττον
1173 4734 1249 4791 εἶναι
1262 4736 1455 4804 στρατόπεδον
1468 4730 1583 4802 ἐλάφων
1595 4733 1638 4789 λέ-

351 4845 436 4889 οντος
448 4829 672 4897 στρατηγοῦντος
685 4818 705 4896 ἢ
717 4823 839 4881 λεόντων
852 4819 970 4893 ἐλάφου.
985 4827 1060 4878 Stob.
1069 4827 1164 4877 Floril.
1173 4826 1242 4876 LIV.
1250 4824 1291 4874 60.
1328 4825 1338 4855 θ
1350 4824 1519 4873 btoedos1.2.
1556 4822 1577 4854 ¹⁰
1588 4823 1636 4872 im-

351 4916 492 4980 pentorio
503 4915 639 4965 beneficio
652 4919 677 4965 4.
692 4913 724 4979 (t)
758 4914 780 4946 η
792 4914 888 4964 vivont
899 4929 967 4963 rorr.
973 4914 1003 4962 11.
1021 4913 1143 4961 victuros
1158 4915 1180 4960 1.
1189 4911 1213 4960 2'.
1248 4909 1270 4942 ³⁸
1283 4911 1342 4976 quis
1357 4913 1378 4963 1.
1385 4913 1409 4958 2.
1429 4909 1516 4980 siquis
1527 4924 1596 4958 cerr.
1606 4913 1636 4956 Η.

350 5005 436 5052 rect.
449 5002 563 5052 cedetne
574 5000 649 5050 dubio
662 5001 745 5049 detero
758 5002 919 5064 praecedente
938 4997 961 5046 si
1013 4994 1067 5026 Μ
1086 5010 1162 5049 vero,
1178 4995 1331 5060 Principes,
1352 4998 1376 5046 4.
1395 4994 1423 5056 (Ξ)

414 5085 548 5138 Ητττιιι
561 5085 628 5135 Orr.
641 5100 705 5136 ror..
719 5084 750 5135 V.
1274 5125 1276 5129 .
1396 5084 1416 5139 9
