4300 6059
515 679 588 751 236
625 707 847 746 cottutttmtvn
859 708 895 744 Μ
908 708 1022 745 'rvtto1ct
1037 708 1148 744 nurum
1163 707 1388 745 ΟΟΜΤῙΠΉΟΙΙ
1400 707 1437 744 ΔΙ)
1450 707 1664 745 fflilllblsslbffl
1675 708 1697 743 t.

515 871 580 946 quid
601 871 718 944 denique
741 876 794 924 tam
817 876 959 924 strenuum
980 868 1148 943 principibus
1171 867 1286 943 Europae
1308 868 1365 926 lere
1385 869 1596 925 dormitantibus
1615 877 1712 942 gentes
1728 868 1800 925 timi·

445 954 562 1022 §.sedes
584 963 612 1012 et
633 953 727 1011 infidas
749 961 848 1027 sponte
870 969 930 1009 sese
952 953 1080 1010 dedentes
1102 954 1128 1009 in
1151 952 1317 1010 deditionem
1338 970 1415 1011 suam
1436 953 1592 1027 redegisse?
1618 952 1639 1008 E
1660 955 1800 1011 contrario

512 1040 584 1098 rlres
607 1057 669 1096 suas
691 1038 815 1094 Maiestas
837 1047 927 1094 restra
949 1047 976 1095 et
999 1047 1161 1095 ceterorum
1183 1037 1335 1113 principum
1351 1038 1566 1095 Christianorum
1588 1039 1729 1101 examinet,
1753 1056 1801 1112 ge·

511 1124 689 1183 nerositatem
710 1132 739 1180 et
759 1123 909 1198 potentiam
932 1124 1101 1180 consideret:
1124 1124 1271 1197 numquid,
1294 1140 1354 1197 quaa
1376 1140 1463 1199 prope
1484 1124 1640 1180 innumeros
1656 1140 1742 1181 annos
1757 1141 1800 1180 se-

511 1210 662 1268 tentissime
682 1208 830 1267 Maiestatis
852 1217 947 1267 vestrm
968 1208 1121 1283 burgario,
1144 1208 1222 1282 regio
1244 1207 1469 1284 populosissima.
1493 1217 1581 1266 tamen
1603 1209 1691 1266 adbuc
1712 1209 1821 1270 rudis.⁵

511 1302 609 1353 contra
630 1296 780 1357 Romanos,
803 1293 877 1351 orbis
899 1294 1038 1357 dominos,
1061 1294 1209 1351 fortissime
1231 1294 1361 1369 pugnavit
1383 1294 1564 1369 ingentesque
1583 1293 1674 1352 clades
1689 1292 1743 1350 illis
1759 1294 1800 1351 in·

512 1379 590 1443 tulit,
613 1389 641 1437 et
662 1379 758 1436 deiude
780 1396 831 1454 pro
853 1378 1005 1436 Christiana
1026 1377 1078 1436 lide
1101 1379 1183 1436 toties
1205 1378 1353 1436 Saracenos
1373 1378 1533 1441 debellavit.
1562 1396 1634 1436 utine
1663 1379 1802 1436 lloreutis·

512 1464 580 1522 sima
601 1464 760 1538 artibusque
783 1463 945 1521 militaribus
967 1463 1088 1539 apprime
1112 1464 1257 1527 instructa,
1281 1465 1325 1522 cui
1348 1465 1546 1539 quodammodo
1569 1464 1643 1521 nulla
1658 1481 1725 1536 gens
1740 1463 1801 1521 nul·

511 1549 591 1625 quue
613 1549 736 1624 potentia
758 1549 887 1606 resistere
909 1557 1014 1623 potest.
1041 1558 1073 1605 ut
1094 1566 1127 1605 ex
1149 1548 1355 1623 gloriosissimis
1380 1546 1502 1607 victoriis
1531 1558 1669 1609 constare,
1684 1549 1799 1611 videtur.

511 1644 607 1694 eontra
627 1634 758 1691 vilissima
780 1633 911 1708 mancipia
933 1650 985 1709 pro
1007 1633 1158 1691 Christiana
1180 1633 1231 1691 fide
1258 1634 1360 1691 bellare
1387 1651 1443 1691 uon
1472 1634 1581 1691 audebit
1608 1644 1636 1692 et
1657 1651 1744 1709 usquc
1765 1636 1797 1691 ad
1811 1646 1834 1685 ¹⁰

444 1734 504 1785 §.an
515 1720 727 1778 internecionem
748 1719 881 1795 prosequi
902 1735 957 1775 nou
979 1719 1116 1794 patieturl
1142 1719 1230 1775 Furor
1257 1729 1300 1777 est
1326 1721 1450 1795 prolecto
1471 1720 1603 1777 deterreri
1631 1737 1647 1776 a
1676 1721 1800 1794 potentia

513 1805 676 1868 lurcorum.
700 1806 801 1880 quippe
822 1812 924 1879 praeter
946 1804 1144 1880 quinquaginta
1171 1803 1213 1861 rel
1240 1805 1379 1879 sexaginta
1401 1804 1484 1862 millia
1513 1806 1635 1880 equitum
1657 1813 1686 1862 et
1706 1804 1799 1862 decem

512 1889 596 1948 millia
617 1890 753 1966 peditum,
777 1907 837 1965 qum
859 1907 942 1964 supra
963 1888 1106 1947 retulimus
1127 1906 1188 1946 esse
1210 1889 1238 1945 in
1260 1890 1379 1946 eremite
1403 1892 1564 1953 Turcarum,
1587 1890 1721 1964 reliquum
1742 1888 1800 1948 rul-

512 1992 565 2051 gus
587 1975 660 2033 iners
682 1983 710 2032 et
732 1977 834 2032 inerme
856 1983 912 2038 est,
943 1992 975 2033 ac
994 1973 1069 2033 velut
1091 1992 1156 2050 grex
1178 1975 1310 2049 pecudum
1332 1975 1364 2030 ad
1387 1973 1493 2032 libitum
1521 1975 1642 2033 victoriis
1664 1975 1722 2031 siue
1743 1973 1799 2031 ulla

512 2078 605 2136 pugna
626 2060 687 2118 duci
710 2068 817 2135 potest:
846 2059 918 2134 quod
946 2076 1025 2116 secus
1054 2059 1082 2115 iu
1108 2059 1255 2135 provinciis
1277 2059 1492 2117 Christianorum
1513 2060 1663 2135 contingit:
1686 2077 1747 2116 nam
1770 2069 1834 2117 etto

512 2145 610 2220 vulgus
632 2145 713 2202 amnis
736 2144 906 2220 aptissimum
928 2152 1020 2201 estet
1042 2144 1073 2201 ad
1096 2144 1269 2219 pugnandum
1292 2145 1499 2201 ferocissimum.
1522 2146 1642 2219 Exurgat
1663 2162 1730 2219 ergo
1745 2144 1799 2201 lla·

512 2230 596 2287 iestas
618 2239 708 2287 vestra
729 2246 782 2286 nna
804 2246 865 2286 cum
886 2228 1058 2303 Principibus
1080 2228 1210 2303 Europe,
1238 2229 1285 2304 qni
1312 2247 1455 2287 commuue
1478 2230 1577 2287 bonum
1602 2238 1632 2287 et
1653 2229 1800 2287 utilitatem

512 2314 680 2376 desiderant.
708 2322 737 2372 et
764 2314 935 2390 praecedente
957 2314 1057 2371 Christi
1085 2331 1167 2372 cruce
1194 2332 1267 2372 arma
1296 2324 1393 2372 contra
1422 2316 1528 2372 hostem
1556 2316 1732 2373 senissimum
1755 2333 1801 2372 su·

513 2401 592 2457 mite:
615 2399 707 2463 fidem,
730 2401 862 2475 patriam,
885 2400 975 2475 leges.
1005 2397 1118 2475 templa.
1145 2417 1257 2464 uxores,
1286 2400 1388 2458 liberos
1417 2409 1598 2474 parentesque
1625 2401 1800 2458 charissimos

512 2483 662 2550 defendite,
685 2484 891 2561 iustissimoque
912 2483 984 2542 bello
1006 2484 1134 2542 auxilium
1156 2484 1274 2542 divinum
1296 2486 1372 2542 vobis
1395 2502 1448 2541 nou
1470 2486 1627 2543 defuturum
1649 2486 1756 2543 scitote.
1808 2505 1834 2544 ao
