4300 6059
499 702 535 737 EX
547 702 605 739 ῙΟΔ.
619 697 746 740 cocum
760 707 795 739 m:
808 705 889 739 ACTlS
902 706 936 739 ΕΤ
950 705 1075 740 scutum
1090 705 1211 740 nuruum
1226 706 1263 740 AD
1275 706 1301 740 A.
1316 707 1401 740 llDss.
1415 706 1511 742 hocve.
1578 677 1650 748 349

359 878 374 914 a
398 860 498 918 Graecis
519 840 636 937 imperio
652 865 772 922 Romano
795 881 845 938 per
859 864 912 920 llen
935 863 1063 921 dilectum
1079 863 1235 920 Pontificem
1251 864 1367 919 lnmnmr
1391 864 1440 925 lll..
1465 866 1510 938 qui
1526 864 1652 923 Carulum

363 956 546 1018 rngunmentn
569 947 695 1021 llagnum
717 949 851 1024 lmperiali
875 966 976 1005 corona
998 949 1107 1005 donavit
1129 947 1219 1005 llornae
1248 966 1318 1003 arrum
1340 968 1355 1003 a
1378 949 1477 1004 Christi
1500 949 1560 1006 lesu
1584 953 1652 1007 uati·

353 1032 444 1086 nitate
465 1030 585 1089 DCCCL
622 1035 784 1107 Priusquam
807 1051 871 1089 vern
896 1033 1060 1107 publicatam
1083 1034 1234 1106 accepisset
1256 1032 1358 1088 Bullam
1379 1032 1478 1089 Leonis
1499 1034 1529 1088 x.
1551 1034 1653 1092 buthe·

363 1132 426 1184 rus,
449 1116 565 1191 adeptus
589 1119 704 1174 occultis
726 1120 989 1193 Augustiuiauorum
1011 1119 1181 1192 quorundam
1204 1119 1319 1175 lratrum
1341 1136 1453 1174 suorum
1477 1119 1654 1176 machinatio·

336 1199 445 1256 ‘nibus
468 1219 483 1257 e
504 1201 630 1258 bohemia
651 1203 738 1259 libros
761 1204 893 1277 Wicleplri
916 1204 996 1276 Angli
1018 1213 1046 1259 et
1068 1203 1139 1258 lluss
1154 1202 1277 1265 bohemi,
1299 1202 1441 1259 rebellium
1464 1203 1654 1261 haereticorum

359 1293 387 1340 et
409 1284 536 1344 Romanae
558 1284 682 1345 Ecclesiae
705 1289 840 1350 lmstiuru,
864 1289 948 1344 multa
970 1306 1001 1344 en
1017 1289 1073 1344 illis
1096 1295 1236 1343 mutuatus
1258 1296 1314 1349 est,
1338 1304 1398 1360 quae
1421 1289 1454 1344 ad
1476 1288 1654 1345 rebellionem

360 1386 438 1425 suam
460 1370 598 1427 deservire
620 1371 788 1429 videbantur.
825 1373 914 1429 Edidit
937 1374 1022 1446 igitur
1044 1373 1144 1428 librum
1163 1380 1260 1429 contra
1275 1382 1380 1446 septem
1396 1382 1571 1436 sacramenta,
1595 1373 1654 1447 qui·
1690 1443 1692 1446 Ι

360 1452 413 1509 bus
435 1453 553 1511 Ecclesia
578 1456 665 1512 utitur
688 1457 714 1513 in
738 1458 867 1520 salutem,
890 1459 933 1514 cui
958 1458 1068 1514 titulum
1091 1457 1232 1531 inscripsit
1255 1456 1298 1510 ‘lle
1321 1457 1477 1530 captivitate
1492 1457 1655 1531 Bnbyluuica

360 1536 500 1602 Ecclesiae,
533 1541 692 1615 praeludium
715 1542 821 1598 Martini
845 1543 964 1598 liutheri
1063 1543 1166 1598 Adiecit
1188 1542 1305 1614 denique
1327 1559 1436 1598 carmen
1457 1542 1509 1600 linc
1532 1560 1654 1599 sacrum:

327 1628 355 1670 ¹⁰
566 1626 660 1682 llustis
682 1626 805 1682 Herodes
827 1628 921 1702 impie,
945 1627 1081 1684 Christum
1104 1627 1194 1682 venire
1217 1626 1282 1700 quid
1305 1627 1403 1682 tirnesi

651 1711 710 1766 Nou
733 1713 830 1786 arripit
851 1711 978 1769 mortalia
1001 1713 1046 1786 qui
1070 1730 1153 1784 regua
1177 1712 1222 1766 dal
1244 1711 1373 1768 cmlestia.

362 1794 478 1850 innuens
500 1806 551 1869 per
573 1796 625 1852 huc
646 1796 757 1859 lectori,
780 1797 928 1853 llnmanum
951 1796 1123 1859 Pontificem,
1149 1796 1247 1851 llerudi
1271 1795 1402 1859 similem,
1431 1807 1548 1872 propter
1570 1807 1656 1855 terre·

362 1878 427 1934 uum
450 1879 593 1954 imperium
624 1883 752 1955 persequi
779 1881 939 1944 haereticus,
968 1883 1049 1938 immo
1072 1879 1246 1953 Evangelium
1268 1880 1377 1935 Christi.
1422 1882 1561 1957 Reliquam
1591 1901 1655 1939 vern

363 1972 481 2035 partem,
505 1964 539 2020 de
561 1983 613 2039 qua
636 1966 671 2020 ibi
694 1966 829 2028 minatur,
852 1966 937 2022 edidit
959 1974 1070 2040 postea.
1095 1974 1190 2021 eontra
1214 1966 1387 2021 Ambrosium
1410 1966 1598 2029 Catlrnrinunr,
1622 1968 1657 2023 be

328 2038 470 2107 ¹⁵visin'ue
491 2049 623 2112 Danielis,
651 2052 677 2105 in
701 2068 753 2124 qua
775 2051 818 2107 llll
847 2051 929 2107 iacies
951 2051 1064 2107 Romani
1086 2050 1226 2106 Pontilicis
1254 2051 1291 2105 ita
1313 2051 1447 2123 appinxit,
1479 2060 1510 2107 ut
1532 2069 1582 2125 per
1610 2070 1658 2108 eas

364 2150 472 2193 omnem
494 2134 539 2191 bei
563 2135 590 2191 in
612 2134 731 2204 Ecclesia
753 2136 856 2192 cultum
886 2137 912 2191 iu
942 2136 1089 2192 ludibrium
1120 2141 1247 2190 verteret.
1291 2134 1473 2208 Posteaquam
1499 2153 1564 2192 vern
1593 2137 1659 2193 vidit

363 2222 465 2279 editam
486 2228 582 2278 contra
604 2220 690 2276 libros
712 2238 778 2276 suns
800 2220 899 2277 Leonis
921 2220 951 2276 x.
974 2221 1092 2280 bullam.
1117 2221 1189 2275 ¹aden
1218 2220 1318 2274 exarsit
1347 2236 1408 2275 mou
1431 2222 1485 2282 ira,
1515 2230 1545 2276 ut
1566 2223 1659 2278 couvi·

365 2305 450 2362 liaudi
471 2305 638 2361 immanitate
659 2306 746 2378 magis
769 2305 860 2361 furere
883 2323 962 2379 quam
986 2306 1106 2361 scribere
1129 2304 1273 2360 videretur.
1318 2305 1378 2360 Edi·
1429 2299 1658 2377 fillfflfflssgssfff

364 2391 405 2446 dit
433 2390 523 2465 primo
551 2390 687 2452 libellum,
716 2391 759 2446 cui
790 2389 897 2446 titulum
927 2390 998 2445 lrunr
1025 2388 1100 2444 dedit
1124 2389 1267 2443 ‘llilversus
1295 2390 1474 2446 cremabilem
1497 2390 1658 2447 Anticlrristi

327 2469 478 2532 ²⁰Bullam’
502 2517 610 2531 ......
