4300 6059
505 692 578 765 508
626 724 745 758 raanan
760 723 827 758 acu.
840 723 876 758 AD
889 722 1065 758 FRANCISCVM
1081 726 1099 760 l.
1114 724 1243 758 flvrruno
1258 723 1365 757 tartaro
1379 723 1466 757 rrum(
1480 723 1633 757 arctantes
1648 724 1786 758 LlTTBRAE.

502 899 569 941 ctera
586 883 716 955 predicti
738 880 827 953 Regis
848 881 960 939 domiai
979 898 1015 939 ac
1041 882 1131 940 einrici
1151 883 1245 939 nostri
1264 879 1428 940 Serenitate
1448 881 1560 941 stabitis
1577 867 1660 952 firmi
1680 898 1717 939 aa
1737 899 1788 940 so-

503 985 560 1042 ttae·
574 982 702 1056 satieris
723 989 751 1041 et
770 1001 871 1043 eoram
886 1001 943 1057 que
959 1000 1055 1058 supra
1069 985 1292 1041 memoravimus
1306 1000 1400 1041 cerusa
1422 991 1487 1042 rate
1509 994 1546 1043 ac
1564 986 1690 1054 tirmiter
1712 1000 1789 1042 eon-

503 1086 640 1143 ueaientli
659 1087 770 1158 (spereat
785 1093 813 1144 et
829 1062 1039 1160 eotleludeadi‚
1058 1104 1096 1145 ao
1112 1085 1214 1157 satiris
1232 1088 1359 1144 amicam
1376 1093 1405 1144 et
1421 1088 1587 1145 societatem
1605 1088 1722 1154 firmam
1737 1087 1789 1142 in-

463 1243 471 1257 ,
503 1195 547 1246 ter
568 1188 736 1262 predictam
759 1187 868 1260 Repeto
896 1188 1044 1246 danninum
1075 1197 1104 1247 et
1129 1191 1256 1247 amicum
1283 1195 1412 1247 nostram
1435 1189 1661 1263 Clarissimum,
1691 1196 1790 1245 nmero

502 1292 617 1348 nomiae
632 1291 791 1363 perpetrat
811 1307 848 1349 aa
868 1290 1093 1350 corroborandi.
1136 1290 1185 1348 Ita
1207 1296 1240 1350 at
1254 1298 1351 1349 nostro
1370 1293 1424 1349 trec
1438 1292 1554 1349 nomine
1568 1290 1669 1362 saciat
1681 1299 1712 1348 et
1727 1289 1812 1361 [ιι-5

502 1409 570 1451 cere
593 1394 693 1466 possit.
740 1392 810 1450 Cam
833 1394 974 1465 petronia
993 1396 1037 1451 sie
1058 1399 1157 1452 nostro
1174 1394 1290 1451 nomine
1311 1393 1350 1451 alr
1370 1395 1421 1452 ilto
1443 1409 1608 1462 assensum,
1629 1398 1790 1466 receptum,

501 1497 684 1565 conclusam,
712 1501 741 1553 et
761 1476 941 1569 Jrrorrrissam
960 1493 1072 1567 faerit,
1104 1496 1210 1553 uirtute
1235 1512 1272 1553 ae
1300 1495 1405 1554 robore
1426 1498 1606 1569 presentiam
1635 1497 1791 1552 literarum

503 1599 589 1671 (qaas
612 1596 754 1671 prefatas
783 1597 919 1656 l'lrielras
947 1598 985 1655 rte
1010 1596 1119 1655 Hatten
1149 1597 1204 1656 troo
1230 1613 1303 1656 easa
1332 1600 1414 1671 reaia
1436 1597 1597 1656 Serenitati
1621 1595 1726 1669 offeret
1753 1614 1792 1654 ae

501 1700 641 1773 ostenaet)
666 1707 777 1773 ratam,
804 1702 923 1771 firmium
950 1706 978 1756 et
999 1700 1202 1757 inconcussam
1230 1698 1388 1758 tenebimus
1413 1708 1441 1758 et
1466 1708 1564 1759 maere
1580 1701 1791 1774 promittimus.
1876 1756 1881 1765 ,

500 1800 670 1874 Dareusque
690 1802 749 1862 hae
769 1804 800 1861 ia
818 1818 852 1859 ro
870 1802 960 1872 fidem
981 1808 1112 1860 nostram
1134 1803 1215 1859 omni
1227 1803 1348 1875 penitas
1363 1803 1430 1860 dolo
1446 1811 1556 1860 remoto
1573 1804 1653 1861 omni
1672 1801 1788 1860 callida
1801 1814 1827 1854 ro

501 1918 539 1962 ac
561 1911 677 1962 aeruna
696 1906 868 1979 exceptione
889 1905 1007 1962 reiecta.
1053 1901 1138 1972 (laod
1154 1905 1181 1962 si
1196 1919 1256 1977 aaa
1276 1904 1424 1977 sepear'eto
1442 1911 1539 1963 riostro
1554 1903 1728 1961 Consiliario
1744 1902 1791 1960 tris

501 2008 533 2065 im
554 2010 676 2080 repotiis
699 2009 833 2066 alteriori
855 2005 1005 2079 facultate
1034 2021 1072 2064 aa
1096 1996 1238 2080 potestate
1262 2022 1335 2080 opus
1353 2005 1463 2077 faerit,
1492 2009 1591 2078 uicere
1607 2007 1789 2080 presentiam

500 2116 529 2168 et
549 2111 645 2185 ipsam
667 2111 862 2169 concedimus.
908 2107 946 2166 Ia
964 2109 1048 2167 cotos
1069 2108 1161 2166 rahier
1182 2124 1219 2166 ac
1238 2108 1342 2179 fidem,
1365 2111 1395 2166 ia
1418 2116 1499 2182 torpa
1517 2109 1698 2183 presentiam
1719 2108 1790 2165 lite-

500 2228 605 2270 rarum
625 2220 755 2270 nostram
777 2213 905 2285 sigillam
928 2212 1058 2284 imprimi
1076 2212 1221 2271 iussimus.
1266 2211 1327 2280 (lue
1349 2212 1418 2269 date
1438 2217 1506 2269 sarit
1519 2213 1549 2268 ia
1568 2210 1676 2284 oppido
1690 2218 1791 2267 austro

500 2313 658 2373 Steinheim
679 2316 759 2373 anisa
780 2313 818 2371 ab
838 2313 1052 2371 Iacaraatioae
1072 2311 1228 2370 Domiaiea
1247 2312 1405 2371 Miltesimo
1425 2314 1654 2386 compertissima
1676 2311 1790 2370 maimo
1802 2323 1827 2364 sa

500 2418 635 2492 septimo,
657 2416 829 2476 duodecimo
851 2414 1008 2472 Kalendas
1031 2412 1170 2472 Octobris.

519 2680 523 2687 '
570 2672 725 2721 Pretiosum
743 2669 795 2719 hcc
813 2669 1021 2718 instrumentum
1040 2669 1157 2717 Parisiis
1176 2673 1270 2718 extare
1289 2667 1408 2733 epistula
1426 2667 1461 2717 ad
1479 2684 1522 2718 me
1540 2667 1643 2735 scripta
1661 2669 1791 2721 doetissi-

502 2772 561 2808 mus
580 2755 709 2806 Stoelinus
728 2771 761 2806 cx
780 2753 999 2820 ephemeridibus
1019 2752 1162 2803 litterariis
1182 2752 1297 2803 Gallicis
1317 2752 1412 2814 (llenue
1431 2756 1476 2803 des
1494 2754 1565 2804 aeae
1581 2755 1691 2805 mondea
1713 2754 1790 2806 1854.

503 2843 524 2893 1.
538 2859 564 2908 p.
577 2839 648 2905 216.)
668 2842 785 2902 monuit;
804 2845 860 2888 tum
879 2840 966 2889 virum
985 2829 1079 2887 deme
1098 2843 1128 2886 ut
1147 2839 1179 2888 de
1198 2838 1291 2887 multis
1309 2853 1358 2902 per
1377 2839 1552 2888 Germaniam
1570 2839 1702 2890 litteratis
1720 2842 1790 2891 viris

502 2928 606 2994 optime
619 2928 745 2976 meritum
758 2924 885 2974 Carolum
898 2923 1079 2974 Benedictum
1091 2923 1216 2984 Hasium,
1230 2922 1415 2973 litteratorem
1427 2924 1664 2988 humanissimum,
1680 2926 1746 2987 adii,
1760 2932 1791 2975 ut

502 3013 569 3064 mihi
587 3012 735 3063 transcribi
754 3014 877 3070 curaret3
897 3008 1033 3073 cntempla
1045 3006 1182 3058 voluntati
1195 3024 1263 3057 mese
1276 3007 1469 3069 liberalissime
1482 3010 1552 3059 satis
1564 3010 1607 3071 iit3
1627 3013 1793 3061 transmitti-

501 3104 546 3150 tur
559 3099 762 3149 exactissimum
776 3094 963 3161 apographum
976 3093 1142 3154 documenti,
1162 3093 1233 3158 qirod
1247 3093 1281 3143 ad
1294 3094 1445 3143 Huttenum
1457 3100 1567 3161 spectet
1584 3097 1657 3146 sinici
1672 3097 1700 3145 in
1713 3097 1791 3146 ditis·

502 3183 728 3236 simoParisiensi
741 3181 863 3232 archivio
876 3179 1013 3245 imperiali
1026 3178 1175 3229 adservati.
1195 3178 1223 3228 id
1235 3194 1318 3244 cupra
1330 3193 1384 3228 non
1396 3179 1499 3229 minore
1514 3180 1649 3246 religione
1663 3187 1789 3247 repeten-

502 3269 564 3320 dum
584 3269 748 3318 curavimus.
784 3266 931 3316 Rubricam
950 3265 1034 3313 habet
1053 3263 1138 3312 hanc:
1167 3262 1238 3314 1517.
1257 3263 1311 3327 (20.
1325 3263 1408 3328 Sept.)
1428 3266 1540 3326 „Pleias
1554 3269 1675 3329 poacoirs
1693 3269 1791 3317 donnes·

502 3372 576 3420 „por
594 3353 685 3403 Athesi
704 3352 867 3417 Arrheuiqne
884 3353 916 3401 ele
935 3350 1062 3413 ellapenee
1081 3350 1096 3397 ri
1113 3365 1159 3398 soa
1181 3349 1319 3400 Conseiller
1339 3350 1424 3400 Ulrieh
1447 3352 1479 3398 de
1498 3352 1595 3400 llnttea
1611 3366 1678 3416 pour
1694 3356 1790 3401 troiter

503 3456 588 3501 „auec
606 3440 731 3501 Frnnpois
750 3439 786 3486 It*
806 3437 842 3500 (t.
855 3440 905 3486 995
918 3435 952 3485 a⁰.
968 3432 1035 3498 11)’'
1072 3434 1237 3500 Apographo
1256 3435 1321 3483 mihi
1341 3437 1501 3511 tpansmisso
1523 3436 1709 3502 subscriptum
1733 3442 1790 3486 cst:

504 3522 569 3587 „ba
586 3526 705 3588 presente
723 3525 873 3588 expedition
890 3523 1057 3572 collatiaaaee
1075 3527 1100 3569 et
1118 3524 1183 3569 cisia
1201 3537 1252 3584 por
1268 3523 1305 3569 lea
1323 3522 1393 3571 deux
1413 3521 1488 3582 Chasa
1506 3523 1538 3570 de
1550 3522 1654 3572 Section
1672 3523 1734 3572 dont
1752 3526 1790 3572 les

501 3612 671 3673 „signatores
688 3615 745 3659 aont
764 3613 896 3665 ri-eontre,
915 3614 940 3656 et
956 3623 1008 3670 par
1026 3622 1077 3655 enm
1095 3608 1196 3655 tronuie
1214 3607 1343 3668 conforme
1362 3607 1517 3670 riloript'nal
1528 3624 1559 3657 en
1571 3609 1716 3671 parchemin
1728 3624 1790 3657 acer

502 3731 519 3757 ‚‚
528 3700 613 3744 traces
626 3696 657 3744 de
675 3710 751 3745 sceau
769 3696 861 3758 piaqni
880 3708 911 3741 en
929 3697 982 3741 cire
1000 3698 1069 3740 uerte
1088 3707 1120 3740 aa
1133 3693 1223 3740 doado
1236 3694 1261 3740 la
1271 3693 1353 3755 pidre,
1373 3693 1415 3756 qni
1426 3698 1464 3741 est
1477 3693 1587 3756 dipoaie
1599 3710 1652 3742 ona
1665 3693 1790 3742 Archiam

502 3781 559 3840 „tle
577 3779 713 3843 tEmpire,
733 3779 807 3828 Serta
825 3780 842 3826 J
859 3783 949 3826 caston
968 3779 1023 3826 eote
1041 3780 1090 3825 995
1104 3777 1140 3824 n⁰.
1157 3779 1199 3831 ll.
1225 3794 1241 3824 a
1258 3779 1298 3825 tto
1321 3778 1430 3826 diliuree
1445 3794 1498 3840 par
1516 3794 1577 3827 nous
1598 3779 1788 3843 Direetenr-pr'·

502 3868 601 3928 „airal
617 3867 662 3914 aes·
680 3867 746 3913 dites
766 3863 900 3916 Anchises.
922 3879 992 3926 pour
1013 3864 1096 3910 sarcir
1119 3868 1143 3910 et
1166 3865 1247 3910 uaioir·
1269 3877 1298 3909 ee
1317 3878 1364 3927 que
1382 3863 1414 3911 de
1432 3866 1529 3912 raison.
1566 3862 1606 3911 En
1621 3863 1664 3925 soi
1680 3865 1712 3913 de
1731 3865 1793 3929 quoi
1885 3864 1893 3879 ⁸

503 3966 589 4012 „narra
607 3967 684 3999 ouans
701 3952 772 4016 mgni
790 3950 868 3998 indite
887 3950 1036 4012 cupiditiam
1054 3954 1079 3997 et
1096 3965 1113 4010 p
1132 3963 1209 3997 arone
1224 3947 1275 4008 soit
1294 3962 1407 4010 apposer
1418 3946 1453 3996 te
1464 3963 1540 3997 sceau
1558 3950 1603 3997 dea
1615 3948 1741 3998 Arrhiues
1758 3950 1790 3997 de

502 4035 659 4100 ‚‚I'Emptre.

572 4120 649 4179 „Fam
668 4120 684 4169 ἁ
702 4121 780 4169 Paria
797 4123 821 4169 la
839 4123 906 4184 oinpt
924 4119 976 4168 tersit
988 4118 1095 4180 jonoier
1113 4120 1178 4167 1991

1024 4205 1088 4265 „Le
1106 4205 1360 4267 Direetenr-pinernl
1376 4204 1422 4252 des
1440 4204 1563 4252 Archicea
1581 4203 1613 4251 de
1630 4200 1757 4266 t’Empire

1253 4289 1289 4337 θ’·
1328 4290 1360 4337 de
1377 4287 1531 4338 Laborde”.

570 4375 610 4425 Ad
629 4376 780 4440 marginem
799 4375 1014 4440 primiceriorum
1033 4373 1192 4423 testimonia
1209 4372 1243 4422 de
1261 4372 1314 4422 fide
1333 4372 1486 4437 apographi
1503 4372 1638 4437 leguntur.
