4300 6059
534 724 589 760 WI!
603 725 651 760 DI!
665 725 757 761 BAEPST
769 724 922 762 dunweard
937 728 1031 763 winus
1044 729 1093 762 Di!
1107 728 1272 764 TRUTSCHB'N
1285 729 1395 764 ΚΔΥΒΕΙ
1408 729 1532 764 GEWBfl'l'.
1605 699 1679 771 373

386 881 512 942 mnsam
531 877 715 965 3rftrrrqtlid)
739 881 821 941 niter
842 882 954 964 prurit)
971 884 1027 962 hott
1043 883 1142 965 testim
1157 863 1264 965 niqra.
1301 880 1528 964 tinniturum
1550 887 1606 961 lrpt
1628 891 1678 945 rut

384 980 478 1058 remit
498 983 643 1064 tumulltu
657 981 789 1062 pristinu,
808 987 836 1051 lt
851 979 900 1064 sti)
916 981 998 1057 titio
1014 982 1055 1044 tir
1070 986 1134 1044 neit
1150 984 1224 1045 eires
1239 982 1349 1062 [eliber
1363 980 1484 1073 ,sirum
1500 988 1599 1069 [truta
1622 988 1681 1068 frit,

384 1085 489 1163 mett
512 1073 560 1163 ju
576 1084 659 1162 huben
675 1087 735 1145 ater
748 1086 791 1144 tir
806 1082 879 1165 idpit
893 1084 942 1146 mit
958 1085 1044 1146 ciuem
1058 1087 1114 1167 unit
1127 1083 1291 1164 tittstlibru
1302 1087 1379 1167 [perro
1413 1085 1509 1136 decret
1521 1086 1608 1136 wider

382 1192 487 1261 terret,
506 1191 554 1246 tm
575 1187 616 1264 [qr
633 1186 694 1263 aad)
708 1184 817 1260 tamrrh
832 1186 863 1247 iu
878 1187 904 1246 it
917 1188 1038 1268 fltqnlid)
1053 1184 1134 1262 redit,
1161 1186 1256 1247 turim
1272 1205 1301 1247 rs
1315 1187 1376 1265 ard>

1412 1153 1515 1217 keyser
1523 1154 1679 1205 Friderich.

454 1371 463 1406 ¹
481 1372 628 1437 srinmqltn)
674 1370 703 1405 ¹·¹
721 1376 762 1436 tut
779 1369 871 1436 nitra
883 1370 976 1437 batim.
992 1373 997 1437 Ι
1012 1373 1081 1438 bitu
1096 1373 1120 1426 t.
1133 1371 1252 1438 etriberis>
1263 1373 1296 1438 itt
1308 1369 1341 1425 ui
1352 1372 1386 1425 tit
1399 1369 1435 1428 nri
1445 1323 1528 1438 senil
1546 1372 1606 1437 (om.
1619 1377 1679 1424 reli-

384 1461 449 1526 quia,
464 1454 1008 1526 adpocuoiemm.,triunitasiedturrtusl
1043 1458 1138 1524 sinitur
1174 1459 1263 1524 [utum
1298 1453 1677 1523 ”ttrrurirumbnttrbipst

385 1542 463 1609 tetro
474 1540 507 1607 ju
516 1539 577 1608 irru
589 1539 689 1606 ttrntru
702 1539 805 1604 irrotat
816 1549 864 1595 unt
877 1543 1012 1607 maurusia
1025 1544 1154 1608 ustorum
1167 1542 1277 1607 (omnm
1288 1543 1406 1610 reliquo)

385 1729 534 1796 Gregorius
551 1729 601 1779 IX.
613 1728 632 1792 †
644 1727 686 1780 21.
699 1727 769 1795 Aug.
783 1727 866 1789 1241„
886 1745 964 1795 quern
983 1735 1095 1782 secutus
1113 1735 1156 1781 est
1173 1730 1338 1782 Coelestiuus
1349 1731 1413 1782 1111„
1432 1731 1479 1796 qui
1497 1735 1591 1781 tamen
1608 1744 1678 1780 nou·

383 1815 448 1865 dum
467 1817 584 1880 accepta
602 1814 676 1864 tiara
693 1818 820 1864 mortuus
834 1819 876 1866 est
892 1821 956 1881 post
971 1831 1076 1880 paucas
1094 1814 1292 1878 hebdomadem
1307 1820 1409 1900 postea
1425 1817 1506 1867 sedes
1524 1815 1678 1882 apostolica

384 1900 508 1961 vacavit,
528 1898 616 1950 donec
633 1913 668 1949 m.
687 1899 767 1949 lunio
786 1914 811 1949 a.
827 1898 901 1951 1243.
920 1899 1079 1951 Sinibaldus
1096 1900 1206 1951 Fliscus
1230 1906 1371 1952 crearetur
1392 1902 1439 1968 qui
1462 1903 1491 1951 in
1513 1898 1677 1967 pontificatu

382 1984 541 2038 Innocentii
558 1982 621 2035 1111.
640 1998 740 2034 nomeu
758 1985 853 2049 gessit
921 1983 932 2016 ¹
949 1981 1067 2053 qrtqidtt]
1086 1985 1240 2052 „Princeps
1257 1991 1384 2036 strenuus
1408 1990 1482 2048 erat,
1504 1983 1676 2050 magnificus,

382 2068 524 2135 liberalis,
542 2067 689 2118 multarum
706 2066 862 2134 linguarum
880 2069 985 2134 peritus
1004 2084 1037 2119 ac
1055 2069 1136 2120 simul
1154 2070 1289 2121 eruditus:
1307 2071 1451 2132 Latinam,
1472 2070 1607 2131 Graecam,
1627 2068 1676 2119 Sa-

383 2154 553 2217 racenicam,
573 2151 710 2204 Gallicam
729 2157 757 2204 ct
776 2151 969 2204 Germanicam
986 2153 1109 2220 linguam
1127 2155 1229 2219 optime
1248 2155 1367 2207 callens:
1386 2155 1516 2221 quicquid
1535 2155 1608 2204 enim
1626 2154 1678 2203 otii

384 2243 484 2291 nactus
501 2226 607 2300 iuerat,
626 2236 654 2287 id
672 2236 787 2288 lectioni
805 2236 935 2288 librorum
953 2237 1150 2290 suffurabatur.
1179 2240 1279 2291 Libros
1296 2241 1396 2291 multos
1410 2257 1443 2289 ex
1456 2239 1553 2289 Graeco
1571 2244 1600 2291 ct
1612 2223 1677 2287 hra-
1723 2253 1727 2260 ·

384 2325 448 2376 bico
464 2324 583 2374 Latinos
601 2321 662 2372 lieri
680 2324 801 2385 curhvit,
826 2323 899 2372 inter
922 2337 989 2387 quos
1014 2327 1043 2372 et
1060 2321 1219 2374 Aristotelis
1242 2324 1382 2376 volumina
1406 2324 1518 2373 fuerunt
1541 2328 1569 2372 et
1591 2323 1678 2373 multa

384 2408 564 2460 medicorum.
600 2408 664 2473 Ipse
687 2406 810 2457 diversos
833 2405 919 2457 libros
943 2407 1110 2472 composuit,
1135 2412 1230 2473 utpotc
1254 2410 1287 2460 ‹le
1310 2416 1412 2459 natura
1435 2413 1463 2458 et
1486 2424 1553 2459 cura
1576 2409 1676 2458 avium.

384 2490 503 2560 Neapoli
513 2491 695 2542 'academiam
712 2490 832 2540 instituit
849 2490 941 2541 multis
953 2492 1109 2557 privilegiis
1121 2492 1243 2542 dotatam
1256 2497 1295 2543 ..''
1314 2493 1399 2543 δίνην.
1413 2478 1494 2558 Corp.
1506 2493 1571 2544 hist.
1586 2493 1678 2543 Germ.

385 2578 419 2629 de
431 2576 507 2628 Frid.
521 2576 559 2627 11.
571 2577 595 2638 ὅ.
609 2591 641 2626 11.
703 2571 734 2606 Μ
751 2575 825 2640 [ptem
840 2572 926 2641 tmtt]
945 2575 1005 2627 Non
1022 2577 1133 2641 proprie
1153 2577 1193 2625 sic
1212 2576 1317 2628 dictam
1335 2577 1459 2643 paleam,
1485 2576 1613 2627 Gratiani
1632 2577 1678 2628 de·

385 2667 462 2714 creto
481 2661 607 2712 adsutum
625 2661 728 2724 locum,
753 2659 826 2723 vult,
846 2660 895 2710 sed
913 2660 1068 2712 innocentii
1086 2661 1152 2710 Ilii.
1168 2677 1230 2727 cap.
1242 2661 1266 2710 2.
1281 2662 1310 2710 iu
1328 2661 1411 2711 Sento
1429 2661 1471 2711 De
1491 2662 1631 2721 sententia
1650 2666 1678 2710 et

385 2763 414 2799 re
432 2745 559 2797 iudicata
576 2745 614 2795 11.
629 2744 668 2795 ll.
683 2760 712 2794 a,
723 2744 796 2795 1245.
812 2746 948 2808 emissum,
968 2759 1021 2810 quo
1039 2749 1102 2809 post
1120 2732 1297 2794 memoratam
1316 2745 1490 2811 imperatoris
1510 2763 1526 2794 n
1545 2745 1679 2810 Gregorio

385 2833 433 2884 lx.
454 2831 559 2881 iactam
579 2829 891 2880 anathematizationem
908 2829 1143 2897 praedicatumque
1162 2829 1196 2879 de
1215 2845 1245 2879 se
1263 2828 1342 2895 pacis
1362 2845 1481 2880 amorem
1500 2846 1533 2879 ac
1551 2846 1678 2879 mensue-

385 2916 509 2968 tudiuem
524 2913 725 2980 lenitatemque
745 2914 803 2965 iere
822 2913 1013 2964 incredibilem
1030 2914 1210 2965 Innocentius
1228 2918 1278 2979 „ut
1296 2914 1331 2964 ad
1348 2917 1488 2979 presens·
1508 2915 1549 2964 ait
1566 2913 1621 2976 „dc
1635 2930 1679 2964 cc-

385 3001 453 3053 teris
471 3001 531 3051 eius
551 2994 697 3066 [Friderici
715 2995 764 3063 ll.]
782 2997 934 3049 sceleribus
953 3002 1104 3062 taceamus,
1125 3004 1241 3064 quatuor
1259 2999 1431 3067 gravissima,
1451 3015 1512 3065 qum
1529 2997 1607 3050 nulla
1618 3013 1679 3064 pos·

385 3091 449 3137 runt
464 3084 697 3152 tergiversatione
717 3082 812 3144 celari,
832 3084 982 3133 commisit:
1001 3083 1138 3134 deieravit
1155 3085 1228 3134 enim
1246 3081 1414 3147 multotiens,
1432 3099 1531 3150 pacem
1543 3083 1680 3148 quondam

383 3171 457 3220 inter
476 3167 625 3220 ecclesiam
644 3173 672 3218 et
685 3168 828 3232 imperium
840 3168 1018 3218 reformatam
1032 3173 1135 3218 temere
1147 3168 1290 3230 violando,
1308 3170 1479 3234 perpetravit
1492 3167 1678 3234 sacrilegium,

385 3255 449 3322 capi
469 3254 578 3305 iaciens
597 3251 760 3302 cardinales
779 3258 886 3303 sancte
903 3253 1033 3303 Romania
1053 3252 1183 3303 ec‘clesire
1202 3271 1243 3314 ...3
1262 3253 1295 3303 de
1313 3253 1414 3303 haeresi
1433 3245 1613 3319 quoque'non
1632 3253 1679 3302 du·

384 3341 440 3391 hiis
458 3343 488 3390 et
504 3337 625 3398 levibus,
644 3337 693 3387 sed
711 3335 872 3388 difficilibus
890 3342 918 3389 et
936 3338 1113 3388 evidentibus
1124 3338 1295 3403 argumentis
1306 3321 1451 3404 suspectus
1463 3337 1592 3400 habetur,
1611 3353 1680 3402 prae-

384 3429 428 3475 ter
444 3423 637 3487 hoecregnum
651 3421 766 3487 Sicilire,
776 3411 855 3487 'quod
874 3428 917 3473 est
933 3421 1057 3489 speciale
1076 3422 1269 3489 patrimonium
1286 3422 1363 3472 beati
1375 3423 1461 3486 Petri,
1482 3428 1509 3473 ct
1521 3423 1593 3473 idem
1606 3424 1680 3488 prin-

386 3525 453 3576 ceps
472 3507 508 3558 ab
527 3505 684 3573 apostolica
703 3506 768 3557 sede
786 3506 902 3556 tenebat
920 3508 948 3556 in
967 3507 1092 3570 seudum,
1116 3508 1171 3557 iam
1196 3506 1230 3556 ad
1248 3509 1357 3556 tautam
1374 3507 1403 3556 in
1422 3506 1534 3557 clericis
1553 3501 1581 3556 e't
1598 3506 1681 3556 laicis

386 3593 607 3645 exinanitionem
624 3590 839 3656 servitutemque
858 3590 980 3658 redegit,
1005 3591 1075 3658 quod
1094 3592 1134 3642 eis
1152 3606 1232 3656 paene
1251 3591 1361 3656 penitus
1379 3590 1450 3641 nihil
1468 3591 1640 3649 habentibus,
1654 3596 1682 3640 et

385 3678 513 3728 omnibus
532 3676 629 3726 exinde
648 3675 707 3725 fere
726 3676 820 3742 probis
839 3676 949 3737 clectis,
976 3675 1039 3727 illos
1063 3677 1109 3742 qui
1132 3679 1323 3726 remanserunt
1340 3675 1457 3738 ibidem,
1481 3675 1577 3726 servili
1602 3678 1682 3740 quasi

386 3762 552 3813 conditione.
571 3760 665 3812 vivere
690 3775 723 3810 ac
741 3759 893 3811 Romanam
917 3757 1081 3823 ecclesiam,
1106 3762 1184 3811 cuius
1206 3765 1271 3811 sunt
1292 3760 1419 3812 homiues
1441 3760 1636 3827 principaliter
1654 3765 1683 3810 et

385 3845 501 3909 vasalli,
526 3844 666 3896 offendere
689 3843 881 3911 multipliciter
904 3850 931 3894 et
953 3844 1094 3896 hostiliter
1111 3846 1273 3912 impugnare
1293 3844 1444 3911 compellit.
1479 3846 1578 3896 Posset
1596 3845 1682 3894 etiam

386 3933 487 3982 merito
505 3928 683 3995 reprehendi,
709 3929 778 3993 quod
796 3928 871 3978 mille
891 3929 1000 3994 quidem
1020 3929 1153 3979 sartorum
1173 3946 1292 3981 annuam
1311 3931 1485 3996 pensionem,
1509 3931 1538 3979 in
1561 3944 1615 3994 qua
1633 3945 1682 3994 pro

387 4016 483 4068 eodem
502 4028 588 4080 regno
605 4014 659 4079 ipsi
678 4013 806 4064 ecclesioe
825 4013 901 4063 Rom.
921 4019 1044 4076 tenetur,
1065 4030 1114 4080 per
1131 4015 1170 4064 IX
1190 4030 1276 4065 annos
1299 4014 1418 4080 amplius
1436 4013 1543 4065 solvere
1567 4019 1681 4079 praetcr-

386 4101 472 4151 misit.
506 4099 563 4150 Nos
581 4095 676 4164 itaque
750 4102 927 4149 memoratum
945 4098 1112 4165 principem,
1138 4100 1184 4166 qui
1206 4115 1236 4150 se
1259 4100 1375 4165 imperio
1399 4105 1427 4150 et
1445 4099 1538 4164 regnis
1556 4099 1682 4164 omnique

385 4185 490 4237 honore
510 4187 538 4234 et
556 4182 693 4248 dignitate
712 4183 831 4234 reddidit
846 4188 905 4233 tam
924 4183 1079 4249 indignum,
1099 4186 1200 4250 quique
1212 4189 1325 4250 propter
1337 4199 1402 4234 suas
1413 4184 1578 4249 iniquitates
1591 4200 1608 4235 a
1621 4183 1682 4244 (leo,

387 4286 422 4320 ne
439 4270 539 4336 re'gnet
556 4268 602 4320 vel
619 4268 745 4334 imperet,
765 4273 809 4318 est
826 4267 964 4329 abiectus,
989 4269 1046 4319 suis
1068 4271 1196 4335 peccatis
1214 4269 1330 4336 ligatum
1350 4272 1379 4320 et
1397 4268 1536 4319 abiectum
1555 4270 1682 4333 omnique

386 4354 491 4406 honore
510 4369 544 4403 ac
563 4353 700 4418 dignitate
718 4354 856 4419 privatum
875 4369 892 4402 a
910 4352 1020 4403 domino
1042 4353 1212 4405 ostendimus
1236 4353 1436 4404 denunciamus
1459 4361 1488 4403 et
1506 4352 1684 4402 nihilominus

387 4437 583 4490 sententiando
601 4438 748 4504 privamus,
767 4452 861 4488 omnes
880 4437 925 4503 qni
943 4439 970 4487 ci
988 4438 1142 4490 iuramento
1160 4436 1304 4488 fidelitatis
1321 4442 1452 4488 tenentur
1469 4430 1596 4488 adstricti
1614 4454 1631 4487 a
1644 4439 1684 4487 iu-

388 4526 514 4574 ramento
527 4522 682 4592 huiusmodi
694 4527 828 4589 perpetuo
841 4521 1027 4587 absolventes,
1047 4523 1215 4574 auctoritate
1229 4521 1383 4587 apostolica
1396 4522 1512 4573 firmiter
1523 4523 1683 4584 inhibendo,

388 4608 587 4673 nequisquam
605 4605 639 4658 de
657 4611 750 4658 cetero
768 4607 823 4657 sibi
841 4613 973 4671 tanquam
990 4607 1151 4676 imperatori
1168 4605 1214 4657 vel
1232 4608 1293 4673 regi
1310 4611 1409 4674 pareat
1426 4612 1455 4658 et
1473 4607 1611 4667 intendat,
1636 4607 1682 4657 de·

391 4690 530 4742 cernendo
548 4690 688 4756 quoslibet
706 4693 753 4758 qni
772 4693 798 4760 ei
816 4690 952 4758 deinceps
965 4692 1041 4743 velut
1058 4692 1220 4759 imperatori
1238 4691 1283 4743 vel
1301 4693 1362 4758 regi
1379 4691 1526 4743 consilium
1544 4691 1589 4742 vel
1608 4692 1684 4741 nuxi-

388 4774 454 4826 lium
471 4777 657 4840 prostiterint
673 4791 723 4827 seu
741 4776 873 4837 favorem,
893 4778 954 4843 ipso
972 4778 1048 4827 sacto
1063 4765 1357 4828 excommunicationis
1368 4777 1516 4828 sententias
1528 4776 1685 4828 subiacere.

390 4859 429 4910 illi
448 4864 543 4910 autem
562 4859 597 4909 ad
617 4875 684 4926 quos
703 4860 730 4910 in
749 4862 844 4910 eodem
863 4862 980 4926 imperio
1000 4863 1175 4927 imperatoris
1198 4866 1310 4929 spectat
1332 4860 1448 4924 electio,
1472 4860 1580 4928 eligant
1597 4861 1686 4912 libere

388 4932 577 4997 &recesseram
597 4942 647 4997 ...”
667 4944 709 4994 Gi.
729 4946 814 4994 etiam
826 4946 937 4997 Nicolai
948 4947 1000 4996 Ill;
1014 4962 1040 4996 a.
1055 4945 1129 4998 1278.
1149 4947 1241 4997 Romoe
1262 4947 1390 4997 emissum
1408 4962 1433 4997 c.
1448 4946 1488 4996 17.
1501 4947 1530 4996 in
1542 4945 1625 4996 Sexto
1643 4948 1686 4996 De

392 5029 531 5079 electione
551 5034 580 5079 et
599 5029 683 5079 electi
701 5032 840 5094 potestate
858 5031 880 5080 1.
894 5029 918 5080 b.
932 5030 1002 5080 med.
