4300 6059
553 715 677 749 uruntur
695 715 724 749 tn
744 715 836 750 unctu
854 714 1131 750 WIRTENPERGENSEM
1151 716 1251 750 ORATIO
1271 716 1315 750 111.
1334 715 1447 750 INEVNT.
1467 713 1493 748 Δ.
1507 708 1566 750 1517.
1651 686 1699 756 45

419 870 516 945 urgit,
539 866 651 930 cladem
674 869 817 939 minatur,
840 869 896 929 hoc
920 870 1061 929 iudicium
1081 871 1249 929 contemnit.
1291 868 1366 938 Ouid
1387 869 1493 931 loedius
1515 869 1573 930 dici
1595 873 1700 948 potest,
1712 887 1769 938 §.aa
1795 920 1801 934 .

418 970 488 1048 quid
511 969 568 1030 hac
581 971 698 1053 patria,
721 971 776 1030 boc
799 971 923 1049 imperio
944 973 1040 1031 minus
1062 971 1200 1048 dignum?
1223 970 1427 1032 Recordamini
1446 988 1543 1049 quaeso
1560 972 1630 1049 quid
1649 988 1703 1032 nu·

418 1090 472 1150 per
492 1074 661 1144 senseritiS,
683 1090 760 1151 pene
783 1074 869 1136 etiam
893 1072 1096 1142 decreveritis,
1120 1092 1178 1151 quo
1207 1072 1337 1140 fremitu,
1367 1091 1422 1151 qua
1445 1070 1561 1150 publica
1584 1091 1704 1133 execra-

419 1175 497 1234 tione
520 1164 741 1243 damnaveritis;
772 1181 802 1236 et
827 1182 928 1251 contra
956 1192 1020 1254 quae
1041 1176 1079 1233 sit
1100 1174 1188 1277 huiqs
1210 1175 1305 1235 torma
1333 1173 1432 1233 iudicii
1455 1174 1630 1252 perspicite:
1655 1183 1705 1235 aut

395 1292 481 1335 onon
497 1278 535 1336 tta
556 1276 687 1337 indicare
703 1295 754 1337 ros
777 1277 889 1348 decuit,
908 1284 958 1336 aut
974 1295 1041 1337 cum
1054 1276 1198 1336 iudicatis
1216 1277 1390 1337 sententiam
1409 1276 1566 1335 convenire
1583 1294 1704 1337 necesse

420 1389 493 1439 erat
531 1380 626 1451 Quam
649 1378 775 1439 alienum
798 1386 843 1439 est
864 1379 943 1438 enim
961 1396 977 1438 a
996 1377 1094 1447 robis,
1118 1378 1210 1438 idest
1230 1378 1435 1439 aGermanica
1452 1375 1500 1437 illa
1521 1377 1701 1447 tortitudine,
1712 1402 1773 1453 tlt.

420 1499 509 1558 quam
539 1479 602 1542 lere
631 1487 660 1541 et
688 1490 856 1548 externum,
885 1481 964 1557 quod
992 1481 1142 1541 senseritis
1169 1499 1227 1539 non
1254 1479 1374 1547 efferre,
1402 1478 1524 1539 alieuius
1547 1481 1705 1556 potentiana

419 1582 545 1642 dicendo
564 1584 609 1642 ius
632 1585 741 1652 vereri,
765 1582 887 1643 alicuius
910 1590 1024 1643 terrore
1046 1601 1061 1642 a
1084 1584 1198 1643 virtutis
1216 1581 1311 1641 studio
1330 1581 1451 1649 abdnci;
1475 1581 1585 1658 dequo
1604 1600 1706 1644 omnes

420 1686 588 1746 necessario
611 1686 654 1745 sic
676 1684 850 1751 iudicatum,
873 1691 906 1744 ut
927 1693 1004 1752 erat,
1028 1692 1220 1763 putaverunt,
1250 1701 1318 1743 eum
1339 1685 1381 1744 sic
1399 1683 1519 1750 dimitti,
1546 1684 1590 1743 sio
1612 1685 1706 1762 impu·

386 1788 544 1848 unitatem
567 1789 728 1864 consequi?
762 1786 860 1846 Nostri
880 1788 1006 1847 maiores
1039 1786 1105 1864 [iarn
1125 1786 1203 1845 enim
1224 1784 1312 1844 altius
1335 1783 1396 1843 lnce
1418 1785 1529 1862 repeto)
1559 1804 1626 1845 cum
1653 1804 1704 1846 sua
1715 1803 1773 1853 ero.

420 1888 576 1965 indignum
595 1887 732 1949 libertate
757 1888 934 1949 iudicassent
956 1888 1157 1948 Romanorum
1176 1889 1273 1964 virgas
1295 1905 1328 1946 ac
1343 1869 1555 1957 securesinter
1569 1887 1705 1948 Rhenum

419 1997 450 2051 et
475 1989 740 2067 attineamini,
772 1988 810 2050 ob
840 1989 926 2068 idque
955 1991 1189 2069 potentissimum
1216 1997 1285 2048 tnnc
1311 1989 1488 2057 exercitum,
1523 1989 1710 2067 iniquissime

420 2099 568 2170 tempore,
592 2093 724 2151 omnium
743 2092 845 2168 inopes
866 2093 996 2169 aggressi
1013 2092 1049 2151 au
1065 2093 1283 2151 internitionem
1303 2110 1394 2169 usque
1418 2091 1622 2160 concidissent,
1646 2091 1705 2153 cla·

420 2195 568 2254 rissimurn
590 2201 689 2254 tamen
711 2190 832 2262 ducem,
855 2194 1046 2254 fortissimum
1066 2195 1275 2271 imperatorem
1298 2194 1475 2261 Arminium,
1505 2195 1589 2253 cuius
1614 2194 1704 2254 ductu
1741 2216 1748 2231 ·
1795 2224 1799 2231 ·

343 2286 348 2294 ’
387 2303 449 2356 net
474 2297 613 2373 auspiciis
641 2314 705 2376 rem
733 2303 844 2356 tantam
873 2302 1038 2373 gesserant,
1073 2313 1161 2373 quem
1189 2294 1332 2356 libertatis
1365 2314 1426 2356 suae
1454 2303 1705 2373 recuperatorem,

419 2399 586 2456 eommunis
608 2396 710 2457 salutis
730 2379 1185 2477 propugnatoremluebantur,
1207 2384 1331 2474 regnum
1351 2398 1534 2457 affectantem
1554 2416 1612 2457 non
1631 2397 1705 2458 tulb-

419 2506 499 2560 runt.
542 2517 607 2577 quae
626 2518 693 2559 curn
717 2499 761 2559 his
783 2498 966 2579 temporibus
986 2518 1074 2578 quarn
1098 2518 1156 2559 non
1177 2501 1363 2568 conveniant,
1385 2499 1479 2560 ridete
1498 2518 1566 2560 oro:
1591 2499 1631 2560 illi
1653 2519 1790 2569 enen.⁴

419 2610 536 2661 ternum
557 2600 665 2661 malum
688 2603 778 2661 armis
801 2602 978 2681 expiandum
1002 2608 1191 2680 putaverunt,
1229 2620 1277 2661 ros
1299 2610 1399 2661 natum
1421 2621 1437 2661 e
1460 2610 1556 2662 restro
1578 2621 1704 2681 corpore

418 2702 517 2762 scelus
545 2721 604 2763 non
635 2703 786 2764 eradicatis
798 2685 807 2772 ;Ι
837 2702 880 2764 illi
908 2703 1101 2763 clarissimum
1130 2706 1223 2763 virum
1250 2712 1300 2763 aut
1327 2703 1464 2773 heroem,
1497 2706 1585 2765 immo
1617 2706 1705 2766 deum

383 2825 409 2863 ao
420 2807 519 2884 potius
540 2824 556 2865 a
577 2823 669 2883 regno
695 2805 855 2867 arcendum
879 2806 1039 2874 duxerunt,
1061 2825 1113 2866 vos
1136 2807 1215 2864 omni
1235 2805 1372 2882 spurcitia
1394 2808 1590 2866 contaminato
1613 2807 1705 2868 nebu-

419 2906 482 2966 loni
504 2907 540 2967 ad
562 2908 745 2986 tyrannidem
767 2909 877 2968 aditum
898 2908 1066 2984 aperuistis:
1091 2926 1156 2986 quae
1179 2906 1301 2967 illitam
1323 2907 1474 2986 praeclaris
1495 2909 1585 2969 rebus
1607 2911 1704 2987 gestis,

418 3008 465 3070 his
487 3011 615 3087 acceptis
638 3008 803 3079 beneficiis,
826 3012 870 3071 sic
893 3009 929 3070 de
951 3029 983 3070 se
1006 3012 1112 3070 merito
1134 3010 1260 3087 principi
1280 3009 1445 3070 concedere
1460 3009 1705 3078 noluerunt-nos

419 3113 447 3172 ei
469 3131 486 3172 a
509 3130 567 3190 quo
591 3113 669 3171 omni
696 3113 896 3190 turpitudine,
928 3114 1007 3172 omni
1032 3113 1177 3174 dedecore
1204 3110 1408 3172 commaculati
1437 3113 1521 3181 estis,
1551 3111 1626 3172 ultro
1649 3112 1704 3191 ipsi

419 3214 542 3274 otlertis.
574 3212 649 3285 Quid
672 3215 750 3274 enim
773 3232 833 3274 non
855 3222 1008 3292 acceptum
1024 3213 1106 3274 robis
1126 3214 1215 3282 leret,
1239 3231 1336 3290 quern,
1353 3215 1409 3272 nisi
1423 3214 1465 3273 sic
1479 3215 1580 3274 timide
1597 3221 1703 3289 tracta·
1713 3235 1773 3285 err.

382 3317 506 3385 oretis,
528 3316 646 3402 restitui
662 3323 724 3374 non
747 3323 862 3394 posset;
884 3318 934 3394 qui
957 3335 1008 3376 sua
1026 3316 1201 3376 conscientia
1224 3316 1391 3385 (insatiatus,
1414 3325 1509 3376 restra
1524 3317 1635 3377 desidia
1655 3318 1705 3378 ab·

417 3416 557 3485 solvitur,
586 3436 673 3495 quem
707 3425 788 3478 tanto
811 3418 925 3478 silentio
951 3420 983 3478 in
1005 3418 1102 3496 legum
1129 3437 1162 3479 ac
1187 3419 1258 3479 iuris
1286 3419 1466 3479 nuntimenta
1488 3420 1604 3479 irruere
1628 3422 1706 3497 passi

416 3520 510 3580 estisl
529 3505 692 3580 Praestabat
713 3530 864 3581 externam
890 3520 1016 3599 aliquam
1037 3522 1241 3599 indignitatem
1269 3521 1362 3581 terre:
1392 3527 1471 3580 certe
1499 3522 1576 3580 enim
1598 3530 1706 3599 praeter

417 3623 565 3701 pudorem
587 3621 623 3685 ad
645 3640 699 3682 nos
720 3622 793 3683 nihil
814 3625 1019 3701 pertinuisset:
1040 3623 1097 3684 hoc
1119 3623 1216 3685 scelus
1238 3631 1268 3683 ct
1289 3624 1444 3700 genuimus
1465 3623 1534 3700 ipsi,
1558 3629 1587 3682 et
1606 3633 1704 3685 nostra

417 3722 520 3803 culpa,
543 3731 644 3784 nostra
665 3725 784 3786 inlamia
806 3727 835 3785 in
858 3744 1044 3786 communem
1070 3727 1233 3805 perniciem
1255 3725 1368 3786 alimus
1407 3724 1480 3795 Quid
1504 3731 1595 3784 restat
1617 3727 1705 3801 igitur
1715 3745 1773 3795 §.aa

383 3827 478 3887 conisi
496 3834 528 3885 ut
553 3828 718 3888 Germaniae
736 3844 791 3888 nos
812 3829 966 3907 poeniteat,
997 3846 1049 3887 sua
1078 3830 1131 3888 iste
1161 3828 1296 3897 audacia,
1323 3847 1376 3888 suo
1406 3827 1517 3888 scelere
1545 3827 1706 3906 triumphet

420 3929 524 4007 quiin
546 3911 626 3988 tanto
649 3927 797 4007 periculo,
829 3938 887 3990 tam
908 3930 1024 4005 cognito
1048 3947 1101 3989 suo
1122 3929 1280 3998 maleficio,
1309 3927 1355 3989 his
1380 3929 1605 3988 fortissimorum
1620 3930 1705 4001 ⁸viro·

418 4048 486 4090 runa
509 4029 624 4091 iudiciis
641 4021 853 4092 circumclusus
871 4050 937 4092 cum
953 4030 1065 4091 nullum
1084 4033 1149 4092 iure
1168 4040 1218 4092 aut
1234 4032 1346 4092 ratione
1363 4033 1472 4091 exitum
1493 4033 1627 4099 inveniat,
1644 4032 1704 4093 sola

420 4118 559 4211 potentiae
580 4151 641 4191 suar
662 4132 767 4193 fiducia
786 4133 1037 4211 rehgiosissirnum
1059 4134 1116 4194 hoc
1146 4131 1302 4194 concilium
1330 4135 1514 4211 perfringere
1539 4136 1705 4204 meditatur,

418 4234 494 4294 adeo
514 4236 610 4295 omnia
632 4237 808 4304 conteninit,
833 4236 906 4296 adeo
932 4238 1061 4296 omnium
1085 4235 1290 4296 authoritatem
1314 4236 1481 4314 despectam
1501 4235 1602 4305 hahet,
1632 4236 1706 4297 adeo

383 4352 481 4396 arnon
500 4354 565 4397 esse
587 4334 681 4397 bonos
701 4337 732 4395 in
757 4338 912 4398 Germania
935 4340 1011 4400 viros
1032 4348 1129 4416 putat,
1153 4344 1185 4396 ut
1206 4356 1323 4398 omnem
1336 4321 1435 4398 'semel
1455 4340 1621 4415 aequitatem
1636 4357 1705 4418 pro·

418 4438 565 4516 lligatam,
588 4457 704 4514 omnem
726 4440 799 4500 iuris
817 4458 851 4499 ac
870 4441 1044 4502 iudiciorum
1066 4441 1210 4500 rationem
1232 4442 1389 4500 extinctam
1411 4440 1590 4502 arbitretur?
1611 4441 1705 4519 Atque
1716 4458 1774 4509 §.aa

418 4526 484 4601 baeo
499 4540 617 4619 quando
636 4542 712 4618 agit?
733 4558 840 4619 nempe
860 4552 1003 4603 conventu
1022 4542 1079 4603 hoc
1095 4540 1303 4608 celeberrimo,
1328 4542 1493 4619 inquirente
1509 4543 1705 4605 Maximiliano

420 4642 551 4711 Caesare,
574 4660 661 4719 quern
682 4641 803 4721 publico
825 4645 952 4722 primum
974 4644 1134 4715 maleficio,
1157 4645 1267 4723 privata
1291 4643 1396 4705 deinde
1419 4645 1592 4706 contumelia
1615 4648 1705 4708 ollon-

487 4862 498 4894 ⁶
517 4863 656 4913 Germana
673 4880 740 4915 corr.
757 4871 785 4915 Η.
821 4862 831 4896 ²
850 4866 946 4916 efferre
966 4882 1057 4918 omnes.
1076 4868 1124 4915 sert
1139 4869 1259 4930 seriptum
1274 4868 1356 4930 scierit
1374 4867 1462 4916 ellari.
1498 4867 1509 4902 ⁸
1527 4868 1671 4920 ,Alicuius
1682 4873 1705 4923 1,

421 4946 617 4998 altecomus
671 4947 691 4980 ¹³
710 4950 836 4999 internic.
850 4954 875 4999 2.
928 4948 1199 5001 ¹³⁸¹⁴.Clnr.onmes.
1253 4951 1273 4982 ¹³
1292 4960 1319 5002 et
1337 4933 1404 5003 coln.
1419 4958 1447 5002 11.
1468 4969 1501 5001 ae
1515 4956 1538 5000 1.
1587 4952 1607 4984 ¹⁰
1626 4956 1706 5003 immo

420 5030 503 5082 deum
519 5033 642 5083 delenit.
695 5032 717 5066 ³²
736 5035 923 5086 oirounolueas
936 5037 959 5084 1.
971 5037 1019 5085 red
1035 5051 1105 5085 corr.
1118 5039 1147 5084 Η.
1188 5034 1626 5101 ³²&priveta1.sed11.aeteteott
1646 5046 1673 5088 et
