4300 6059
531 698 553 740 2.
565 688 744 740 amoenante
757 703 794 739 tn
807 702 954 738 l’BlllOlPliB
968 703 1002 738 titt
1016 702 1044 738 itt
1058 700 1540 748 DECIH.PBAESTATAEONSENJIANTA·
1549 695 1607 742 titt.
1640 671 1706 743 171

427 866 545 939 fatigare
566 862 748 922 Christianum
770 869 798 920 et
820 861 896 925 novis
919 878 1033 933 onerare
1060 861 1212 934 (nedicunt
1242 861 1408 937 exenterare)
1441 862 1563 936 quotidie
1592 862 1711 925 tributis,

428 957 458 1008 et
479 944 619 1006 excoriati-e
639 963 783 1022 pauperes.
826 947 956 1025 Provenit
970 946 1099 1005 nonime
1121 964 1154 1005 ex
1176 964 1224 1004 sua
1247 955 1320 1003 terra
1343 946 1456 1021 vectigal
1485 957 1614 1022 quantum
1645 946 1779 1004 nullittt.

429 1051 526 1108 regum
548 1033 778 1112 Christianorum,
807 1039 836 1088 et
857 1041 947 1089 tamen
968 1030 1051 1107 pallia
1072 1032 1200 1095 emimus,
1225 1039 1258 1088 -et
1285 1040 1374 1089 minen
1396 1034 1488 1090 asinos
1509 1049 1576 1090 auro
1599 1041 1714 1111 onustes

427 1120 541 1178 nonan
559 1116 708 1182 mittimus,
731 1117 853 1193 patibula
874 1117 974 1175 Christi
1000 1117 1144 1193 erigimus,
1172 1134 1284 1174 munera
1311 1117 1509 1192 promittimus,
1541 1135 1636 1174 aurum
1662 1130 1713 1193 pro

405 1203 545 1280 tplumho
566 1211 716 1268 mutamus,
738 1201 921 1277 negligentias
944 1202 1029 1275 (hem,
1051 1201 1145 1277 lapsus
1167 1220 1226 1259 som
1247 1199 1360 1275 calamo)
1383 1201 1566 1276 indulgentias
1593 1204 1713 1277 undique

428 1289 607 1347 admittimus.
637 1288 672 1346 ¹0
700 1287 839 1346 avaritiam
865 1286 1024 1349 immensam
1053 1295 1189 1346 carentem
1218 1287 1316 1351 tundo,
1344 1304 1439 1344 cantum
1467 1287 1712 1362 impurissimorum

427 1373 609 1433 nescientium
631 1373 819 1437 saturitatem.
843 1381 874 1429 ut
895 1380 938 1429 est
959 1373 1032 1449 apud
1053 1373 1225 1449 prophetam.
1268 1362 1385 1429 handum
1413 1382 1487 1431 certe
1514 1381 1595 1448 puto,
1624 1379 1781 1430 emeret-tt.

428 1457 512 1534 pallia
534 1467 657 1518 sanetum
678 1459 762 1521 duco,
791 1457 872 1518 modo
894 1456 922 1513 id
951 1457 1039 1532 prosit
1066 1466 1113 1515 aut
1140 1458 1235 1531 pietati
1264 1466 1310 1514 aut
1338 1457 1423 1514 crateae
1450 1457 1483 1513 ad
1505 1459 1714 1516 conservandam

428 1562 601 1609 communem
623 1542 787 1608 utilitatema
810 1542 857 1605 sed
878 1559 939 1600 eum
963 1550 1100 1617 utrunque
1122 1542 1219 1600 horum
1242 1551 1285 1599 tot
1307 1541 1468 1601 saeculorum
1492 1544 1657 1617 experientia
1671 1561 1717 1600 re-

394 1630 515 1692 ttlutet.
542 1636 572 1686 et
592 1627 683 1704 'pallia
709 1636 824 1686 tantum·
841 1627 981 1686 extiterint
1008 1627 1133 1685 simulata
1161 1629 1340 1686 instrumenta
1366 1627 1557 1702 perditissimae
1586 1629 1713 1693 avaritiae,

428 1713 737 1789 onesimumque,
759 1714 856 1772 iustam
879 1730 987 1771 causam
1009 1713 1088 1770 dandi
1110 1714 1234 1788 proterat
1254 1713 1283 1769 in
1304 1713 1431 1769 medium.
1467 1712 1509 1771 uel
1532 1715 1626 1771 timeat
1643 1714 1714 1771 Pon·

405 1797 512 1879 'tiliois
533 1798 640 1857 fulmen
657 1798 762 1874 prohus
784 1799 929 1874 episcopus
951 1797 1065 1872 aliquis,
1093 1799 1239 1857 concordia
1266 1798 1382 1855 fratrum
1404 1815 1526 1873 puraque
1548 1799 1715 1857 conscientia

428 1883 546 1949 electus,
569 1883 616 1941 sed
639 1901 771 1958 respuens
793 1882 887 1940 multis
909 1883 1007 1940 modiis
1029 1900 1175 1940 aureorum
1196 1900 1286 1940 emere
1300 1884 1448 1940 Romanum
1470 1886 1631 1941 centonem?
1649 1884 1780 1964 'Norittt

430 1968 512 2027 faciet
533 1976 611 2044 puto.
648 1986 703 2026 non
725 1967 825 2044 prohat
845 1966 944 2026 Paulos
967 1966 1110 2043 apostolus
1128 1968 1179 2042 vqui
1202 1959 1252 2025 nos
1274 1969 1418 2030 devorant,
1442 1968 1488 2041 qui
1510 1986 1560 2027 nos
1575 1968 1713 2033 infaciem

398 2053 553 2117 meandum,
575 2053 623 2128 qui
645 2068 696 2134 nos
716 2053 745 2110 in
766 2053 923 2111 servitutem
945 2054 1089 2128 redigunt,
1104 2054 1330 2128 -quanrtoqutrten
1351 2056 1407 2109 non
1428 2051 1606 2111 Christianam
1627 2053 1714 2113 etnix'-
1735 2052 1737 2056 ’

429 2147 514 2196 tatem
536 2139 584 2196 sed
605 2154 709 2197 meram
729 2138 898 2214 tyrannidem
922 2138 962 2195 illi
983 2155 1041 2214 prae
1064 2155 1093 2195 se
1115 2138 1222 2203 lesentg
1250 2139 1319 2195 loris
1347 2137 1421 2208 laeto
1449 2138 1512 2196 fuco
1541 2140 1570 2196 in
1597 2137 1714 2213 pellihus
1751 2142 1754 2147 '

429 2224 519 2281 ovinis
540 2224 616 2281 intus
642 2220 862 2303 luposgrspsees
881 2231 982 2297 agunt.
1026 2223 1142 2281 Tantum
1169 2212 1261 2287 ahestJ
1288 2224 1318 2281 tt.
1341 2223 1506 2292 uenerande,
1533 2212 1715 2303 quodsrssmlim

428 2308 529 2366 Christi
552 2302 682 2403 vicat'ggm
698 2308 829 2368 'conviciis
852 2306 1042 2384 proscindere,
1066 2316 1097 2365 ut
1118 2308 1184 2365 mihi
1206 2309 1288 2366 etiam
1309 2308 1356 2365 ille
1378 2325 1483 2366 sommo
1505 2307 1533 2365 in
1548 2296 1715 2369 honor‘elna-

428 2394 534 2451 hendus
556 2393 702 2472 sitquem.
715 2401 897 2470 conspurcata
918 2393 1046 2468 suffragia
1068 2402 1241 2455 creaverunt.
1263 2394 1297 2450 de
1319 2411 1374 2468 quo
1396 2393 1480 2450 iocari
1502 2394 1602 2468 possis,

396 2486 424 2528 ²⁰
623 2515 625 2519 ι
758 2478 880 2549 Vendere
901 2479 961 2536 iure
983 2485 1089 2554 potest,
1111 2487 1213 2535 emerat
1234 2478 1280 2534 ille
1303 2478 1386 2553 prius.
1695 2531 1697 2534 ,

422 2563 495 2621 ttiti
516 2564 606 2621 iustus
628 2563 709 2622 dolor
737 2563 792 2623 est
807 2563 843 2622 oh
870 2563 1001 2622 nefariam
1028 2563 1166 2624 avaritiam
1190 2570 1277 2621 totum
1300 2564 1428 2621 mundum
1456 2563 1507 2620 suh
1535 2564 1629 2623 umbra
1652 2565 1783 2622 reti-tit·
1825 2616 1829 2623 f

383 2675 398 2705 ο
428 2648 520 2723 monis
542 2648 889 2727 pollutum..(iltristumque
911 2667 972 2708 cum
994 2649 1139 2724 ipsisaaris
1160 2656 1367 2725 proponentem.
1404 2666 1484 2723 qoem
1499 2658 1529 2706 tu
1544 2649 1609 2707 mihi
1624 2650 1713 2708 locum

428 2735 603 2808 quantumvis
625 2735 771 2793 obscurum
787 2734 839 2795 illa
859 2735 1023 2809 contagione
1045 2752 1101 2792 non
1122 2735 1333 2799 contaminatum
1356 2735 1501 2791 ostendes?
1530 2753 1590 2809 qnae
1618 2754 1714 2811 respn-

428 2818 502 2877 hlica
524 2837 580 2877 non
602 2819 688 2878 multa
710 2821 823 2887 amisitl.
840 2820 915 2896 quis
924 2821 1052 2895 princeps
1074 2820 1117 2876 ius
1138 2820 1239 2877 avitum
1260 2827 1350 2877 servat
1372 2818 1527 2893 integrum?
1551 2838 1611 2895 quae
1627 2839 1716 2878 secer-

396 2910 423 2950 ²⁵
431 2905 528 2962 dotum
548 2903 664 2979 collegia
687 2923 743 2983 eon
756 2913 821 2973 sunt
834 2898 1032 2980 contaminata?
1055 2905 1116 2981 quis
1131 2903 1264 2979 pessimos
1279 2921 1381 2966 mores;
1404 2921 1503 2961 nomen
1518 2905 1589 2979 apud
1605 2913 1715 2963 nostros

429 2989 547 3046 maiores
570 2989 785 3054 abhorrendum,
809 2990 960 3048 introduxit
982 2991 1010 3045 in
1032 2968 1201 3047 Gelmanihi
1229 2998 1257 3046 et
1303 3006 1346 3046 uae
1367 2990 1483 3048 honeste
1505 2990 1638 3046 nominari
1660 3009 1715 3047 non

429 3081 549 3148 possunt
569 3075 680 3133 docuit?
703 3076 750 3168 (ψ’
772 3076 909 3134 sedarunt
930 3075 1069 3133 hominum
1091 3075 1255 3133 societates?
1270 3008 1331 3148 {ui
1355 3083 1458 3131 norunt
1479 3075 1591 3148 egregie
1613 3074 1715 3139 fallere,

424 3159 573 3242 (decipere.
595 3156 732 3235 peierare,
755 3168 917 3219 testamenta
940 3177 1108 3236 supponere,
1137 3160 1226 3216 divina
1256 3169 1284 3217 et
1311 3160 1427 3217 humana
1449 3159 1636 3235 prophanare,
1667 3161 1716 3217 mi·

497 3427 506 3462 ¹
526 3391 751 3485 Christianum...
764 3430 885 3483 tributis.
897 3428 1020 3494 omisiip.
1067 3430 1128 3480 eius
1146 3427 1268 3493 quotidie
1285 3443 1422 3494 pauperes
1439 3427 1564 3490 tributis,
1585 3432 1613 3478 et
1631 3444 1664 3478 ex
1683 3445 1715 3479 eo

429 3529 522 3564 errore
540 3529 677 3580 pauperes
696 3515 789 3566 tseere
802 3518 827 3565 2.
836 3518 862 3566 3.
909 3510 1057 3579 lplumbo]
1076 3512 1169 3564 bullis.
1213 3510 1361 3735 *lien
1374 3516 1461 3563 1.5.d.
1509 3512 1588 3578 lepso
1607 3511 1715 3563 oelsmo

399 3633 400 3636 κ
427 3602 490 3650 2.3.
527 3596 659 3667 undique]
678 3601 781 3666 passim
793 3601 852 3651 edd.
881 3598 1099 3663 ¹⁷Prophetam
1110 3596 1223 3669 Daniel
1322 3586 1406 3648 aniel.
1420 3601 1447 3648 3.
1469 3597 1629 3648 Danielem:
1647 3595 1715 3662 2.t.]

428 3683 512 3734 Certe
526 3700 618 3735 emere
634 3685 693 3735 edd.
726 3685 810 3748 saiso:
827 3684 905 3736 cerba
923 3697 1022 3734 cenum
1041 3678 1228 3749 impunnese‘.
1318 3699 1380 3733 ,εκ
1393 3682 1472 3738 lse'nn
1484 3681 1604 3734 LVI.ll.
1617 3690 1716 3747 empta

427 3775 487 3818 sanat
504 3775 531 3819 et
543 3768 670 3821 Dandum
683 3784 732 3820 aon
750 3770 839 3820 deesse
857 3768 939 3820 dehet.
976 3765 994 3800 ¹¹
1015 3772 1098 3834 etque
1112 3772 1174 3833 (aut
1185 3768 1223 3831 3.)
1236 3775 1295 3818 ente
1307 3769 1408 3818 instem
1419 3769 1478 3818 edd.
1513 3764 1575 3833 Vel]
1589 3768 1715 3830 Qniedd.
1770 3806 1773 3813 .

429 3853 619 3921 medinm‚·qui
629 3859 656 3906 2.
665 3858 691 3906 3.
721 3852 748 3886 ’”
766 3855 871 3905 fulmen
882 3853 988 3904 Probus
1000 3856 1060 3904 Η.
1096 3852 1116 3885 ¹³
1135 3852 1255 3914 eleetos,
1274 3868 1328 3904 non
1347 3853 1435 3903 leniet
1451 3847 1531 3918 puto,
1550 3852 1600 3903 sed
1617 3868 1716 3912 conou-

428 3940 542 4005 pise‘ens
559 3939 653 3990 multis
665 3939 803 3990 modiis-e.
817 3956 841 3989 e.
854 3940 886 3989 tt.
901 3943 1052 3989 centonem.
1067 3941 1092 3988 2.
1101 3943 1127 3989 3.
1163 3936 1216 3969 ¹⁸⁴⁴
1233 3939 1294 3989 Non
1306 3938 1395 3988 faciet
1405 3943 1471 4003 puto
1482 3942 1553 3989 omis.
1563 3936 1610 4002 Sp.
1623 3944 1649 3987 et
1660 3941 1714 3989 2.3.

429 4021 540 4074 ¹⁴Psul.
556 4025 649 4090 epil.
664 4023 774 4075 adcor.
788 4016 1242 4094 xiid-nos(nntein)omis'.edd.
1280 4021 1333 4073 ¹⁴.¹⁵
1351 4023 1497 4073 ceritatem
1509 4023 1557 4087 Sp.
1591 4025 1656 4074 veri
1667 4022 1714 4088 Sp.

428 4124 541 4160 messan
553 4112 578 4158 1.
614 4105 846 4176 1’ῑιίιιιιοῌιιιιιᾱ
883 4108 904 4141 ¹⁷
922 4109 1012 4160 ouium
1025 4109 1084 4158 edd.
1103 4109 1182 4172 „Ista
1200 4108 1291 4160 orium
1308 4109 1390 4159 miros
1407 4108 1493 4182 uestit
1506 4108 1597 4174 imego
1610 4107 1715 4174 lupos”.
1790 4103 1793 4107 ’

429 4194 536 4245 Huttea.
572 4193 837 4245 Locm'l'nntum...
851 4192 899 4244 ille
917 4195 1001 4260 prius.
1019 4195 1162 4244 ommedd.
1196 4192 1220 4227 ¹⁰
1236 4192 1363 4243 Vendere
1376 4185 1501 4258 ...'prius]

630 4277 733 4330 Vendit
744 4276 902 4330 Alexander
917 4276 946 4344 [i.
960 4295 982 4329 e.
999 4275 1045 4344 Vt]
1066 4277 1175 4341 eleves,
1194 4277 1311 4341 alteris,
1330 4276 1482 4327 Christum:

682 4353 795 4414 Emeret
812 4363 861 4414 ille
881 4361 948 4429 [ista
960 4362 1007 4429 eh]
1025 4364 1115 4431 prius,
1134 4362 1254 4414 vendere
1273 4363 1332 4413 iure
1350 4366 1449 4427 potest.

428 4454 483 4500 ete.
503 4447 547 4499 Cf.
560 4445 761 4514 Pssquillorum
773 4448 853 4499 Tomi
866 4447 926 4499 duc.
945 4465 971 4514 p.
979 4449 1021 4499 24.
1040 4449 1108 4499 item
1119 4447 1253 4499 Ludovici
1264 4446 1418 4498 Tuberonis
1431 4463 1526 4498 comm.
1539 4447 1573 4498 de
1584 4450 1716 4515 tempori·

427 4534 479 4590 bns
497 4533 556 4584 suis
574 4531 780 4597 (1400...1me)
798 4533 847 4584 lib.
864 4532 910 4584 VI.
928 4534 952 4594 ἃ.
970 4533 994 4584 7.
1014 4534 1087 4600 apud
1102 4532 1309 4584 Schwsndtner.
1328 4531 1441 4598 Scriptt.
1458 4548 1511 4584 rer.
1529 4533 1715 4598 Hungarieer.

427 4618 544 4670 tom.11.
562 4633 589 4684 p.
603 4615 663 4669 216.
694 4654 710 4680 ‚,
720 4617 840 4684 ...pollis
857 4617 954 4668 vende.
969 4617 1088 4670 Simon''.
1107 4620 1217 4668 Hutteni
1227 4618 1372 4682 epipodium.
1407 4614 1430 4648 ¹²
1446 4616 1615 4684 polluentem
1628 4621 1652 4667 1.
1659 4623 1683 4669 5.
1691 4622 1715 4668 d.

427 4704 529 4755 christ.
593 4707 798 4769 proponentem.
818 4706 888 4754 emh.
901 4706 960 4754 edd.
1014 4705 1102 4766 Quem
1120 4703 1193 4753 enim
1210 4701 1299 4752 locum
1314 4703 1375 4754 edd.
1426 4699 1449 4735 ²¹
1466 4702 1542 4754 illius
1560 4703 1656 4768 etegio·
1667 4704 1714 4769 Sp.

427 4789 547 4840 ohsenrs
563 4785 615 4838 ills
632 4778 798 4854 contagione
811 4791 837 4838 3.
878 4783 1046 4854 ‘iti-{minatis
1057 4787 1106 4853 Sp.
1147 4786 1276 4838 ostendes
1292 4788 1353 4838 edd.
1397 4784 1420 4819 ¹⁴
1438 4786 1496 4849 Quo
1507 4787 1555 4853 Sp.
1601 4789 1656 4851 Qui
1667 4789 1715 4853 Sp.

430 4877 505 4925 2.·3..
528 4868 645 4941 avitum]
667 4876 849 4925 soctomm.
908 4870 930 4906 ²⁵
949 4874 1121 4925 notaminate
1132 4871 1179 4937 Sp.
1237 4868 1346 4937 nomen]
1366 4871 1540 4923 einaedorum.
1593 4872 1717 4938 (quorum

429 4959 516 5010 stinxn
534 4970 636 5010 nomen
655 4962 716 5009 eret
733 4957 807 5024 apud
824 4962 932 5010 nostroe
949 4959 1067 5010 maiores
1086 4956 1295 5021 abhorrendum)
1314 4956 1422 5008 induxit
1440 4960 1527 5010 ΑΜ.
1550 4957 1595 5008 Cf.
1612 4936 1715 5020 PSQ'ss.

424 5042 466 5098 23.
479 5043 527 5095 tt.
563 5038 626 5095 vioe
638 5049 665 5094 et
675 5049 726 5092 taen
738 5042 919 5095 abhorrentes
930 5043 977 5109 Sp.
1012 5041 1034 5075 ²⁸
1052 5042 1162 5093 induxit
1172 5044 1247 5094 etin
1258 5045 1284 5093 2.
1292 5045 1319 5094 3.
1354 5039 1563 5109 ¹isupprimere
1576 5045 1630 5095 hd.
