4300 6059
456 701 501 770 52
590 729 711 764 uvarum
730 729 759 763 ru
776 730 870 764 oven
889 728 1166 763 winrcurnnounsmr
1185 728 1288 763 onorio
1308 728 1350 763 111.
1370 725 1482 760 rnrvur.
1502 724 1526 756 u.
1544 714 1601 752 titt·

384 887 590 963 §.sncuiquam
614 891 690 944 esset
712 885 867 961 putaretis:
897 901 974 943 nunc
1003 883 1106 952 dirum
1127 889 1156 942 et
1183 885 1310 942 immaoo
1339 881 1498 957 excogitari
1526 875 1597 939 nibil
1632 883 1737 956 potest,

453 988 536 1046 ouius
557 985 612 1046 sihi
635 987 769 1046 conscius
791 1004 849 1045 non
872 986 909 1044 sit
931 987 982 1062 qui
1004 985 1199 1071 niaximorum
1221 984 1510 1066 scelerum-compos
1539 979 1626 1040 audet
1649 977 1739 1037 armis

453 1087 580 1164 experiri
603 1094 631 1145 et
652 1085 792 1147 iudicium
815 1088 928 1165 spernit
949 1094 977 1146 et
1000 1093 1186 1147 accusatores
1215 1104 1283 1154 nos,
1313 1103 1439 1165 quorum
1467 1083 1638 1158 sanguinem
1667 1097 1738 1158 pro·

453 1188 526 1248 didit
547 1208 581 1247 oe
603 1187 747 1265 perdidit,
771 1188 848 1249 bello
870 1196 1010 1268 provocat
1032 1197 1149 1249 etcum
1171 1187 1258 1248 huius
1279 1188 1396 1266 imperii
1424 1183 1558 1244 hostibus
1579 1200 1662 1242 suam
1685 1200 1737 1241 au·

452 1289 581 1359 daciam,
603 1307 688 1350 suam
709 1291 925 1370 improbitatem
939 1291 1156 1358 -oonrmuuicat3
1180 1289 1307 1369 denique
1327 1289 1355 1348 id
1379 1287 1473 1348 studet
1497 1294 1529 1346 ut
1544 1285 1641 1345 omnia
1656 1283 1759 1344 oaedes

452 1410 486 1451 ac
508 1391 642 1451 incendio
665 1393 851 1453 misceantur.
895 1410 1022 1486 quorum
1049 1391 1121 1452 nibil
1149 1391 1300 1452 moliretur
1330 1391 1447 1450 nisiex
1477 1406 1529 1448 sna
1557 1393 1661 1446 natura
1684 1404 1736 1445 vos

450 1493 589 1569 surgeret:
614 1495 695 1572 quasi
717 1494 834 1554 tandem
857 1495 886 1553 bi
909 1496 970 1554 sitis
992 1495 1042 1572 qui
1066 1494 1163 1553 omnia
1186 1491 1322 1554 omnibus
1344 1491 1455 1553 scelera
1479 1489 1666 1555 condonetis,
1698 1487 1736 1547 ad

384 1609 403 1658 t.
411 1612 443 1654 oo.
454 1597 550 1656 omnia
573 1597 669 1674 turpia
691 1614 726 1655 ao
749 1596 856 1656 nelaria
881 1597 1066 1656 conniveatis.
1112 1595 1148 1654 Et
1168 1594 1217 1654 hic
1237 1594 1302 1654 talis
1321 1601 1477 1671 tantusque
1490 1591 1564 1652 latro
1580 1589 1736 1669 aliquando

453 1698 501 1776 (dii
523 1695 710 1774 immortales)
733 1699 774 1767 vi,
798 1699 886 1757 armis
908 1697 1089 1775 pecuniaque
1112 1715 1127 1756 a
1150 1695 1236 1755 nobis
1255 1696 1371 1756 adiutus
1386 1701 1446 1755 est:
1468 1693 1639 1773 quominus
1655 1692 1736 1770 digni

452 1817 553 1860 sumus
581 1806 610 1858 et
638 1816 712 1876 quos
738 1796 787 1858 illo
816 1801 857 1859 sic
884 1798 991 1859 laeserit
1019 1807 1048 1859 et
1069 1800 1120 1878 qui
1141 1816 1157 1857 a
1180 1798 1261 1858 vobis
1283 1799 1327 1857 ius
1350 1804 1379 1858 et
1400 1815 1515 1875 aequurn
1546 1793 1736 1871 implorantes
1746 1813 1771 1853 ro

452 1901 632 1962 deseramur.
671 1899 755 1969 Quod
777 1919 827 1960 vos
849 1919 901 1960 oro
924 1918 958 1960 ac
981 1899 1125 1968 obtestor,
1156 1900 1312 1969 Germani,
1342 1909 1374 1959 ut
1396 1898 1539 1967 efficiatis,
1570 1914 1628 1975 quo
1650 1897 1737 1956 nevi

452 2005 498 2080 agi
520 2020 641 2062 necesse
663 2003 714 2069 sit,
738 2002 789 2062 ubi
811 2004 874 2063 iure
897 2003 1039 2081 oportuit:
1063 2019 1125 2069 non
1137 2002 1299 2079 poterimus
1314 2008 1424 2061 tantam
1439 1996 1653 2064 contumeliam,
1677 2006 1736 2058 tam

384 2088 602 2182 §.ttindignam
624 2104 759 2162 iniuriam
783 2104 966 2180 quiescentes
989 2102 1146 2182 negligere.
1192 2102 1269 2181 quod
1293 2103 1329 2163 ad
1344 2121 1404 2196 ⁴me
1432 2103 1572 2180 pertinet,
1601 2102 1736 2187 amittere

453 2208 539 2265 vitam
562 2223 695 2282 possum,
719 2205 912 2282 persequendi
935 2206 1017 2266 istius
1040 2204 1183 2264 carnificis
1205 2206 1450 2283 perseverantiam
1479 2221 1537 2262 oon
1560 2210 1627 2263 ante
1652 2203 1737 2262 amit-

452 2315 527 2376 tam,
558 2324 645 2383 quam
675 2325 742 2366 cnm
770 2308 825 2366 vita
853 2305 939 2367 simul
967 2309 1072 2366 omnia.
1118 2306 1183 2367 nec'
1201 2325 1251 2365 ros
1278 2312 1378 2384 putate
1407 2305 1491 2365 aliam
1521 2303 1582 2364 aliis
1607 2311 1734 2364 mentem
1746 2323 1770 2364 u

384 2419 532 2469 §.ecesse
557 2426 659 2468 omnes
681 2408 798 2477 ardent,
832 2427 935 2469 omnes
956 2408 1127 2468 inflammati
1149 2416 1217 2468 sunt
1243 2407 1400 2468 ulciscendi
1422 2407 1525 2466 studio.
1554 2406 1616 2466 ‚bit
1638 2404 1738 2465 Gallos

452 2513 506 2571 iste
528 2511 644 2570 irnebet
666 2518 694 2570 et
711 2509 854 2570 Helvetios
870 2509 954 2570 nobis
973 2509 1119 2589 opponet’.
1158 2510 1290 2579 invehat,
1313 2515 1458 2588 opponat:
1482 2509 1572 2569 satius
1587 2514 1631 2568 est
1645 2506 1737 2568 semel

452 2612 579 2689 experiri
602 2629 688 2689 quam
711 2629 829 2690 semper
851 2619 998 2681 metuere,
1022 2631 1140 2698 semper·
1162 2612 1313 2689 suspicari,
1350 2613 1407 2670 iam
1429 2610 1492 2671 hmo
1512 2617 1594 2670 vetus
1613 2609 1736 2670 audacia

452 2722 509 2783 est,
538 2731 616 2791 saepe
638 2713 743 2773 auditae
761 2715 862 2783 minae;
892 2715 948 2775 boc
977 2732 1095 2792 semper
1121 2714 1253 2792 perditus
1276 2710 1404 2791 quisquc
1420 2710 1527 2773 sceleri
1547 2729 1601 2771 suo
1623 2711 1736 2790 asylum

452 2815 564 2892 posuit,
595 2815 651 2874 boc
673 2822 775 2876 contra
797 2814 895 2894 legum
917 2818 974 2876 vim
995 2816 1113 2875 malitiae
1135 2833 1195 2875 sure
1224 2813 1475 2892 propugnaculum
1505 2813 1588 2888 legit:
1618 2815 1769 2892 quotiosao

385 2931 441 2980 toa.
452 2918 529 2996 enim
545 2916 708 3007 audivimus
730 2916 783 2976 ‘ud
798 2917 896 2978 Gallos
912 2917 1072 2994 confugiet,
1098 2935 1164 2979 cum
1180 2916 1317 2977 Helvetiis
1332 2915 1426 2976 ioedus
1440 2914 1550 2974 inibit‘l’
1573 2913 1736 2993 Aliquando

451 3017 531 3078 hune
553 3017 765 3104 abrumpamus
787 3026 910 3088 metum,
935 3020 1011 3079 bano
1034 3017 1184 3079 deleamus
1205 3019 1424 3097 suspicionem:
1439 3018 1499 3076 scio
1523 3035 1572 3076 vos
1593 3019 1663 3076 satis
1684 3016 1736 3076 ad·

452 3138 566 3180 versum
590 3120 643 3180 lias
666 3121 798 3180 nationes
819 3128 898 3181 tutos
921 3131 949 3181 et
970 3119 1015 3181 vel
1037 3121 1099 3181 sola
1123 3122 1196 3181 lama
1220 3120 1370 3187 defensos:
1404 3119 1454 3179 sod
1483 3126 1580 3178 tamen
1603 3120 1670 3196 quia
1694 3120 1735 3179 sic
1764 3170 1766 3176 .

451 3229 554 3298 putant
576 3221 717 3299 improbi,
748 3240 811 3282 esse
834 3221 943 3300 aliquid
967 3224 1044 3301 quod
1068 3222 1154 3283 uobis
1176 3222 1328 3281 obtectare
1355 3223 1479 3299 possint,
1508 3221 1590 3280 istam
1620 3222 1735 3282 aufera-

452 3341 517 3384 mus
538 3342 636 3402 spem,
659 3324 736 3383 istud
760 3324 969 3385 concludamus
991 3324 1154 3402 refugium,
1178 3325 1262 3383 istam
1285 3325 1418 3403 pessimae
1440 3322 1553 3382 iiduciae
1567 3340 1667 3382 arcem
1683 3323 1770 3383 ‹te-s

451 3424 619 3492 moliamur;
644 3425 699 3485 boo
721 3443 790 3485 vero
812 3433 871 3485 tam
896 3434 1011 3497 notum,
1043 3434 1102 3486 tarn
1131 3425 1167 3485 ad
1190 3425 1361 3485 imitandum
1384 3425 1548 3501 expositum
1572 3423 1667 3484 scelus
1688 3426 1734 3485 iu-

451 3526 526 3586 dicio
549 3528 675 3604 primum
699 3545 734 3586 ac
762 3528 840 3595 iure,
863 3527 969 3612 deinde
990 3529 1080 3587 armis
1102 3545 1236 3607 quoque,
1270 3529 1295 3588 si
1321 3545 1395 3605 opus
1422 3527 1475 3593 sit,
1509 3508 1732 3603 persequamur.

383 3639 441 3687 §.on
452 3626 523 3697 Vos,
547 3628 653 3705 quibus
675 3629 760 3687 vestri
785 3629 866 3687 cbari
888 3636 956 3688 sunt
977 3628 1078 3698 liberi,
1107 3629 1194 3689 buius
1217 3629 1410 3690 misereamini
1433 3629 1524 3697 senis,
1556 3629 1605 3706 qui
1627 3629 1735 3690 fratres

450 3738 480 3791 et
500 3730 602 3790 affines
621 3732 739 3798 amatis,
769 3729 843 3789 hanc
858 3749 903 3807 ,ne
926 3731 1051 3791 deserite
1073 3730 1152 3790 luctu
1175 3749 1208 3790 ac
1233 3748 1357 3789 murore
1379 3729 1571 3790 deformatam
1600 3733 1734 3792 iru'entu·

449 3838 524 3899 tenr,
549 3830 621 3892 nibil
643 3833 724 3898 novi,
748 3830 819 3891 nihil
842 3834 972 3909 iniquum
996 3831 1206 3910 postulantem:
1230 3849 1319 3910 porro
1341 3849 1443 3892 omnes
1464 3833 1512 3911 pie
1533 3833 1620 3891 istum
1636 3834 1770 3912 odissem

398 3949 400 3955 ’
449 3942 536 4011 atque
559 3932 661 3993 eodem
685 3935 790 3993 all'eotu
813 3935 917 4010 punire
941 3933 1096 3993 scelestum
1119 3933 1231 3995 lacinus
1254 3933 1381 4000 debetis,
1414 3952 1481 3993 cum
1510 3935 1578 4011 quia
1600 3936 1630 3994 in
1653 3936 1735 3997 bunc

451 4052 504 4093 nos
525 4035 636 4095 luctum
660 4036 797 4104 coniecit,
822 4043 882 4095 tum
906 4052 974 4093 vero
997 4037 1062 4112 quia
1087 4036 1112 4094 si
1132 4036 1252 4112 impune
1268 4035 1401 4103 cesserit,
1425 4033 1547 4095 ulterius
1561 4045 1661 4114 serpet
1676 4038 1735 4100 boo

382 4150 439 4199 §.on
451 4137 627 4212 contagium.
666 4135 758 4219 Quam
782 4153 850 4196 sero
865 4135 967 4196 alienis
981 4135 1120 4223 periculis
1135 4143 1237 4196 carent
1251 4136 1399 4196 homines!
1421 4135 1528 4214 aliquid
1544 4142 1621 4198 euim
1638 4147 1734 4202 tutum

338 4217 341 4228 ¹
451 4236 487 4296 ab
510 4239 592 4298 istius
615 4237 740 4298 amentia
764 4238 873 4316 putatis
895 4238 945 4313 qui
965 4237 1022 4296 boc
1046 4235 1112 4313 loco
1138 4257 1220 4298 suam
1248 4237 1374 4306 rabiem,
1402 4255 1484 4298 suam
1513 4238 1658 4301 diritatem
1682 4260 1733 4303 au·

448 4340 576 4416 spiratus
598 4341 661 4399 esti
684 4347 733 4400 aut
755 4358 770 4399 a
794 4356 941 4418 quoquam
964 4357 995 4397 se
1018 4339 1179 4399 continebit
1200 4342 1250 4417 qui
1273 4341 1398 4403 amicum
1429 4358 1463 4399 ac
1485 4341 1621 4401 comitem
1644 4361 1769 4409 suumn

448 4439 661 4509 fidelissimum,
686 4442 955 4501 innocentissimum
976 4441 1126 4507 iuvenem,
1150 4443 1233 4501 errius
1255 4448 1361 4520 praeter
1384 4442 1518 4501 virtutem
1542 4443 1638 4504 odisse
1660 4433 1746 4506 nibil
1785 4460 1788 4465 ’

447 4545 555 4620 potnit,
585 4544 642 4602 iam
663 4551 725 4603 tunt
749 4562 784 4603 ex
800 4542 903 4601 cilicio
924 4541 979 4602 sibi
1001 4540 1226 4620 obsequentem,
1257 4544 1340 4602 ouius
1368 4542 1426 4604 ilde
1453 4561 1488 4603 ao
1509 4544 1680 4607 torutudtoe
1702 4550 1732 4608 in

447 4645 569 4704 summis
592 4644 652 4705 suis
675 4642 812 4720 periculis
835 4660 904 4702 usus
928 4650 986 4711 est,
1009 4662 1025 4702 a
1048 4643 1132 4703 cuius
1154 4652 1237 4720 patre
1259 4651 1369 4704 tantam
1384 4643 1594 4722 benignitatem
1608 4650 1731 4727 aceepit,

516 4861 701 4927 ¹excogitere
719 4863 778 4911 edd.
813 4858 931 4924 ⁹nobia]
952 4861 1082 4912 Huttonis
1117 4862 1138 4893 ¹⁷
1155 4862 1300 4912 Heluetios
1314 4868 1336 4912 1.
1356 4880 1498 4916 suoscorr.
1512 4871 1542 4916 11.
1580 4867 1600 4899 ¹⁰
1614 4907 1619 4917 ,
1634 4871 1730 4921 Hocrr,

445 4943 467 4977 ²¹
486 4945 624 4996 Heluetiis
642 4947 666 4995 1.
697 4945 869 4995 sericorum
937 4943 960 4976 ‘²
977 4945 1118 4996 deleamus
1138 4949 1159 4994 i.
1196 4948 1387 5011 extinguamus
1405 4965 1474 4999 corr.
1487 4957 1517 5000 11.
1587 4952 1608 4983 ²*
1629 4957 1687 5004 cari
1706 4961 1731 5006 2.

446 5028 467 5063 ⁸³
486 5033 553 5079 ool
582 5036 609 5080 et
626 5034 655 5078 tt.
1004 5033 1006 5037 ’
