4300 6059
443 668 491 739 24
588 698 708 733 nvnnttttt
728 698 757 733 tit
775 698 869 734 DVGEH
887 698 1165 734 wrnrssnrsnnnrtsnu
1184 698 1286 733 ORATIO
1304 699 1336 734 11.
1355 698 1469 733 llfssl'lfT.
1481 697 1507 734 A.
1523 692 1581 733 1517.

264 898 273 916 .
387 853 746 916 numerumnunerum
775 859 859 914 notas
888 855 929 914 sic
957 854 993 914 ab
1023 872 1054 913 se
1081 853 1217 932 iugulata
1246 852 1439 932 impingebat!
1474 851 1545 923 Ouia
1577 856 1670 923 enim,
1696 861 1729 915 ut

444 954 576 1036 quaedam
596 954 632 1016 de
655 973 686 1015 se
708 953 849 1031 flagitiosa
873 961 902 1015 et
928 974 942 1015 a
970 956 1077 1034 quibus
1099 958 1161 1035 ipsa
1188 956 1358 1032 longissime
1384 973 1502 1034 semper
1524 955 1617 1016 abfuit
1638 957 1728 1015 coufi-

442 1064 572 1126 teretur·,
594 1056 712 1135 adigere
732 1074 790 1115 non
812 1057 920 1135 potuit,
943 1058 1051 1117 invenit
1072 1057 1130 1117 hoc
1152 1057 1305 1118 consilium
1325 1056 1500 1126 sceleratus,
1529 1065 1562 1118 nt
1582 1065 1728 1119 mortuam

442 1176 524 1220 ream
548 1165 663 1237 ageret,
688 1165 715 1218 et
741 1164 811 1218 tunc
835 1165 1000 1226 accusaret,
1030 1159 1148 1235 quando
1172 1157 1211 1219 illi
1234 1158 1270 1219 ad
1297 1158 1450 1220 dicendam
1477 1178 1594 1220 causam
1627 1160 1729 1219 adesse

443 1278 503 1321 non
523 1260 633 1322 liceret.
680 1260 729 1320 ubi
752 1259 965 1320 connivendum
994 1262 1063 1322 milri
1093 1261 1197 1325 credo.
1227 1260 1306 1340 quod
1334 1263 1363 1321 in
1389 1281 1422 1322 ca
1452 1262 1554 1330 incidi,
1582 1280 1647 1340 quae
1670 1269 1751 1322 tame

443 1368 513 1423 sunt
533 1361 668 1423 omnibus
691 1371 774 1431 rrota,
811 1381 897 1441 quam
923 1381 938 1423 a
962 1381 1008 1423 me
1038 1363 1094 1423 dici
1124 1381 1182 1423 rron
1211 1361 1374 1442 postcdant,
1406 1370 1434 1423 et
1462 1364 1594 1442 quasdam
1624 1366 1648 1424 si
1676 1363 1729 1424 ob-

444 1465 539 1525 nixius
559 1482 613 1543 ego
634 1482 881 1534 commemorem,
910 1472 1006 1544 potest
1031 1464 1117 1526 alicui
1144 1467 1271 1544 suspicio
1300 1466 1379 1534 fieri,
1414 1464 1531 1527 aliunde
1559 1465 1622 1525 haec
1645 1464 1730 1526 uobis

388 1594 391 1600 ¹
444 1568 526 1645 quasi
548 1566 653 1627 auxilia
673 1567 747 1646 peti,
771 1584 951 1645 acperegre
972 1569 1146 1628 accersitum
1170 1566 1249 1646 quod
1272 1567 1340 1627 huic
1356 1569 1556 1646 patrocinetur
1575 1585 1679 1637 musa,
1702 1574 1731 1627 et

444 1666 553 1729 alienas
575 1666 752 1730 calamitates
774 1670 882 1729 nostris
904 1667 1068 1730 defectibus
1082 1668 1186 1731 suffici.
1224 1668 1337 1729 accedit
1352 1669 1389 1729 ad
1409 1668 1466 1728 hoc
1482 1668 1561 1749 quod
1579 1667 1645 1729 talia
1663 1676 1732 1730 suut

445 1769 577 1849 quedam
599 1769 686 1831 huius
708 1772 853 1841 criminis,
883 1778 915 1834 ut
937 1790 994 1833 nec
1021 1791 1038 1832 a
1067 1790 1115 1833 me
1143 1771 1278 1834 dicineo
1303 1789 1319 1831 a
1341 1770 1423 1831 vobis
1444 1771 1538 1831 audiri
1560 1772 1729 1832 sustineant.
1743 1786 1767 1827 ιο

391 1871 488 1934 §.add
512 1879 641 1932 nostram
661 1872 777 1951 quidem
801 1875 918 1936 causain
941 1875 1019 1954 quod
1043 1875 1184 1954 pertinet,
1214 1872 1281 1934 talis
1302 1873 1406 1934 iniuria
1434 1880 1493 1941 est,
1528 1878 1561 1932 ut
1586 1890 1645 1933 nou
1671 1880 1731 1933 tam

445 1972 572 2034 alienum
592 1973 627 2034 ad
651 1994 683 2035 se
705 1974 776 2035 nihil
802 1984 928 2054 querat,
957 1994 1045 2055 quarn
1072 1994 1125 2037 sua
1150 1975 1349 2053 maguitudino
1367 1994 1410 2051 ⁸ac
1438 1976 1589 2035 atrocitate
1614 1993 1732 2037 omnem

445 2073 606 2143 diritatem,
630 2093 717 2138 omne
737 2075 834 2138 scelus
856 2079 958 2139 vincat.
995 2076 1080 2147 Quod
1105 2079 1157 2137 etsi
1177 2094 1350 2155 persuasum
1371 2079 1408 2137 ita
1428 2077 1510 2139 vobis
1531 2085 1613 2138 certo
1631 2080 1730 2147 sciam,
1833 2098 1841 2108 “

393 2197 396 2204 ⁴
445 2178 523 2252 cogit
542 2196 589 2239 me
611 2185 709 2240 tamen
730 2178 931 2239 illustrissimae
952 2177 1084 2240 mulieris
1109 2177 1273 2248 calamitas,
1302 2186 1412 2252 restra,
1440 2178 1589 2241 fortissimi
1617 2180 1731 2254 llavari,

412 2277 419 2286 “
445 2280 594 2349 moestitia,
615 2297 681 2358 quae
702 2298 734 2341 se
756 2282 832 2340 miro
849 2281 976 2359 quodam
991 2281 1050 2341 fato
1065 2282 1174 2341 uostris
1192 2279 1276 2343 malis
1296 2281 1439 2351 adiunxit,
1463 2280 1589 2360 aliquam
1608 2281 1667 2343 huc
1682 2301 1730 2342 co·
1743 2300 1766 2341 ts

445 2381 617 2458 gitatiounm
637 2400 768 2443 mearum
789 2391 904 2461 partem
925 2383 1072 2452 deriuare;
1102 2402 1160 2444 non
1191 2402 1250 2464 quo
1269 2401 1324 2444 nos
1345 2402 1489 2463 augeam·
1513 2383 1565 2445 sed
1589 2382 1652 2443 solo
1676 2383 1732 2444 hu·

446 2482 590 2544 manitatis
613 2484 719 2554 aflectu
740 2483 841 2546 alienis
861 2483 1065 2547 condolentem
1088 2485 1181 2547 malis.
1226 2504 1317 2565 quare
1343 2486 1400 2546 hoc
1424 2485 1505 2555 dico,
1533 2504 1592 2547 uou
1624 2494 1733 2547 nostrae

446 2603 542 2646 causae
565 2587 743 2666 patrocinari
770 2586 847 2649 hanc
874 2605 979 2678 novam
1006 2588 1238 2668 improbitatem,
1273 2587 1325 2649 sed
1354 2608 1371 2649 a
1398 2590 1507 2649 uostris
1529 2590 1627 2668 potius
1647 2588 1732 2650 malis

385 2697 432 2748 tt
447 2695 648 2767 comparatam
670 2688 738 2750 huic
761 2689 858 2751 fidem.
899 2697 928 2751 et
946 2692 1001 2752 nisi
1023 2698 1102 2752 tanta
1121 2692 1151 2751 in
1171 2707 1226 2750 nos
1245 2690 1416 2752 crudelitate
1436 2709 1554 2751 omnem
1572 2690 1609 2751 ab
1627 2710 1659 2751 se
1677 2691 1731 2752 hu·

445 2791 524 2852 meni
545 2791 654 2869 ingenii
677 2793 844 2871 opinionem
864 2795 992 2856 exuisset
1013 2793 1143 2855 nefarius
1157 2792 1247 2862 latro,
1269 2805 1453 2873 nequaquam
1469 2794 1498 2853 iu
1513 2792 1633 2853 auribus
1647 2795 1768 2872 pico-eo

445 2893 563 2955 ιιεειιιιω
582 2895 701 2963 matris,
726 2894 952 2958 fortissimorum
979 2895 1105 2958 fratrum
1126 2896 1257 2958 laesuras
1279 2897 1418 2975 principis
1445 2895 1570 2955 luminae
1598 2894 1734 2973 querelas

446 2993 548 3064 feisse,
573 2996 650 3075 quod
673 3014 759 3058 nemo
782 3005 892 3060 tantam
914 2999 990 3059 hanc
1010 2999 1239 3079 asperitudinem
1261 2997 1400 3067 credidit,
1428 2996 1522 3058 donee
1543 2995 1658 3058 aliunde
1680 2995 1733 3056 do·

446 3105 615 3160 eumenium
637 3102 769 3161 accessit.
811 3100 932 3170 Quoties
954 3103 1031 3162 euim
1051 3100 1099 3162 ille
1122 3101 1224 3170 matri,
1245 3103 1360 3180 quoties
1379 3099 1519 3160 fratribus
1540 3098 1614 3159 flens
1635 3118 1670 3159 ec
1691 3098 1750 3186 lap

417 3281 420 3287 Ι
446 3198 603 3279 chrymans
624 3209 735 3280 quaesta
757 3210 802 3264 est
823 3222 856 3265 ea
879 3222 912 3265 se
931 3204 1007 3283 apud
1030 3204 1117 3264 istum
1140 3204 1255 3282 perpeti
1277 3220 1343 3281 quar
1364 3201 1472 3262 diutius
1493 3201 1572 3261 ferre
1590 3218 1648 3261 nou
1665 3217 1733 3280 pos·

446 3302 497 3370 sit,
523 3302 566 3362 sic
584 3301 622 3368 ab
643 3303 692 3364 illo
714 3306 848 3375 tractari,
872 3313 905 3367 ut
926 3324 1133 3385 quemcunque
1155 3313 1280 3365 mortem
1303 3322 1391 3384 quam
1419 3304 1496 3364 harre
1525 3304 1611 3363 vitam
1641 3301 1731 3371 malit,
1742 3322 1768 3359 es

447 3422 514 3465 cum
537 3403 578 3466 illi
596 3404 718 3467 meliora
740 3406 848 3476 indies,
876 3414 910 3469 ut
930 3425 984 3487 par
1006 3414 1083 3477 erat,
1113 3414 1266 3486 sperantes
1294 3404 1493 3467 consolatione
1519 3403 1683 3465 mulcerent
1705 3411 1734 3464 et
1796 3393 1799 3400 ’

448 3508 638 3584 persuasione
659 3509 881 3579 confirmarent,
906 3510 1095 3572 cohortantes
1117 3510 1230 3593 fortiter
1254 3508 1317 3570 baec
1343 3510 1448 3575 ferret,
1472 3525 1562 3587 seque
1581 3508 1643 3586 ipsa
1663 3524 1733 3567 cou-

361 3683 365 3688 Ι
387 3616 433 3668 ta.
448 3608 567 3678 tineret,
591 3608 723 3672 futurum
738 3618 772 3672 ut
791 3612 927 3673 diuturna
942 3613 1078 3690 patientia
1098 3613 1265 3673 mitesceret
1285 3612 1453 3673 ferocientis
1469 3617 1576 3670 tumor.
1613 3609 1733 3670 Interim

445 3712 597 3772 nocturnis
617 3712 790 3791 diurnisque
811 3714 949 3792 precibus
971 3735 987 3774 a
1009 3714 1065 3774 deo
1089 3715 1199 3794 optimo
1219 3717 1346 3776 maximo
1367 3712 1520 3775 meliorem
1535 3710 1576 3772 illi
1594 3696 1732 3779 mentem,

446 3812 578 3874 seniores
600 3816 743 3891 cogitatus
764 3817 874 3894 precati
895 3823 978 3885 sunt;
1000 3817 1049 3877 illa
1065 3835 1133 3877 vero
1153 3816 1224 3880 nillil
1244 3815 1409 3884 omittebat,
1434 3834 1492 3895 quo
1515 3813 1659 3873 infensum
1676 3812 1766 3874 sibiet

447 3916 585 3978 maritatur
610 3915 754 3996 placaret,
778 3920 874 3979 omnia
902 3917 1082 3980 familiariter
1103 3938 1138 3979 ac
1160 3918 1267 3980 blande
1289 3935 1394 3996 agens,
1422 3915 1475 3977 ille
1505 3922 1607 3976 eontra
1638 3914 1734 3976 verbis

390 4028 481 4079 ttae
502 4017 676 4081 uerberibus
697 4020 862 4097 ingruente.
896 4019 932 4080 Et
953 4029 1012 4089 est,
1041 4029 1073 4083 ut
1096 4022 1200 4090 nostis,
1225 4021 1377 4087 Germani,
1402 4019 1472 4079 nihil
1495 4018 1581 4078 huius
1602 4016 1734 4077 mulieris

446 4120 542 4181 forma
561 4124 761 4200 prestantius,
784 4121 856 4183 nihil
875 4122 1008 4183 moribus
1033 4126 1164 4192 suarius,
1193 4122 1404 4185 cousuetudine
1426 4120 1575 4181 blandius:
1604 4121 1642 4180 ita
1666 4137 1734 4198 spe·

447 4224 506 4284 cies
528 4230 573 4285 est
595 4225 715 4293 onmia,
739 4225 778 4285 ita
803 4225 930 4287 iucunda
953 4227 1151 4294 couversatio;
1181 4229 1219 4287 ita
1242 4226 1338 4285 omnia
1365 4241 1431 4301 quan
1453 4224 1521 4283 facit
1543 4239 1666 4300 quaeque
1691 4220 1733 4280 lo·

447 4326 545 4403 quitur
562 4326 736 4405 perdecent,
759 4334 790 4389 ut
810 4347 885 4407 pene
905 4330 997 4409 magis
1013 4329 1120 4391 mirum
1139 4329 1176 4389 sit
1198 4327 1275 4408 quod
1295 4326 1348 4387 has
1369 4324 1416 4386 illo
1435 4324 1628 4386 dotesudisse
1645 4341 1768 4402 quemos

390 4426 528 4503 ecquod
552 4425 628 4489 illius
649 4428 712 4491 lraec
741 4431 943 4510 intemperiem
968 4430 1048 4494 ferre
1075 4431 1211 4510 potuerit.
1251 4431 1285 4492 ln
1311 4449 1368 4510 qna
1397 4436 1476 4489 certe
1503 4444 1570 4487 curu
1599 4424 1670 4485 uiltil
1699 4426 1735 4484 sit

448 4546 509 4589 non
529 4529 733 4594 ardentissimo
757 4533 877 4612 dignum
898 4549 1016 4604 amore,
1039 4534 1075 4595 ab
1098 4533 1149 4595 illo
1170 4540 1269 4594 tamur
1291 4532 1389 4593 hahita
1409 4538 1452 4591 est
1472 4527 1682 4592 infensissimo:
1706 4536 1734 4587 ot

447 4632 531 4693 cuius
552 4634 662 4713 nuptiis
682 4641 794 4696 mutum
813 4635 904 4698 decus
922 4644 1074 4698 assecutus
1093 4644 1171 4706 erat,
1202 4643 1341 4715 quantum
1365 4634 1394 4693 iu
1417 4630 1494 4692 illam
1516 4629 1638 4690 domum
1660 4647 1733 4690 uuu-
1819 4706 1826 4721 ἱ

514 4854 525 4886 ²
543 4855 586 4908 Cf.
600 4856 653 4927 vol.
668 4857 689 4906 1.
703 4855 779 4926 pto.
793 4872 837 4908 vv.
850 4855 891 4907 20.
906 4873 964 4922 sqq.
1019 4857 1040 4890 ¹⁰
1058 4864 1088 4909 ut
1141 4858 1304 4907 sustineant.
1323 4868 1392 4904 eurr.
1407 4859 1437 4903 n.
1461 4866 1521 4917 quse
1535 4886 1553 4901 ..
1568 4848 1688 4900 fuftinot.
1708 4854 1732 4902 1.

448 4938 468 4972 ¹⁷
487 4940 635 4991 condolens
654 4945 675 4992 f.
694 4948 805 4994 cornil.
875 4942 896 4975 ³⁸
915 4943 1044 4994 blandius
1063 4947 1086 4995 f.
1116 4944 1259 4994 honestius
1276 4956 1343 4990 corr.
1358 4945 1386 4990 11.
1409 4940 1457 4989 sed
1474 4936 1643 4987 eruditiorem
1662 4952 1734 5002 qum

443 5027 509 5094 fult,
528 5029 582 5088 lloee
600 5032 684 5079 oratio
703 5027 822 5095 Sabinou
835 5031 947 5095 depinpit
966 5029 1062 5097 rubique.
1116 5028 1139 5062 ⁸l
1158 5027 1276 5077 iuerrnde
1295 5029 1318 5075 t.
1351 5023 1479 5075 amabilis
1496 5039 1564 5073 corr.
1580 5028 1609 5069 ιι.
