4300 6059
555 676 677 711 norsum
697 676 725 710 nt
745 677 837 711 nvcstt
857 676 1134 711 wrnruurnnttssttstsu
1153 676 1256 710 ORATIO
1276 677 1320 710 111.
1340 676 1453 710 lutvttr.
1472 676 1496 711 Α.
1513 671 1571 712 lbi'l.
1659 648 1705 717 53

415 840 449 893 ut
471 833 614 893 maiorem
639 850 654 891 a
679 832 794 891 nemine
817 838 929 909 posset,
953 832 1094 909 flagitiose
1111 829 1255 908 prodidit,
1280 831 1390 891 nefarie
1405 851 1439 891 ac
1456 832 1614 893 crudeliter
1630 834 1706 893 occi-

415 935 473 1003 dit,
498 935 708 994 immanissime
731 934 760 993 in
783 940 931 993 mortuum
954 934 1057 1002 saeviit,
1086 931 1172 991 uobis
1201 933 1316 1010 pietatis
1347 951 1456 995 munus
1483 951 1542 992 non
1567 914 1706 995 indulsit?

415 1039 437 1096 Α
462 1055 627 1115 quoquam,
658 1037 720 1105 aio,
749 1009 911 1095 continebit
939 1053 970 1094 se
998 1035 1071 1095 iste‘l
1103 1039 1152 1094 ant
1173 1035 1287 1111 sperari
1316 1033 1404 1094 debet
1427 1035 1649 1095 emendaturum
1674 1053 1773 1104 setes.

415 1140 467 1216 qni
492 1144 641 1197 tantorum
664 1136 810 1198 scelernm
833 1136 996 1215 postulatus
1018 1138 1075 1196 iam
1100 1144 1177 1203 tum,
1200 1138 1279 1195 omni
1301 1142 1450 1197 terrorum
1466 1155 1576 1214 genere
1592 1140 1704 1216 impen-

394 1240 523 1309 sdente,
552 1239 660 1299 iudicio
690 1238 835 1299 obnoxius
862 1247 928 1317 post
956 1247 1039 1298 uates
1066 1238 1201 1300 homiues
1223 1239 1424 1308 atrocissimo,
1449 1257 1508 1298 non
1531 1231 1618 1301 modo
1646 1259 1705 1301 nou

416 1341 554 1403 submisit
577 1359 624 1410 se,
646 1358 749 1401 verum
773 1341 856 1401 noris
879 1358 995 1418 (piraque
1019 1346 1046 1400 et
1075 1340 1147 1399 diris
1176 1339 1356 1402 lacimribus
1385 1340 1556 1409 obstrinxit,
1587 1343 1705 1419 coniugi

416 1463 493 1513 suae,
518 1444 599 1503 omni
621 1441 746 1502 iortnnae
768 1460 803 1501 ac
826 1442 939 1501 virtutis
962 1441 1043 1502 cultu
1059 1443 1252 1513 ornatissima
1267 1441 1399 1511 mulieri,
1422 1461 1525 1504 necem
1541 1443 1705 1514 intendens,

417 1552 447 1607 et
470 1564 536 1605 eam
559 1563 662 1605 necem
686 1563 773 1622 qnam
796 1551 970 1621 sequeretur
993 1545 1162 1622 turpitudo,
1186 1544 1241 1604 bac
1263 1543 1389 1613 familia,
1413 1544 1459 1603 bis
1481 1545 1705 1624 propinquitati·

416 1647 474 1708 bus
495 1646 714 1724 indignissima?
736 1647 776 1714 is,
800 1646 934 1723 inquam,
957 1644 1114 1723 aliqnando
1137 1645 1261 1705 mutabit
1283 1663 1352 1726 suos
1375 1663 1489 1709 mores.
1519 1665 1601 1706 suam
1625 1665 1705 1706 men·

384 1756 477 1811 sotem
502 1750 606 1809 exuet?
628 1746 732 1817 Quaeso
754 1765 818 1807 rem
840 1746 1028 1826 perpendite,
1051 1748 1207 1817 Germani,
1232 1755 1259 1807 et
1282 1746 1359 1807 illam
1383 1755 1522 1825 usurpate
1544 1749 1648 1808 avitam
1670 1768 1704 1809 ac
1715 1759 1773 1809 §.aa

417 1869 487 1912 vere
510 1850 687 1912 Germanam
711 1849 926 1917 fortitudinem
951 1847 1026 1908 elabi
1048 1850 1135 1909 istum
1159 1855 1329 1938 turpe·esl,
1353 1850 1460 1941 iredqm
1485 1870 1517 1909 ac
1534 1850 1705 1911 detestabile

418 1958 543 2031 propter
567 1951 714 2012 iudicandi
737 1952 978 2020 inconstantiam,
1009 1949 1208 2029 periculosum
1237 1969 1306 2011 rero
1336 1958 1456 2029 propter
1479 1952 1604 2030 exempli
1627 1959 1705 2011 atro·

398 2056 551 2132 citatem:
576 2054 749 2132 perpendite
772 2071 888 2132 quaeso,
921 2059 1023 2112 atros
1046 2054 1186 2119 excitate;
1216 2054 1312 2114 careri
1342 2055 1398 2112 iam
1422 2053 1517 2114 adbuc
1541 2053 1704 2132 periculum

418 2162 530 2235 potest,
554 2154 632 2232 quod
657 2155 681 2214 is
704 2155 849 2214 exercitus
872 2161 971 2214 noster
995 2161 1038 2215 est
1061 2156 1109 2232 qui
1132 2153 1194 2213 solo
1218 2160 1315 2214 rostro
1338 2155 1454 2216 adiutus
1470 2154 1603 2216 consulto
1620 2155 1705 2216 lacile

387 2261 508 2319 mistum
532 2255 688 2333 inningen
719 2257 829 2316 deserti
856 2274 872 2315 a
905 2255 985 2315 vobis
1013 2273 1071 2314 non
1101 2257 1156 2315 orit
1178 2274 1236 2335 qno
1259 2256 1475 2335 confugiamus,
1507 2246 1561 2316 nisi
1584 2257 1619 2317 ad
1643 2257 1704 2318 haec

418 2379 500 2421 arma
524 2376 589 2438 quae
610 2365 680 2418 tunc
703 2359 767 2418 sine
795 2376 901 2435 magno
924 2355 1088 2417 Germaniae
1117 2357 1292 2419 detrimento
1320 2360 1439 2419 tractari
1469 2377 1527 2419 non
1556 2366 1703 2438 poterunt.

417 2460 586 2522 declinandi
609 2466 705 2520 autern
730 2460 894 2519 communis
917 2457 1070 2520 dedecoris
1093 2461 1167 2519 ratio
1192 2478 1249 2520 una
1277 2467 1335 2530 est,
1365 2462 1443 2539 quod
1473 2461 1548 2520 dicta
1578 2471 1773 2540 pernosces.

416 2563 579 2631 sententia,
603 2578 771 2639 quanquam
789 2579 870 2629 sero,
894 2561 1038 2621 indicasse
1053 2567 1152 2621 tamen
1167 2580 1218 2622 vos
1234 2563 1410 2622 constiterit:
1427 2570 1455 2621 at
1470 2561 1527 2621 lroc
1544 2580 1610 2621 sero
1626 2562 1705 2638 quod

374 2738 376 2742 Ι
417 2665 500 2732 dico,
533 2662 700 2724 huiusmodi
722 2670 765 2723 est
788 2669 820 2723 ut
841 2662 979 2742 quicquid
1003 2683 1037 2724 ex
1059 2662 1116 2722 boc
1147 2662 1193 2723 die
1221 2662 1356 2724 celeriter
1386 2664 1527 2733 feceritis,
1557 2681 1624 2723 sero
1646 2665 1703 2731 liat,

383 2765 657 2846 nqrrandoquidem
680 2765 710 2824 in
733 2783 879 2826 summum
902 2771 1050 2843 protracta
1066 2782 1114 2824 res
1130 2770 1189 2832 est,
1214 2770 1255 2833 ut,
1273 2765 1295 2822 si
1312 2765 1418 2824 diutins
1434 2764 1602 2834 differatur,
1626 2763 1703 2824 nulla

417 2886 511 2948 penes
534 2885 585 2926 ros
607 2866 753 2927 iudicandi
776 2864 897 2927 facultas
919 2854 1048 2927 'maneat
1095 2866 1240 2926 Praeterea
1271 2865 1372 2925 videtis
1400 2866 1456 2925 iam
1485 2884 1542 2925 non
1573 2872 1702 2925 nostram
1714 2875 1772 2924 §.on

417 2989 483 3031 esse
506 2967 585 3029 illam
608 2968 700 3045 magis
722 2985 809 3046 quam
833 2966 981 3046 publicam
1005 2977 1033 3028 et
1055 2968 1220 3028 Germania
1243 2984 1369 3027 causarn.
1405 2967 1482 3045 qnod
1506 2967 1562 3027 nisi
1586 2985 1706 3045 perspe-

417 3081 498 3132 ctum
523 3068 605 3130 vobis
626 3071 750 3139 scirem,
774 3076 802 3130 et
819 3058 979 3132 ¹Germanae
1001 3069 1175 3147 integritatis
1198 3069 1332 3129 conscius
1354 3068 1425 3128 mibi
1448 3086 1560 3137 essem,
1583 3067 1706 3128 ulterius

418 3172 533 3233 orando
556 3190 590 3231 ac
614 3164 786 3232 obtestarido
809 3171 885 3248 apud
909 3190 959 3230 ros
983 3171 1069 3231 verba
1094 3171 1236 3239 lacerem;
1260 3169 1448 3248 implorarem
1464 3187 1567 3230 sensus
1583 3176 1704 3239 vestros,
1788 3232 1798 3248 ‚

382 3293 456 3340 mex
478 3274 589 3335 intimis
610 3274 716 3333 vestris
738 3271 962 3349 cogitationibus
985 3273 1123 3333 iudicium
1152 3271 1335 3332 deloderem:
1367 3289 1445 3332 nunc
1475 3271 1544 3331 satis
1573 3277 1643 3349 puto
1673 3270 1700 3331 id
1712 3277 1772 3328 tw·

417 3394 506 3436 ame
528 3377 638 3436 iactum
661 3374 738 3452 quod
760 3375 789 3433 in
805 3392 846 3457 re
866 3373 917 3434 tali
939 3373 1055 3443 debuit,
1086 3392 1144 3452 quo
1163 3392 1209 3433 ne
1239 3374 1304 3451 quis
1335 3373 1413 3433 dicat
1441 3379 1549 3432 noslrae
1578 3371 1704 3434 doluisse

418 3477 550 3545 iniuria,
580 3475 654 3536 etsi
676 3474 754 3536 malo
778 3473 874 3552 aliquo
898 3477 1061 3538 Germania
1090 3476 1148 3536 lato
1178 3475 1214 3535 ad
1244 3471 1324 3535 arura
1354 3474 1410 3534 hoc
1432 3475 1579 3551 negotium
1603 3491 1705 3551 perre-

417 3580 511 3647 nerit‚
535 3594 638 3638 omues
661 3576 776 3637 rideant
798 3595 885 3655 qnam
908 3596 962 3639 nos
985 3584 1085 3639 coacte
1109 3595 1255 3656 quamque
1278 3577 1365 3636 invite
1381 3576 1458 3656 quod
1475 3575 1605 3636 debiturn
1621 3573 1706 3634 nobis

417 3683 483 3741 iure
507 3696 566 3739 noo
588 3680 772 3756 potuerimus
794 3680 930 3756 adsequi,
953 3678 1031 3742 bello
1053 3697 1276 3758 persequamur.
1322 3678 1395 3737 biri.
1420 3705 1424 3712 ·

452 3819 472 3825 ψ
484 3813 623 3823 .-----

488 3884 550 3935 ¹10
569 3885 593 3932 1.
615 3889 643 3933 et
661 3889 689 3931 11.
760 3881 781 3914 ¹⁰
799 3898 832 3932 ac
851 3889 879 3931 11.
900 3881 922 3932 Gr
940 3886 963 3931 1.
1036 3879 1196 3932 ¹⁸.Caueri
1214 3886 1242 3931 11.
1312 3879 1333 3913 ²¹
1354 3872 1415 3932 Posi
1439 3886 1545 3930 vestros
1567 3895 1616 3929 non
1639 3881 1707 3928 nulla
1775 3866 1779 3878 ’

417 3970 560 4034 adscripsit
571 3972 601 4016 u.
621 3984 678 4034 quoe
695 3970 779 4032 legere
798 3982 847 4017 non
864 3973 946 4031 potuit
965 3971 990 4016 2.
