4300 6059
584 687 632 759 38
705 689 846 752 'averem
866 715 895 751 IN
914 714 1008 751 DVCE!
1025 715 1305 752 WIRTERPEBGENSBN
1324 715 1426 750 orento
1445 716 1477 750 11.
1496 716 1608 751 tnnvttr.
1628 716 1653 751 Δ.
1670 709 1728 750 lbl'l·

582 873 732 934 liationem
755 888 821 951 quae
840 872 964 948 pecunia
987 871 1152 931 sanciretur
1173 870 1384 947 descensuros;
1408 871 1445 931 ad
1461 889 1547 949 qnam
1563 873 1763 950 suspicionem
1777 873 1870 950 siquis

582 973 749 1045 inclinavit,
777 973 910 1033 revocari
933 975 992 1032 iam
1019 990 1099 1032 nnnc
1129 971 1231 1041 debct;
1262 991 1321 1033 non
1349 991 1454 1033 eurum
1483 972 1617 1034 scelerati
1646 973 1783 1044 latronis,
1817 974 1870 1035 sed

584 1083 673 1156 caput
690 1094 725 1136 ao
744 1077 828 1135 vitam
848 1075 991 1152 petimus,
1015 1092 1112 1153 neque
1128 1074 1157 1134 id
1179 1083 1237 1135 tam
1260 1083 1293 1134 ut
1311 1077 1395 1135 istam
1416 1075 1593 1137 ulciscamur
1612 1076 1759 1146 iniuriam,
1780 1095 1870 1155 quam

516 1187 620 1251 §.seut
641 1195 798 1238 commune
820 1178 951 1236 omnium
971 1174 1137 1255 periculum
1154 1178 1311 1238 extinctum
1330 1197 1363 1237 ac
1381 1176 1521 1238 abolitum
1542 1179 1587 1238 sit.
1632 1179 1751 1240 Summa
1772 1181 1871 1259 iteque

583 1281 723 1341 adversus
745 1281 834 1340 istum
856 1281 1006 1356 petitionis
1029 1286 1137 1340 nostrae
1158 1279 1220 1339 lvaee
1246 1289 1303 1341 est:
1332 1282 1410 1340 iuxta
1438 1281 1575 1341 meritum
1596 1281 1685 1349 lerat;
1715 1299 1766 1341 vos
1793 1281 1891 1342 iudi-⁵

583 1390 664 1451 cate,
686 1400 737 1442 vos
758 1384 788 1441 in
807 1383 903 1459 ipsum
923 1381 1038 1442 iustitiae
1061 1388 1164 1442 vestrae
1186 1382 1305 1441 aculeos
1327 1382 1459 1459 defigite!
1488 1400 1558 1442 sano
1581 1369 1675 1442 donec
1704 1382 1767 1442 iura
1790 1391 1868 1452 sunt,

583 1483 656 1543 nibil
679 1484 721 1553 vi,
745 1482 819 1543 nihil
842 1484 932 1544 armis
953 1490 1144 1553 attentamus,
1168 1501 1263 1560 neque
1285 1490 1318 1543 ut
1339 1483 1396 1542 hoc
1419 1484 1517 1544 lacere
1540 1489 1691 1561 oporteat,
1716 1503 1751 1544 eo
1766 1503 1870 1546 neces·

584 1587 675 1648 sitatis
698 1584 883 1666 compulsum
906 1587 944 1645 iri
965 1603 1020 1645 nos
1042 1586 1188 1646 timemus.
1227 1602 1393 1664 quanquam
1418 1591 1512 1645 vestra
1534 1585 1592 1667 hoc
1614 1585 1790 1664 negligentia
1804 1586 1870 1648 fieri

543 1711 545 1715 ·
584 1695 698 1769 potest,
722 1689 831 1749 iudicio
854 1705 911 1747 non
936 1695 1047 1778 potest:
1070 1706 1139 1748 nam
1162 1687 1242 1748 credi
1266 1705 1325 1746 non
1348 1685 1436 1748 debet
1456 1687 1492 1747 de
1518 1670 1557 1747 eo>
1576 1705 1626 1748 vos
1647 1706 1706 1748 non
1727 1694 1871 1750 strennue

561 1806 563 1811 ’
585 1790 780 1861 iudicaturos,
803 1791 853 1869 qui
879 1771 933 1850 nos
955 1792 997 1850 sic
1018 1792 1126 1851 misere
1143 1788 1232 1857 laesit,
1255 1791 1362 1868 quique
1380 1789 1455 1849 lianc
1473 1788 1721 1870 pulchritudinem
1735 1791 1793 1851 hoc
1809 1800 1868 1852 tam
1881 1812 1906 1853 ro

516 1910 577 1962 §.en
589 1892 698 1955 acerbo
721 1891 804 1954 luctu
826 1892 1018 1953 deformatam
1042 1892 1177 1953 reddidit.
1221 1892 1266 1951 lle
1286 1909 1379 1969 prope
1402 1892 1547 1951 exanimat
1569 1909 1604 1951 ac
1626 1892 1766 1952 interimit
1787 1895 1886 1956 istius·

584 1994 664 2055 necis
686 1996 843 2056 memoria:
869 2001 946 2055 totus
967 2001 1078 2063 tremo,
1101 2002 1179 2054 totns
1201 1994 1411 2073 perhorresco,
1437 1994 1505 2053 dnm
1527 1993 1668 2058 recordor
1690 2012 1777 2072 quam
1801 1995 1869 2056 reli·

583 2081 681 2175 querit
701 2097 835 2174 corporis
857 2099 1005 2174 speciem,
1035 2113 1100 2174 quae
1121 2075 1255 2164 vulnera,
1286 2113 1372 2172 qnam
1398 2095 1572 2163 foeditatem,
1602 2097 1689 2156 toties
1719 2102 1868 2157 transacto

583 2197 695 2276 gladio,
720 2199 762 2257 sic
780 2198 923 2275 pervulsis
941 2217 975 2258 ac
998 2199 1120 2276 direptis
1144 2197 1296 2265 membris;
1328 2197 1442 2264 deinde.
1460 2195 1531 2257 illud
1559 2197 1638 2258 subit
1665 2200 1868 2277 suspendium,

583 2306 615 2358 ut
633 2316 709 2376 pene
730 2298 802 2360 lerri
825 2308 951 2378 nequeat
973 2301 1025 2360 ista
1047 2306 1161 2367 vestra,
1184 2300 1339 2367 Germani,
1361 2299 1522 2359 cunctatio:
1547 2318 1600 2378 per
1622 2319 1686 2360 eam
1710 2302 1787 2361 enim
1803 2302 1904 2366 fieriu

514 2405 694 2480 §.mpotest
717 2406 749 2460 ut
771 2403 891 2460 omnino
912 2403 1036 2480 impunis
1056 2404 1093 2462 sit
1113 2404 1177 2463 iste.
1222 2402 1299 2480 quod
1323 2420 1390 2461 curn
1412 2402 1482 2470 erit,
1513 2401 1675 2461 tuncnihil
1697 2419 1755 2462 non
1777 2404 1868 2464 aude·

583 2501 656 2560 bunt
677 2500 760 2562 mali:
783 2502 882 2563 multis
901 2506 978 2564 eninr
1001 2504 1135 2582 exemplo
1159 2505 1305 2572 ernisto,
1332 2502 1440 2564 multos
1461 2503 1497 2562 ad
1525 2504 1682 2564 loedissima
1705 2505 1867 2583 perditissi-

583 2621 689 2683 maque
711 2607 809 2664 omnia
830 2605 966 2666 obeunda
990 2607 1146 2667 animabit:
1170 2599 1318 2665 novos‘ac
1339 2606 1493 2682 pudendos
1514 2607 1545 2664 in
1563 2608 1750 2667 Germaniam
1769 2625 1869 2669 mores

582 2704 713 2775 invehet,
737 2704 793 2765 levi
816 2708 933 2786 quidem
957 2711 1082 2776 iactura,
1106 2710 1162 2769 nisi
1185 2715 1214 2768 et
1236 2708 1350 2786 imperii
1373 2707 1460 2766 buius
1482 2714 1589 2767 statum
1610 2708 1767 2777 convellet;
1788 2709 1869 2787 leges

513 2823 617 2873 §.onae
640 2807 704 2867 iura
727 2808 892 2887 dissipabit,
921 2805 1087 2889 aequitatem
1112 2818 1230 2871 evertet.
1274 2827 1329 2870 nec
1356 2827 1425 2870 vero
1454 2815 1498 2869 est
1531 2810 1610 2886 qnod
1637 2812 1790 2889 quisquam
1817 2831 1903 2874 err-ro

581 2915 679 2989 pectet
700 2909 851 2971 meliorem
875 2914 958 2972 istius
979 2919 1123 2974 mentem:
1146 2931 1183 2972 an
1205 2912 1275 2971 licet
1298 2911 1530 2971 emendationem
1553 2930 1667 2972 morum
1690 2931 1812 2990 sperare
1835 2916 1866 2974 in

581 3030 618 3073 eo
640 3014 689 3090 qui
714 3030 750 3072 ne
773 3015 915 3091 promittit
938 3015 1077 3091 quidem?
1100 3013 1226 3074 libenter
1250 3015 1326 3074 enirn
1348 3011 1441 3072 malus
1463 3021 1522 3082 est,
1547 3032 1600 3073 noc
1622 3020 1681 3074 tem
1698 3015 1806 3075 acerbe
1823 3017 1867 3076 in-

579 3113 683 3173 iuriam
708 3113 818 3181 intulit,
843 3134 929 3193 qnam
953 3116 1140 3193 impudenter
1162 3116 1282 3176 lacinus
1298 3116 1424 3183 iactarit;
1454 3116 1529 3175 idem
1559 3124 1601 3176 tot
1629 3119 1752 3202 summis
1774 3118 1867 3178 scele-

581 3215 664 3277 ribus
686 3216 844 3277 contabnit.
884 3224 913 3276 at
933 3217 981 3276 isti
1003 3218 1145 3277 immutati
1167 3218 1281 3277 tristitia
1297 3217 1384 3277 Suevi
1404 3222 1486 3285 sunt,
1510 3219 1547 3277 ita
1564 3219 1640 3277 enim
1659 3224 1716 3278 tota
1738 3238 1771 3278 ea
1787 3225 1867 3280 terra

581 3325 682 3378 nostro
704 3316 781 3378 malo
804 3319 964 3378 deformata
988 3328 1046 3388 est,
1073 3327 1106 3379 ut
1132 3321 1160 3378 in
1192 3318 1271 3378 nullo
1301 3336 1359 3377 non
1389 3319 1498 3397 oppido
1521 3321 1655 3379 autrico
1679 3339 1903 3382 communemas

512 3427 570 3478 §.tt
581 3421 722 3497 gemitum
744 3421 845 3480 audias
867 3427 895 3480 et
917 3426 1056 3498 tanquam
1079 3422 1192 3500 proprii
1212 3419 1322 3500 doloris
1337 3423 1455 3498 vestigia
1481 3422 1629 3481 invenias:
1652 3423 1772 3500 poenitet
1795 3441 1866 3502 pro·

579 3521 656 3582 lecto
679 3522 758 3600 quod
780 3540 840 3581 non
863 3522 1045 3584 confecerint
1068 3541 1182 3602 nupero
1202 3522 1253 3607 l¹¹⁰
1277 3530 1373 3590 motu;
1398 3530 1426 3583 et
1448 3530 1590 3600 quantum
1612 3542 1667 3600 ego
1682 3523 1773 3599 video,
1796 3544 1865 3585 sero

579 3621 698 3684 consilia
722 3623 861 3683 damnant
878 3643 930 3683 sua
952 3625 1066 3704 sibique
1090 3627 1256 3684 irascuntur
1278 3625 1354 3716 qqod
1380 3643 1446 3685 eum
1469 3628 1648 3685 servaverint
1668 3644 1725 3703 qno
1741 3626 1866 3689 authore

578 3727 608 3784 in
631 3724 694 3785 lraeo
715 3725 843 3785 incidant
865 3726 1032 3787 discrimina
1053 3736 1081 3787 et
1105 3727 1220 3786 cuidam
1243 3728 1325 3803 quasi
1349 3727 1476 3804 proprire
1496 3727 1622 3786 inlarniae
1643 3728 1760 3787 obnoxii
1778 3728 1863 3789 liant:

577 3845 633 3888 neo
647 3827 676 3886 id
694 3828 818 3886 mirum:
843 3830 925 3888 onius
945 3830 1022 3889 enlm
1037 3829 1140 3908 populi
1158 3828 1317 3889 clarissima
1335 3846 1452 3906 semper
1469 3828 1542 3886 larem
1558 3828 1626 3898 luit,
1647 3828 1685 3889 ab
1706 3830 1768 3889 eius
1783 3847 1901 3890 neruoso

576 3929 710 4008 principe
734 3930 859 3990 inaudita
882 3932 965 4009 prins
988 3949 1021 3991 ac
1044 3930 1181 3991 omnibns
1198 3931 1346 4007 incognita
1364 3928 1470 3990 seculis
1491 3936 1659 4008 perpetrata
1681 3929 1792 3991 scelera
1816 3948 1864 3991 or·

578 4030 646 4092 bem
666 4037 813 4092 terrarum
837 4034 972 4092 novitatis
992 4051 1051 4094 snae
1071 4033 1148 4092 lama
1170 4037 1383 4109 pervagantnr;
1416 4049 1539 4108 quaeque
1567 4033 1603 4092 de
1632 4031 1711 4092 nullo
1734 4051 1864 4110 unquam

507 4142 567 4194 §.aa
579 4132 620 4192 ibi
642 4134 757 4210 privato
780 4135 944 4211 suspicatus
965 4135 1068 4213 aliquis
1091 4140 1147 4203 est,
1171 4152 1204 4193 ea
1225 4135 1254 4193 in
1270 4134 1332 4192 eius
1349 4132 1444 4208 gentis
1459 4140 1547 4210 capnt
1562 4136 1739 4195 reciderunt.
1785 4134 1864 4205 Qua·

578 4253 611 4295 re
636 4234 727 4311 agite,
752 4234 852 4302 Suovi,
876 4234 1056 4305 libertatem,
1088 4235 1231 4312 adquam
1254 4251 1314 4293 non
1337 4234 1464 4294 obscure
1486 4235 1642 4305 anhelatis,
1672 4238 1808 4314 arripite!
1834 4240 1864 4297 in

497 4343 500 4350 '
576 4334 661 4396 nobis
677 4337 768 4412 ,istam
792 4339 1008 4414 consumpserit
1028 4337 1236 4396 immanitatem
1262 4353 1359 4403 snam;
1384 4355 1420 4396 ex
1442 4343 1541 4400 nostra
1561 4336 1724 4397 calamitate
1744 4341 1781 4399 sit
1804 4338 1898 4403 bocas

577 4436 759 4515 exemplum:
789 4457 840 4498 ros
868 4456 905 4498 ne
935 4437 1058 4498 ulterius
1086 4438 1309 4516 progrediatur,
1339 4456 1461 4517 operam
1491 4439 1577 4507 date;
1610 4439 1751 4500 hactenns
1773 4442 1864 4501 luerit

575 4541 775 4618 perniciosus,
803 4538 850 4598 hie
879 4538 919 4598 illi
947 4541 1034 4598 linem
1062 4547 1238 4609 statuamus
1273 4538 1320 4599 hic
1348 4540 1470 4600 lurontis
1502 4559 1622 4600 cursum
1656 4542 1862 4621 impediamus,

576 4660 664 4720 quern
686 4641 772 4701 nimis
794 4638 979 4716 indulgenter
1003 4642 1205 4710 tractavimus,
1236 4641 1322 4701 nimis
1344 4641 1394 4701 diu
1416 4644 1494 4720 passi
1518 4642 1616 4703 furere
1642 4645 1756 4704 sumus!
1786 4643 1862 4704 ulte·

576 4744 670 4804 riores
686 4744 763 4802 enim
782 4739 961 4800 crudelitatis
975 4740 1083 4816 gradus
1098 4743 1258 4804 ascendere
1273 4761 1333 4802 non
1349 4751 1453 4820 potest,
1472 4742 1575 4803 similia
1592 4743 1637 4804 his
1654 4762 1743 4822 agere
1760 4745 1861 4806 lorsan

641 4944 651 4974 ⁷
671 4943 858 5008 opportebit.
910 4938 920 4969 ⁹
939 4940 978 4987 Nn
995 4954 1028 5006 qs
1051 4943 1070 4990 1.
1089 4947 1136 4992 aed
1155 4946 1214 5008 quis
1233 4947 1310 4994 deleo.
1325 4951 1353 4991 H.
1392 4943 1412 4975 ¹⁰
1430 4946 1476 5008 qni
1494 4951 1563 4993 ovntr.
1579 4948 1601 4994 1.
1616 4961 1667 5010 quo
1685 4936 1817 4997 cddidrbse
1828 4956 1860 4999 H.

574 5030 660 5078 adnot.
674 5030 699 5075 2.
734 5023 757 5056 ²⁴
777 5022 832 5073 .At
849 5028 878 5070 11.
913 5021 935 5052 ²⁷
953 5024 1048 5071 ‚Bon
1086 5024 1107 5056 ²³
1127 5030 1406 5094 commotorumque.
1459 5026 1480 5060 ³⁴
1499 5023 1708 5091 Su'evi,&1.et
1725 5033 1860 5084 delenita.
1907 5074 1910 5079 .
