4300 6059
493 740 618 775 HVTTBM
637 741 666 774 nt
684 741 778 776 DVGEH
798 740 1074 775 wtttrnrtrnttotcttsntt
1093 740 1195 786 ortem
1215 740 1272 774 1111.
1292 741 1320 774 Ι.
1334 740 1399 775 AVG·
1412 741 1439 775 A.
1452 735 1510 775 lhli.
1596 711 1637 781 61

359 897 431 955 tium
454 896 615 955 continent.
659 895 790 954 Primum
813 896 901 971 igitur
923 894 976 955 abs
1003 901 1032 953 tc
1060 912 1175 972 quaero,
1206 896 1342 972 numquis
1369 897 1498 956 omnium
1527 902 1644 956 tuorum

359 996 523 1057 amicorum
546 1014 580 1056 ac
602 998 741 1056 comitum
763 997 879 1072 ignoret
901 996 978 1076 quod
1007 995 1085 1056 illam
1113 995 1225 1073 perdite
1253 998 1412 1081 auraveris‘t
1445 996 1549 1056 deindo
1571 997 1595 1054 si
1618 1003 1645 1056 te

302 1086 327 1117 '⁸
359 1097 538 1180 offenderat,
572 1105 604 1158 ut
624 1097 665 1157 illi
686 1097 774 1176 longo
796 1100 854 1158 iam
877 1105 1009 1175 tempore
1037 1096 1197 1176 capitaliter
1225 1098 1409 1166 irascereris,
1438 1115 1531 1174 quare
1559 1096 1645 1176 paulo

359 1209 426 1260 ante
449 1200 560 1260 caedem
583 1200 666 1260 dictis
687 1218 722 1260 ac
744 1201 859 1277 scriptis
881 1198 1018 1277 precibus
1040 1199 1199 1268 retinuisti,
1228 1217 1263 1258 ac
1289 1196 1367 1257 illam
1390 1197 1519 1259 obtulisti
1541 1200 1644 1277 praele-

333 1286 483 1362 acturam¹
498 1303 594 1381 stupri
616 1301 802 1362 mercedem?
825 1319 916 1379 quare
939 1319 1005 1361 eum
1028 1301 1078 1379 qui
1100 1317 1154 1379 per
1177 1298 1349 1361 maleficium
1373 1302 1465 1362 occidi
1487 1309 1644 1371 meruerat,
1656 1318 1714 1370 §.ra

360 1406 462 1465 intua
484 1403 550 1464 aula
573 1422 637 1464 esse
659 1403 793 1465 voluisti?
820 1420 912 1480 quare
940 1421 1028 1480 prece
1058 1420 1093 1461 ac
1115 1403 1210 1479 pretio
1233 1412 1355 1462 conatus
1375 1405 1503 1463 retinere
1526 1420 1557 1462 es
1578 1421 1646 1481 per-

361 1508 476 1574 inrum,
490 1504 698 1583 proditorem,
721 1506 907 1572 insidiosum,
932 1506 982 1582 qui
1004 1522 1104 1564 coram
1126 1502 1224 1565 abste
1240 1506 1405 1565 missionem
1422 1507 1522 1573 oravit,
1545 1523 1647 1583 quem·

360 1627 420 1688 que
441 1613 572 1687 paterne
594 1605 685 1668 literae
708 1614 740 1667 ut
761 1607 986 1669 necessaria·de
1009 1625 1095 1667 causa
1124 1606 1301 1667 avocabant?
1337 1606 1409 1667 Nam
1438 1607 1517 1685 qnod
1546 1606 1647 1667 buius·

360 1709 442 1771 modi
464 1710 587 1769 crimina
609 1708 726 1777 obiicis,
749 1706 875 1786 longiori
897 1710 1029 1769 oratione
1051 1707 1244 1768 refellendum
1267 1727 1325 1767 non
1347 1718 1435 1786 puto,
1459 1708 1537 1786 quod
1560 1726 1646 1769 nemo

326 1825 352 1864 ιι
363 1829 438 1881 ιιοιι,
462 1811 556 1872 intua
572 1813 697 1872 maxime
713 1810 778 1872 aula
794 1819 903 1888 tuoque
919 1812 1073 1878 comitatu,
1091 1811 1222 1886 agnoscit
1236 1828 1323 1888 quarn
1340 1820 1370 1871 tu
1385 1810 1519 1888 improbe
1533 1812 1562 1871 in
1578 1829 1646 1871 euin

362 1916 409 1974 cni
431 1912 543 1974 nelaria
567 1912 646 1980 caede
669 1912 869 1973 defensionem
890 1913 1040 1979 ademisti,
1065 1913 1223 1972 mentiaris.
1267 1912 1361 1972 Porro
1383 1913 1467 1973 aliter
1489 1913 1648 1974 existimari
1657 1921 1715 1972 tu.

360 2034 422 2075 non
444 2022 557 2094 potest,
587 2015 682 2092 siquid
705 2015 756 2075 tibi
779 2017 881 2077 luisset
902 2021 1005 2075 eontra
1028 2013 1109 2073 illurn
1131 2014 1204 2073 iuris
1225 2020 1276 2073 aut
1297 2015 1401 2092 siquod
1424 2016 1542 2075 omnino
1565 2014 1643 2094 llagi·

361 2119 434 2178 tium
458 2119 667 2187 commisisset,
691 2120 764 2194 quin
787 2126 818 2177 tu
840 2116 911 2178 illud
926 2116 1046 2195 planum
1061 2107 1175 2176 laceres
1189 2134 1224 2175 ac
1239 2116 1361 2177 testibus
1378 2117 1513 2185 doceres,
1537 2119 1647 2195 potins·

361 2236 421 2296 qne
447 2238 481 2280 re
508 2221 573 2297 ipsa
600 2236 687 2296 quam
715 2219 794 2278 inani
821 2221 939 2280 nornine
968 2228 1057 2280 tunm>
1079 2218 1188 2278 lactum
1209 2218 1399 2280 ‘defenderes
1445 2219 1529 2289 Quod
1551 2219 1646 2298 siquid
1656 2227 1714 2278 §.tt

327 2320 490 2381 niamdnm
513 2319 620 2388 habes,
644 2321 713 2389 ede,
737 2329 787 2382 ant
808 2302 872 2381 illos
895 2320 999 2381 saltem
1017 2322 1118 2398 proter
1140 2320 1218 2397 apud
1240 2338 1314 2398 quos
1337 2320 1480 2383 detexisse
1501 2329 1531 2382 te
1552 2320 1648 2382 scelus
1765 2300 1771 2312 ’

290 2500 294 2509 ¹
360 2422 475 2492 aiebas,
499 2422 606 2502 quibus
627 2422 920 2500 arbiutsperfidiam
942 2423 983 2483 illi
998 2422 1172 2490 obiicicbas,
1195 2441 1230 2481 ac
1244 2421 1314 2481 illud
1331 2441 1444 2500 expone
1460 2423 1552 2494 nobis,
1576 2442 1647 2503 quo·

361 2525 450 2585 modo
473 2526 650 2603 conscientia
673 2527 803 2585 criminis
825 2545 893 2586 cum
915 2543 946 2586 se
968 2510 1120 2602 adlligerei
1142 2543 1176 2584 ac
1198 2525 1321 2602 patriam
1344 2523 1498 2599 deserere,
1522 2534 1647 2587 mortem

361 2627 443 2688 adire
467 2625 568 2695 vellet,
597 2634 757 2687 contra'te
786 2635 884 2688 tamen
912 2627 1047 2705 petulans
1075 2611 1142 2687 esse‘
1167 2622 1274 2702 potuit,
1305 2633 1337 2684 ut
1364 2626 1414 2686 tibi
1444 2628 1648 2689 malediceret?

351 2731 427 2808 'quis
453 2731 486 2789 in
505 2747 619 2789 summa
642 2729 846 2807 desperatione
868 2729 1034 2809 petulantiae
1055 2727 1155 2789 locus‘t
1178 2727 1215 2786 Et
1235 2728 1311 2787 scire
1334 2727 1451 2799 laboro,
1475 2748 1545 2791 num
1569 2730 1646 2808 apud
1656 2742 1716 2793 ιιι.

325 2850 413 2891 neos
436 2833 465 2892 in
489 2839 518 2891 te
539 2826 678 2908 loquutus
700 2832 751 2899 sit,
774 2833 851 2909 apud
875 2849 948 2909 qnos
971 2838 1001 2891 tu
1025 2849 1093 2891 eum
1115 2828 1293 2890 accusabas?
1316 2848 1353 2889 an
1375 2829 1447 2889 alins
1469 2832 1599 2893 habebas
1618 2842 1649 2893 tu

361 2933 470 3011 quibus
491 2940 576 2992 tuum
598 2932 730 2993 dolorem
754 2931 796 3008 (ut
816 2934 921 3012 inquis)
945 2932 1131 3000 manifestum
1159 2932 1286 2999 laceres,
1315 2932 1388 2992 alios
1408 2931 1456 2994 ille
1475 2934 1553 3010 apud
1575 2952 1649 3012 quos

362 3034 530 3095 lasciviret?
552 3033 666 3094 Rursus
689 3042 786 3095 antem
809 3036 879 3113 quid
901 3043 929 3095 te
951 3035 1047 3112 coegit
1068 3016 1097 3094 in
1120 3043 1169 3094 tua
1191 3034 1257 3094 aula
1280 3033 1359 3093 ierre
1387 3052 1454 3093 eum
1483 3037 1566 3096 cuius
1587 3037 1648 3115 pri·

361 3154 444 3197 mum
465 3135 619 3215 perfidiam
642 3136 900 3215 deprehendisses,
923 3137 1030 3198 deinde
1051 3136 1171 3196 insidias
1192 3153 1309 3213 quoqne
1337 3135 1467 3196 videres?
1494 3155 1530 3196 an
1552 3136 1598 3197 vel
1618 3139 1648 3196 in

361 3239 421 3299 boo
444 3245 590 3298 conventu
612 3237 658 3298 vel
681 3238 789 3318 ubique
812 3247 856 3300 est
877 3241 928 3318 qui
949 3238 1002 3298 tibi
1032 3238 1148 3308 credat,
1176 3238 1200 3295 si
1229 3236 1315 3297 talem
1340 3236 1424 3298 illum
1452 3241 1646 3314 cognovisses,

326 3344 495 3424 nquinnp
517 3358 608 3400 unum
631 3341 749 3417 quidem
772 3339 887 3401 tulisses
910 3341 1004 3401 diem‘t
1037 3342 1098 3418 rige
1126 3346 1224 3400 autem
1245 3337 1301 3415 ¹illa
1328 3357 1418 3417 qnam
1442 3347 1472 3401 tu
1495 3343 1573 3419 quod
1593 3342 1716 3404 bo-§.n
1769 3326 1772 3333 ’

362 3450 447 3504 nesto
469 3449 536 3502 nata
558 3442 595 3502 sit
616 3440 698 3511 loco,
721 3459 781 3502 non
803 3443 883 3521 quod
905 3444 1026 3503 honeste
1049 3443 1172 3509 vixerit,
1196 3441 1243 3500 hic
1266 3442 1470 3512 commendas
1500 3444 1649 3522 quomodo
1791 3430 1794 3436 “

361 3544 416 3605 abs
439 3552 466 3604 te
490 3543 673 3605 detenditur?
695 3562 732 3604 an
754 3563 922 3624 quenquam
945 3544 1050 3614 habes,
1074 3563 1134 3603 non
1149 3540 1290 3611 indicem,
1314 3544 1366 3604 sed
1381 3524 1507 3605 amicum
1523 3554 1553 3604 et
1567 3546 1649 3606 lami·

362 3646 481 3714 liarem,
505 3648 552 3707 eni
574 3645 766 3723 persuasibile
789 3646 826 3706 sit
847 3665 907 3707 non
928 3654 1069 3707 tentatam
1092 3646 1195 3708 abste
1218 3654 1348 3707 autnon
1371 3654 1539 3725 corruptam
1563 3649 1648 3708 etiam

362 3765 430 3826 quae
452 3750 508 3808 iam
532 3766 626 3817 nirnc,
653 3759 829 3826 postquam
858 3757 888 3810 tn
919 3750 980 3810 eius
1007 3742 1145 3810 maritum
1167 3749 1354 3816 interfecisti,
1385 3756 1442 3809 tuae
1472 3750 1550 3815 domi
1573 3751 1647 3818 vivit,

329 3856 422 3910 senec
443 3848 544 3926 luget,
564 3857 594 3909 et
614 3850 779 3929 turpissima
802 3852 930 3920 moecha,
955 3851 1125 3913 detestabile
1147 3861 1292 3921 scortum,
1322 3851 1406 3911 nobis
1428 3852 1475 3912 hic
1497 3851 1577 3912 luctu
1600 3851 1649 3913 de·
1674 3871 1680 3886 ·

363 3951 511 4019 formatis,
535 3952 563 4010 in
585 3957 636 4011 tuo
659 3953 720 4028 ipsa
736 3952 1108 4030 complexu‘meretrieium
1121 3954 1221 4015 induta
1238 3953 1348 4014 cultum
1364 3955 1419 4014 sibi
1434 3954 1546 4033 placet,
1569 3962 1648 4014 tuam

363 4055 519 4114 vaesaniam
546 4054 628 4112 noris
651 4052 776 4115 subinde
797 4054 944 4115 illecebris
967 4057 1072 4116 excitat
1093 4076 1128 4117 ac
1144 4057 1244 4116 louet?
1266 4063 1316 4116 aut
1338 4076 1396 4116 non
1419 4075 1520 4117 omnes
1541 4058 1717 4122 sciunttu.

363 4173 422 4233 qua
444 4154 521 4216 illius
541 4156 633 4215 utaris
655 4175 759 4235 opera,
783 4175 848 4236 qnae
870 4164 966 4235 potest
988 4159 1096 4218 amisso
1119 4159 1243 4236 corriuge
1265 4157 1330 4227 tali,
1361 4167 1393 4219 ut
1414 4162 1443 4219 iu
1466 4162 1529 4219 eius
1552 4177 1649 4237 neque

363 4259 489 4317 formam
512 4275 608 4335 neque
630 4265 742 4319 etatem
765 4254 861 4337 ne'que
884 4269 982 4320 mores
1004 4266 1054 4320 aut
1076 4277 1168 4336 genus
1191 4260 1281 4322 ullum
1305 4263 1412 4324 cadere
1434 4264 1533 4324 odium
1556 4264 1650 4324 eredi-

329 4357 425 4421 aebile
446 4358 549 4428 inerit,
572 4367 602 4420 et
623 4358 714 4421 laetari
737 4367 766 4420 et
788 4360 844 4421 coli
867 4363 1027 4432 civitem,
1051 4364 1140 4439 idque
1163 4372 1274 4433 tecum,
1303 4382 1465 4444 perquem
1489 4366 1573 4426 vidua
1597 4372 1649 4433 est,

432 4629 577 4697 ¹nnnqnie
598 4633 619 4680 1.
671 4627 752 4706 'lae
771 4635 795 4682 l.
816 4640 845 4683 ot
862 4638 978 4686 ro‘rreeit
996 4641 1024 4685 Η.
1095 4629 1222 4701 7(ιιιιιιιιί)
1241 4641 1264 4687 l.
1341 4637 1361 4670 ¹²
1379 4647 1476 4692 contre
1493 4646 1608 4694 connexit
1620 4649 1649 4694 Η.

364 4718 393 4766 in
413 4720 435 4766 1.
490 4715 510 4750 ¹³
528 4717 644 4767 fecisses
661 4724 691 4768 11.
743 4719 885 4770 docuisses
901 4726 930 4770 11.
984 4718 1006 4754 ¹⁴
1024 4721 1172 4773 defendere
1189 4725 1237 4773 sed
1252 4726 1352 4774 enotatis
1373 4728 1576 4790 praecedentibus
1593 4745 1649 4778 aer·-

363 4800 404 4851 bie
419 4801 565 4866 potiusque
583 4817 612 4851 re
630 4803 691 4868 ipse
708 4809 739 4854 11.
758 4821 830 4870 qnam
852 4808 1048 4856 emendationem
1071 4813 1181 4873 quarente
1202 4812 1287 4873 tepere
1309 4813 1463 4874 neqniverit,
1487 4819 1569 4861 tannen
1591 4816 1649 4864 inde

363 4892 556 4952 comparentem
571 4887 883 4949 infinitiomn'deiendere
902 4892 972 4940 dedit
991 4895 1015 4939 2.
1068 4891 1090 4923 ¹⁶
1108 4894 1150 4942 nis
1162 4899 1192 4942 n.
1204 4909 1255 4942 sec.
1269 4896 1293 4942 2.
1311 4896 1360 4945 sed
1376 4896 1407 4944 de
1424 4904 1518 4947 mutato
1537 4898 1651 4948 obiicie-

365 4970 417 5019 bee
435 4971 497 5020 nihii
512 4972 597 5020 adnot.
610 4974 636 5021 ².
688 4971 709 5006 ¹²
727 4973 867 5024 desereret
883 4991 951 5025 corr.
964 4980 994 5023 11.
1047 4974 1067 5008 ¹⁸
1086 4977 1137 5026 tibi
1150 4980 1272 5029 ἀεῖσαι
1317 4977 1340 5012 ¹⁸
1354 4987 1415 5044 poet
1433 4983 1477 5031 cni
1496 4983 1594 5048 aliquid
1604 4985 1650 5033 ad·

364 5056 443 5104 ιίἰιιαιι
460 5069 515 5104 me
538 5055 569 5104 ab
587 5059 626 5117 H„
646 5059 714 5121 quod
730 5074 779 5108 non
796 5067 902 5124 caperet
920 5061 1050 5111 adnotavit
1067 5063 1094 5110 2.
1146 5060 1168 5094 '⁰
1185 5077 1257 5114 nune
1275 5070 1350 5130 post,
1370 5078 1450 5130 quem
1471 5068 1493 5114 1.
1507 5068 1532 5114 2.
1630 5060 1632 5063 ’
