4300 6059
456 682 467 750 l
480 681 524 751 l0
544 712 667 747 uvrrssr
681 712 717 746 an
728 711 875 745 rnrncrrss
888 711 971 745 osnu.
980 713 1015 746 vr
1029 711 1139 747 nnucvu
1153 711 1252 746 rvucrs
1264 711 1403 746 murmur
1413 692 1731 761 emanandum.)
1774 712 1776 717 ·

449 866 576 928 lerantes
599 867 768 935 victoriam,
793 867 843 944 qui
866 864 1170 944 splendidissimorum
1194 868 1329 931 conscius
1351 866 1407 926 silai
1423 867 1601 936 facinorum,
1625 866 1735 927 deinde

449 970 658 1029 ditissimarum
681 970 831 1028 nationum
854 976 957 1029 ariolus
984 967 1100 1048 spoliis,
1129 951 1377 1029 esurientissimus
1399 967 1500 1046 glorian
1528 969 1642 1028 iuvenis
1670 968 1733 1027 ani·

448 1089 514 1152 nuos
542 1069 658 1131 sustulit
685 1077 715 1130 ct
741 1088 879 1130 successu
906 1071 1015 1149 prioris
1044 1071 1169 1131 fortunae
1197 1071 1314 1131 indatus
1343 1049 1439 1131 omnia
1468 1068 1644 1148 amplissima
1675 1069 1732 1130 sini

381 1180 441 1229 §.tu
451 1173 604 1251 proponit,
628 1172 707 1231 liunc
729 1171 833 1242 talem,
856 1174 989 1251 inquam,
1014 1172 1218 1239 liostemcuni
1241 1175 1270 1232 in
1293 1171 1661 1251 propinquohabcamus,
1691 1173 1732 1232 ita

450 1283 481 1333 ut
503 1272 583 1332 nullo
604 1274 661 1332 iam
685 1276 760 1334 mari
782 1291 836 1335 nec
867 1276 906 1333 ita
937 1274 1026 1351 longo
1054 1282 1201 1335 terrarum
1230 1274 1383 1335 intervallo
1411 1274 1570 1336 discretum
1599 1294 1616 1334 a
1644 1274 1752 1334 nobisa

449 1374 559 1436 bellurn
581 1377 631 1445 sit,
655 1394 715 1436 non
738 1375 774 1435 ad
797 1376 992 1436 resistendum
1015 1395 1066 1437 vos
1089 1359 1265 1453 accingetis?
1296 1394 1356 1434 non
1378 1376 1568 1453 implorantes
1589 1375 1731 1438 auxilium

450 1485 579 1538 restrum
602 1478 781 1539 Christianos
802 1494 905 1539 omncs
927 1477 1071 1539 audietis?
1093 1496 1152 1537 non
1176 1479 1205 1536 in
1228 1496 1342 1537 summo
1365 1496 1465 1538 rerum
1489 1478 1658 1538 discrimine
1682 1495 1733 1537 vos

451 1579 630 1640 visitabitis?
659 1579 785 1657 denique
808 1596 867 1639 non
895 1561 1086 1641 defendendae
1114 1579 1216 1640 saltem
1240 1581 1405 1641 Germaniae
1431 1578 1583 1646 consilium
1611 1579 1732 1657 capitis?

332 1751 336 1760 .
382 1680 545 1751 §.aeduam
568 1700 617 1742 ros
640 1682 693 1741 ista
717 1681 840 1742 dedecet
862 1683 959 1758 quies,
983 1700 1020 1742 ne
1036 1682 1132 1742 dicam
1146 1681 1270 1743 desidia:
1294 1689 1323 1741 et
1338 1681 1404 1741 dico
1419 1681 1544 1742 desidia:
1567 1683 1637 1761 quid
1653 1683 1732 1744 enim

450 1783 493 1845 vel
516 1775 595 1844 domi
618 1785 731 1860 agimus
752 1784 870 1844 interim
893 1785 1054 1844 strennue?
1082 1786 1176 1861 Atque
1198 1785 1286 1862 igitur
1305 1785 1351 1843 ‚sic
1373 1764 1460 1861 puto,
1488 1785 1582 1862 inagis
1603 1786 1657 1844 ista
1680 1784 1731 1844 de·
1745 1802 1768 1838 io

449 1887 534 1948 decet
555 1904 606 1945 vos
629 1887 738 1946 desidia
763 1904 851 1964 quam
873 1883 1030 1946 llerculom
1053 1885 1198 1945 muliebre
1219 1887 1438 1960 vestimentum,
1461 1884 1488 1944 id
1506 1893 1550 1945 est
1564 1904 1652 1964 quarn
1668 1884 1731 1946 bel·

429 1987 571 2057 *latorem
593 1990 687 2048 virum
710 1987 791 2047 colus
814 1996 842 2047 ct
864 1986 938 2048 lana.
958 2025 963 2037 ·
980 1987 1124 2058 Quocirca
1154 1990 1221 2066 quia
1251 2005 1345 2066 prope
1371 1985 1537 2064 periculum
1566 1996 1610 2048 est
1638 1997 1667 2047 et
1688 1989 1731 2047 in·

444 2093 544 2168 *gentis
559 2089 752 2169 adipiscendo
767 2087 867 2167 gloriae
882 2092 911 2149 in
927 2095 1065 2166 promptu
1081 2091 1213 2159 occasio,
1237 2090 1385 2167 erlungus,
1409 2089 1556 2165 exurgite!
1579 2107 1729 2166 nunquam

352 2203 438 2254 ·t.⁵t
450 2194 558 2255 rectius
581 2193 683 2251 moniti
706 2193 790 2260 estis,
820 2199 852 2251 ut
874 2191 1037 2251 Germanos
1064 2210 1114 2251 ros
1143 2211 1206 2252 esse
1228 2191 1395 2251 meminisse
1424 2189 1524 2250 velitis.
1568 2191 1629 2251 lain
1650 2187 1750 2252 trulla

448 2296 484 2356 dc
506 2294 590 2355 nobis
612 2293 688 2354 hona
711 2293 789 2370 apud
811 2294 927 2353 exteros
956 2294 1055 2372 opinio
1088 2301 1145 2360 est,
1176 2299 1271 2354 restra
1294 2290 1394 2370 culpa:
1423 2292 1560 2354 desidetis
1588 2294 1665 2353 enirn
1681 2298 1764 2354 'acis

385 2441 388 2450 .
448 2396 563 2476 inglorii
584 2413 638 2474 per
661 2398 749 2456 otiuin
773 2396 910 2473 torpedo,
934 2414 990 2482 nce
1012 2397 1120 2456 nostris
1142 2397 1256 2455 utimini
1279 2393 1397 2454 virilius,
1442 2412 1510 2454 narn
1532 2395 1601 2472 quid
1624 2394 1730 2474 aliquis

448 2499 606 2558 admiratur
629 2497 738 2558 nullam
765 2498 801 2558 de
831 2497 916 2557 nobis
943 2495 1114 2575 praeclaram
1143 2514 1270 2575 peregre
1299 2498 1405 2560 lamam
1434 2497 1582 2573 divagari?
1615 2498 1730 2558 ferrum

447 2617 565 2678 quoque
587 2607 616 2660 ct
638 2600 775 2679 resgnisi
798 2616 949 2669 exerceas
978 2599 1165 2677 splendorem
1188 2600 1316 2677 perdunt
1343 2620 1377 2661 ac
1399 2601 1565 2678 rubiginem
1587 2599 1729 2659 induunt:

446 2709 475 2761 at
496 2703 589 2779 gerite
611 2700 720 2761 bellum
744 2708 773 2761 et
794 2720 849 2762 nos
872 2708 1023 2770 exercete,
1047 2703 1143 2761 statim
1161 2708 1242 2761 retus
1257 2703 1398 2779 rerigelrit
1413 2702 1520 2781 gloria,
1543 2703 1640 2762 statim
1656 2702 1730 2761 Ger·

446 2821 532 2863 mana
555 2802 729 2864 reclarescet
753 2805 857 2871 virtus,
881 2821 940 2864 non
964 2804 1059 2863 minus
1082 2822 1169 2880 quam
1192 2803 1274 2864 sulco
1297 2807 1526 2866 attritusromer
1541 2802 1764 2881 splendescitao

377 2904 483 2964 §.etEt
496 2900 561 2965 lroc
582 2923 673 2965 unum
696 2914 740 2967 est
762 2904 914 2966 eonsilium
937 2923 995 2983 «luo
1018 2908 1134 2982 possitis
1156 2908 1301 2966 sinistram
1325 2907 1362 2967 de
1377 2906 1458 2967 vohis
1473 2907 1642 2984 opinionem
1657 2905 1730 2965 alio-

445 3005 506 3068 lere
528 3026 562 3067 ac
591 3009 697 3068 veteris
723 3009 843 3086 ignaviae
873 3008 1001 3068 dedecus
1030 3025 1111 3066 norm
1141 3009 1253 3068 virtutis
1282 3008 1373 3084 gloria
1402 3026 1611 3087 compensare:
1646 3008 1730 3067 tertis

445 3111 522 3169 enim
543 3107 622 3170 illam
645 3109 742 3170 adlruc
763 3111 927 3171 Germaniae
949 3108 1044 3169 labeni
1067 3110 1161 3177 inuri,
1192 3109 1269 3170 illam
1298 3111 1441 3189 imprimis
1463 3111 1667 3187 ignominiam,
1698 3116 1730 3169 ut

444 3228 503 3270 non
526 3230 594 3271 ausa
617 3214 755 3272 resistere
777 3211 881 3273 'l'urcis
904 3210 1059 3272 credatur?
1089 3212 1174 3271 sultis
1204 3211 1271 3272 illud
1302 3214 1447 3273 maiorum
1476 3218 1641 3273 vestroruin
1671 3213 1728 3271 vir·

444 3318 505 3374 tute
529 3321 645 3392 parturn
668 3316 824 3393 imperium
847 3314 1003 3374 deserere?
1025 3315 1114 3372 immo
1138 3332 1206 3373 iero
1222 3314 1369 3382 mavultis
1393 3315 1589 3393 oprincipes,
1613 3314 1761 3373 servirem

445 3411 549 3476 Tureis
571 3435 658 3496 quarn
680 3417 790 3477 mundo
812 3416 976 3496 imperare?
1005 3414 1090 3475 sultis
1118 3413 1195 3475 ultro
1224 3416 1338 3493 iugum,
1361 3430 1435 3476 cum
1465 3414 1613 3495 depellere
1643 3414 1729 3475 facile

375 3523 394 3575 t.
403 3525 434 3569 ³¹³·
446 3520 578 3596 possitis,
600 3518 683 3579 vobis
705 3520 877 3579 accersere?
900 3518 992 3587 Quam
1015 3525 1083 3577 sunt
1098 3517 1194 3597 omnia
1210 3518 1411 3595 turpitudinis,
1434 3520 1529 3578 omnia
1546 3518 1729 3592 dedecorum
1765 3507 1778 3523 ‘

443 3619 543 3697 pleua;
575 3628 604 3680 et
631 3638 734 3697 quam,
769 3622 823 3680 nisi
854 3620 1076 3697 resipiscamus,
1111 3617 1182 3678 nihil
1215 3627 1258 3679 est
1287 3620 1316 3678 in
1347 3621 1502 3681 Germania
1533 3619 1728 3681 Germanum!
1783 3676 1785 3681 .

443 3721 540 3782 Nostri
563 3724 706 3792 maiores,
738 3730 771 3783 ut
793 3722 829 3782 ab
859 3722 1059 3799 antiquissimo
1088 3728 1235 3797 repetam,
1263 3722 1393 3781 onrriium
1422 3723 1560 3782 virtutum
1589 3721 1729 3799 opinione
1777 3723 1779 3726 ’

419 3858 425 3870 .
443 3826 662 3886 commendatos
685 3824 749 3884 orbi
771 3831 917 3884 terrarum
940 3821 1008 3883 olim
1031 3822 1179 3883 llomauos
1201 3841 1259 3883 uon
1281 3824 1497 3892 sustinuerunt,
1519 3831 1548 3884 et
1571 3830 1762 3883 externumoo

444 3927 490 3987 liic
513 3928 669 4006 imperium
692 3926 765 3986 adeo
787 3925 946 4003 prohibere
969 3926 1064 3985 conati
1087 3935 1172 3995 sunt,
1196 3933 1228 3985 ut
1250 3924 1349 3985 ultima
1372 3926 1502 3986 onmium
1525 3926 1653 4003 experiri
1669 3923 1729 3984 vel·

374 4028 505 4089 aarum
532 4031 613 4108 prius
643 4048 731 4108 quam
758 4028 922 4088 Romanum
950 4027 1096 4087 haberent
1124 4028 1293 4087 dominium.
1338 4028 1426 4106 idque
1447 4028 1625 4088 olfecerunt.
1671 4026 1729 4085 llos
1809 4028 1812 4044 ‘

441 4130 569 4202 lurcos,
592 4151 607 4192 a
631 4132 818 4210 spurcissimo
840 4131 936 4190 omnis
957 4127 1105 4189 barbarici
1127 4128 1287 4189 colluvione
1311 4129 1463 4207 prollatani
1483 4134 1601 4205 gentem
1618 4134 1648 4188 et
1662 4146 1730 4205 qum

441 4235 477 4292 ad
500 4253 564 4302 ros,
596 4252 655 4294 non
678 4243 710 4295 ut
731 4236 857 4312 imperet
877 4232 928 4292 sod
952 4241 985 4291 ut
1006 4231 1135 4298 occidat,
1168 4233 1259 4299 venit,
1290 4232 1421 4291 infensos
1450 4231 1585 4307 religioni
1616 4248 1650 4289 ac
1673 4248 1727 4289 no·

386 4376 390 4384 .
441 4336 511 4394 niini
533 4335 696 4396 Christiano
718 4335 874 4413 plusquam
897 4333 978 4394 credi
1001 4327 1092 4410 possit
1113 4332 1261 4402 inimicos
1290 4335 1390 4395 ieretis
1412 4334 1517 4410 reges?
1546 4330 1651 4400 Quaeso
1674 4347 1761 4390 rosas

441 4438 605 4513 agnoscite,
630 4446 659 4497 et
682 4457 769 4517 quam
792 4439 821 4497 in
844 4444 924 4498 tanto
948 4432 1095 4515 periculo,
1126 4442 1167 4494 tot
1195 4453 1226 4496 se
1254 4435 1332 4496 ultro
1354 4433 1546 4495 offerentibus
1568 4434 1728 4493 occasioni·

373 4537 498 4599 §.⁵⁵.bus
519 4557 579 4599 non
608 4539 709 4602 doceat
737 4541 900 4603 Germanos
924 4539 1011 4599 otiari
1039 4536 1173 4612 cogitate.
1218 4540 1384 4617 quanquam
1412 4542 1443 4597 ut
1471 4535 1584 4597 nullum
1614 4543 1727 4595 tantuin

420 4636 680 4721 supermodum,
709 4662 763 4704 nec
787 4661 837 4703 vos
858 4648 962 4718 urgeat
984 4639 1157 4718 quicquam,
1187 4645 1284 4699 tomen
1314 4657 1400 4718 quarn
1430 4639 1466 4698 sit
1493 4639 1647 4718 proprium
1670 4636 1728 4697 lioc

506 4863 557 4898 ¹⁰¹¹?
577 4865 659 4915 decet
675 4868 701 4914 2.
718 4865 767 4914 sed
782 4879 850 4913 corr.
864 4863 912 4924 is.
978 4859 996 4893 ¹¹
1017 4857 1142 4925 Hercul]
1163 4859 1205 4909 cf.
1219 4859 1301 4909 Febr.
1315 4860 1350 4908 11.
1364 4860 1387 4919 ξ.
1401 4858 1443 4908 48.
1463 4858 1527 4921 (vol.
1541 4859 1607 4908 llll.
1621 4857 1726 4923 ples.)

440 4945 462 4982 ¹⁶
479 4952 567 5000 ocium
589 4953 611 4998 1.
663 4948 684 4980 ¹⁷
702 4949 736 4998 ad
756 4948 905 4997 admiratur
923 4949 948 4995 2.
1000 4947 1114 4996 Ferrum
1132 4950 1160 4993 11.
1213 4943 1235 4975 ²¹¹
1253 4941 1339 5007 sulco]
1358 4945 1396 4996 cl.
1409 4943 1513 5009 Vergil.
1527 4959 1622 5008 georg.
1641 4945 1665 4994 1.
1681 4941 1723 4993 to.

439 5033 462 5066 ²⁶
480 5035 568 5085 Vultis
585 5038 614 5087 11.
667 5033 688 5065 ‘³
706 5033 793 5083 ociori
812 5036 835 5081 1.
