4300 6059
551 719 687 755 utentum
701 718 876 754 naunnontrtt
890 719 924 753 DE
938 714 1087 754 COEVERTV
1098 718 1274 754 AVGVSTENEI
1286 718 1462 754 onscttrrrlo.
1475 705 1502 752 'A-
1514 710 1573 752 lblss.
1632 641 1700 758 2*

373 903 379 914 ·
419 877 592 940 oriebantur,
616 878 720 934 irustra
742 886 848 951 tempus
870 894 931 932 eum
953 876 1241 933 maximoOGermanici
1265 876 1367 950 fastigii
1389 876 1520 933 dedecore
1542 876 1657 949 transigi
1680 883 1707 932 ct

419 971 581 1038 propterea,
611 962 817 1018 ne·iomentnm
841 961 972 1017 malornm
1001 962 1121 1017 omnium
1150 961 1266 1017 ulterius
1296 959 1429 1023 aleretur,
1456 963 1585 1036 pietatem
1614 961 1707 1034 potius

418 1047 590 1123 gloriamque¹
611 1065 642 1103 ae
666 1054 819 1120 temporum
841 1048 1029 1103 necessitatem
1058 1046 1240 1120 respicerent,
1269 1063 1303 1103 ne
1333 1047 1360 1102 in
1389 1064 1464 1102 suam
1491 1047 1613 1121 ipsorum
1640 1046 1707 1102 invi·

418 1133 490 1189 diam
513 1133 642 1207 quicquid
663 1131 824 1187 Christianis
846 1140 941 1205 postca
964 1131 1026 1186 mali
1049 1132 1183 1206 evenerit,
1214 1132 1360 1187 reiiciatur.
1404 1131 1466 1187 llaec
1493 1140 1521 1187 et
1538 1129 1633 1186 -multa
1654 1129 1775 1191 aliaeu.

396 1234 482 1274 acum
503 1217 593 1282 Caesar
613 1216 681 1290 satis
703 1219 822 1289 graviter
843 1226 870 1272 et
893 1216 1031 1290 sapienter
1052 1217 1258 1289 disputavisset,
1281 1215 1411 1273 Oratores
1433 1209 1500 1272 inibi
1521 1207 1529 1276 Ι
1551 1209 1708 1287 ξ’ῑζἪωΨ

416 1301 554 1366 Polbnt'ae.
577 1302 625 1376 qui
646 1302 739 1375 priore
761 1301 804 1357 die
826 1300 913 1356 audiri
935 1318 991 1357 non
1013 1311 1177 1375 potnerunt,
1200 1302 1228 1357 in
1250 1301 1343 1358 eadem
1364 1301 1440 1357 curia
1462 1300 1546 1357 auditi
1570 1309 1644 1366 sunt,
1674 1300 1709 1357 Et

419 1388 547 1461 quoniam
562 1387 627 1463 Jraee
648 1387 734 1461 prima
750 1380 915 1443 Caesarisne
938 1386 1091 1460 principum
1112 1386 1199 1442 sessio
1221 1385 1312 1443 babita
1334 1395 1391 1448 est,
1414 1403 1505 1460 operae
1522 1386 1641 1460 precium
1655 1385 1708 1441 erit

418 1471 499 1528 side
520 1471 630 1528 sedendi
653 1471 748 1527 ordine
770 1470 870 1545 aliquid
894 1471 1039 1545 scripsero.
1084 1470 1173 1527 Caesar
1194 1471 1221 1526 in
1244 1470 1352 1528 sublimi
1376 1471 1436 1527 loco
1452 1462 1776 1552 l.{„⁰2⁰2f¹ffissfl“¹·i.³8.

419 1557 518 1612 sedens
544 1557 638 1612 dextra
666 1554 785 1629 laevaque
813 1555 951 1629 principes
980 1573 1074 1612 orrrues
1102 1556 1252 1612 assidentes
1281 1556 1386 1632 babuit:
1415 1556 1536 1611 dextram
1564 1561 1710 1611 tennerunt
1807 1626 1809 1632 Ι

387 1633 652 1716 iadmbiepiscopus
674 1641 860 1715 llaguntinus‚
890 1641 985 1696 Comes
1016 1640 1150 1714 palatinus
1172 1640 1272 1703 libeni,
1302 1640 1527 1715 brebiepiseopus
1549 1640 1710 1703 Bremeusis,

419 1726 598 1800 llarquardus
619 1726 786 1800 praepositus
808 1725 1028 1798 bambergensis,
1052 1726 1098 1799 qui
1121 1725 1318 1782 Archidneatns
1338 1726 1455 1782 lustriae
1477 1725 1567 1782 locum
1591 1725 1708 1787 tenebat,

420 1812 581 1886 Capitaneus
603 1810 801 1885 archiepiscopi
825 1809 1033 1882 Salzburgensis
1056 1820 1172 1878 orator,
1188 1809 1337 1885 Episcopus
1359 1810 1577 1883 bambergensis,
1599 1810 1710 1885 Episco-

419 1913 473 1970 pus
487 1894 706 1970 llerbipolensis‚
729 1896 879 1969 Episcopus
894 1895 1090 1969 dystettensis,
1113 1895 1262 1969 Episcopus
1278 1897 1473 1969 nusgumensis,
1493 1895 1644 1970 Episcopus
1658 1894 1708 1951 tta·

419 1981 602 2054 tisponensis,
631 1979 781 2054 Episcopus
804 1979 1050 2053 Ratzenburgensis
1079 1998 1110 2035 ac
1133 1988 1256 2036 oratores
1277 1988 1440 2037 caeterorum
1463 1982 1662 2055 episcoporum.
1692 1989 1775 2040 aima.

386 2066 535 2123 resinistro
549 2065 663 2121 Caesaris
685 2063 769 2121 latere
792 2065 920 2120 sederunt
942 2065 1170 2138 brebiepiscopus
1186 2065 1359 2121 Trevcrensis
1380 2064 1497 2128 elector,
1520 2065 1709 2139 brebiepisco·

419 2167 473 2225 pus
493 2149 664 2206 boloniensis
685 2149 802 2210 elector,
825 2151 880 2206 linx
905 2149 1028 2206 Senoniae
1052 2149 1167 2211 elector,
1190 2150 1308 2207 liarcbio
1327 2150 1707 2224 brandeburgensis'eleetor,

419 2235 557 2309 Georgius
578 2235 636 2291 ltux
658 2234 795 2297 Saxoniae,
825 2234 980 2308 Casymirus
1002 2234 1120 2291 llarcbio
1142 2235 1451 2309 Broudeburgensis.,e
1478 2236 1591 2309 regione
1618 2243 1708 2292 antem

418 2320 535 2376 Caesaris
558 2329 614 2376 tres
633 2318 756 2375 Poloniae
779 2328 919 2383 oratorem
942 2319 974 2374 ad
996 2321 1116 2398 dextram
1139 2330 1168 2375 et
1188 2320 1350 2377 subsellium
1370 2322 1492 2396 positum
1515 2330 1587 2384 erat,
1609 2321 1708 2395 inquo

418 2404 548 2461 loacbimi
570 2404 697 2460 electoris
719 2404 806 2466 tilius,
834 2403 922 2460 literis
951 2421 1112 2479 moruruque
1134 2406 1266 2477 gravitate
1289 2406 1410 2479 impense
1438 2405 1575 2467 eruditus,
1604 2414 1632 2462 et
1654 2405 1708 2461 duo

383 2488 469 2545 aoalii
491 2489 659 2546 diarchiones
680 2489 951 2562 liranrlebutgenses,
981 2488 1027 2545 sed
1059 2498 1124 2545 natu
1147 2490 1320 2562 grandiores,
1350 2491 1469 2564 itemque
1491 2490 1587 2546 Comes
1608 2491 1709 2546 dedn-

419 2574 479 2631 lialt
509 2574 613 2630 iuvenis
635 2574 779 2637 sedebant;
808 2593 822 2633 a
851 2582 929 2647 tergo
952 2572 1094 2648 Episcopis
1122 2573 1357 2646 brandeburgensi
1385 2584 1413 2630 et
1442 2576 1604 2648 Tergestino
1632 2574 1709 2630 locus

417 2660 501 2717 datus
521 2669 573 2715 est.
616 2657 646 2714 lu
667 2659 740 2716 bunc
761 2676 828 2732 ergo
851 2659 972 2715 ordinem
995 2660 1101 2716 cunetis
1122 2658 1305 2715 assidentibus
1327 2658 1477 2733 Episcopus
1492 2658 1644 2720 Plocensrs,
1667 2661 1708 2715 vir
1717 2671 1776 2722 tto.

418 2742 548 2801 literatus
569 2753 597 2800 et
619 2745 723 2817 gravis,
747 2745 899 2819 orationem
921 2744 1016 2800 babuit
1038 2744 1158 2800 latinam
1181 2743 1261 2818 plane
1283 2753 1311 2799 et
1332 2745 1372 2800 rei
1395 2736 1484 2806 satisl
1506 2738 1534 2816 {³5
1542 2740 1707 2824 &⁰3:313ng

418 2829 636 2892 accomodatam,
660 2829 763 2903 inqua
785 2829 924 2902 sapienter
945 2839 973 2902 et
994 2829 1098 2885 erudite
1120 2829 1153 2885 de
1175 2829 1347 2903 expeditione
1369 2837 1465 2885 eontra
1482 2829 1602 2886 Thuscae
1624 2830 1709 2886 susci·

385 2913 704 2991 rapiendadispntavit,
731 2923 760 2970 et
787 2922 918 2988 quantum
946 2914 1026 2969 variis
1058 2914 1227 2988 temporibus
1254 2915 1344 2970 damni
1372 2931 1403 2971 ac
1425 2914 1537 2971 iacturae
1558 2915 1632 2988 passi
1654 2914 1709 2971 sint

418 2998 518 3056 Poloni
542 3017 573 3055 ac
594 2998 621 3054 in
641 2999 848 3073 praesentiarum
871 2998 1010 3072 patiantur
1031 2998 1135 3055 crebris
1158 2999 1351 3055 Thirtarorum
1375 3000 1594 3074 Thuscarnmque
1618 3000 1709 3056 incurr-

419 3082 562 3145 sionibus:
586 3086 632 3156 qui
655 3084 763 3157 quidem
785 3101 846 3140 cnm
869 3091 896 3139 et
918 3082 970 3139 fide
991 3092 1019 3139 et
1041 3083 1142 3139 ioedere
1165 3102 1196 3140 ac
1217 3084 1310 3140 eadem
1325 3100 1431 3139 morum
1447 3085 1549 3140 saevitia
1570 3078 1708 3140 conitineti

387 3200 392 3208 -
419 3177 450 3224 et
470 3167 602 3225 simillimi
625 3169 693 3230 sint,
716 3169 743 3224 ni
767 3178 862 3225 contra
885 3185 980 3237 eorum
1002 3169 1133 3242 impetum
1149 3169 1293 3225 Christiani
1316 3169 1452 3242 principes
1468 3167 1551 3226 semel
1565 3169 1636 3224 vires
1650 3167 1708 3226 col-

419 3251 522 3328 ligant,
551 3252 625 3309 brevi
652 3253 685 3309 de
713 3271 743 3309 re
772 3253 877 3327 publiea
901 3252 1052 3309 Christiana
1074 3263 1163 3310 aetum
1194 3254 1263 3311 iore.
1307 3254 1443 3310 Praeterea
1464 3254 1518 3309 duo
1541 3253 1659 3310 latenter
1679 3260 1775 3313 cti-⁴¹·

383 3338 496 3407 malind
517 3339 681 3411 ierelagens
704 3338 810 3411 tetigit:
835 3338 861 3393 iu
885 3337 972 3393 altero
994 3339 1065 3394 enim
1089 3339 1283 3395 Germanorum
1305 3339 1459 3412 principum
1482 3339 1657 3395 ambitionem
1679 3355 1710 3396 ac

419 3423 550 3480 intestina
571 3423 633 3479 odia
655 3423 798 3496 arguebat,
831 3417 998 3496 qui'bonam
1022 3425 1153 3497 temporis
1175 3433 1278 3497 partem
1308 3423 1333 3478 in
1356 3424 1532 3480 conventibus
1555 3425 1583 3479 in
1605 3423 1710 3480 subsel-

419 3508 521 3564 liomm
544 3505 734 3570 altercatione,
764 3507 926 3582 postpositis
943 3508 1164 3582 quibuscunque
1192 3516 1220 3564 ct
1248 3507 1365 3582 publicis
1392 3518 1419 3564 et
1441 3508 1554 3584 privatis
1577 3508 1707 3581 negociis,

419 3601 577 3655 conterant;
600 3593 628 3648 in
651 3591 737 3649 altero
760 3601 849 3648 autem
871 3591 966 3648 acerbe
982 3594 1016 3648 ,in
1031 3593 1196 3649 Presseuses
1219 3594 1340 3649 invectus
1361 3602 1417 3656 est,
1440 3602 1652 3666 constanterque
1668 3611 1709 3650 as·
1732 3600 1735 3609 '

420 3677 530 3736 serebat
551 3694 598 3733 eos
621 3677 780 3733 vestimenta
801 3677 876 3750 pacis
899 3677 1030 3740 induere,
1060 3678 1223 3734 intrinsecus
1251 3687 1342 3734 autem
1372 3677 1439 3734 nihil
1468 3679 1520 3734 nisi
1550 3676 1709 3735 bellnm'ac

386 3761 572 3819 tadisc'ordias
595 3762 693 3818 moliri.
730 3763 764 3818 lie
786 3761 897 3818 decimis
920 3771 1009 3817 nutem
1032 3762 1171 3835 exigendis
1193 3763 1264 3819 band
1286 3761 1367 3819 aliter
1389 3781 1467 3836 qnam
1489 3763 1582 3820 ceteri
1597 3779 1709 3837 persua·

420 3857 514 3904 serant
535 3850 635 3912 sensit,
664 3847 736 3921 quod
764 3847 870 3920 quidem
894 3846 1032 3902 Germanis
1062 3847 1231 3921 principibus
1261 3849 1359 3905 durum
1386 3866 1521 3922 graveque
1549 3849 1635 3904 visum
1657 3856 1708 3905 est.

421 3933 487 3989 Post
509 3932 704 3995 multosdies,
734 3931 781 4004 qni
804 3940 860 3987 tum
883 3932 985 4005 private
1009 3940 1065 3987 tum
1089 3931 1195 4005 publice
1217 3932 1383 3990 consulendo
1407 3933 1535 3990 transacti
1557 3942 1633 3995 sunt,
1656 3933 1778 3990 [tu-ist.

421 4018 492 4074 cissa
513 4016 629 4073 Bavariae
652 4016 790 4091 Casymiro
812 4015 960 4073 Mareliioni
981 4016 1115 4090 desponsa
1138 4019 1300 4091 Augustam,
1323 4019 1477 4095 deaurato}
1498 4011 1710 4099 Bfgffissssffiff‘i·

422 4101 449 4157 in
464 4100 569 4176 pilento
585 4110 673 4163 vecta.
697 4101 823 4174 ingressa
838 4110 894 4163 est;
918 4101 1022 4158 obviem
1045 4101 1135 4157 Caesar
1157 4119 1187 4158 ae
1210 4103 1303 4158 caeteri
1325 4103 1459 4159 electores
1481 4105 1615 4177 prodiere.
1644 4104 1710 4159 Cnxn

389 4186 456 4241 stad
477 4186 530 4242 divi
553 4185 668 4243 Udalrici
688 4186 884 4242 monasterium
906 4195 1066 4261 perventum
1089 4196 1143 4248 est.
1167 4203 1218 4260 pro
1241 4186 1335 4260 templi
1357 4187 1464 4250 limine,
1487 4188 1520 4244 de
1536 4204 1625 4251 more,
1649 4187 1711 4244 (lar-

420 4271 519 4327 dinalis
540 4271 711 4344 liagnntinus
734 4271 919 4328 advenientem
942 4272 1060 4346 excepit,
1090 4271 1314 4345 sponsalinmque
1342 4272 1499 4347 praefamine
1526 4271 1594 4330 benc
1616 4273 1711 4347 adpre·

423 4437 600 4446 n———oe-a>
615 4439 623 4445 .

455 4537 466 4570 ¹
476 4538 677 4604 precipuum.
707 4541 858 4609 pretinmd.
877 4539 1075 4606 principinmd.
1111 4536 1196 4605 §.38.]
1208 4538 1572 4601 Ci.dnr.Bnll.ad§.4.eit.,
1595 4537 1712 4591 ¹²Brun-

423 4621 623 4687 denbnrgensis
636 4628 662 4675 3.
675 4628 749 4676 etsie
764 4631 864 4690 postea.
919 4623 939 4657 ¹⁸
957 4622 1023 4690 tres]
1037 4625 1225 4684 nominavide
1237 4623 1328 4690 pati.
1380 4622 1403 4657 ²²
1424 4626 1513 4676 Vitelli
1528 4631 1613 4677 oratio
1629 4641 1710 4691 cupra

422 4708 541 4771 repetita.
575 4706 599 4749 θ’
608 4709 740 4761 Latinam
752 4707 846 4776 plane]
858 4713 898 4759 oet
907 4712 985 4758 rainae
996 4709 1117 4760 Latinam
1128 4726 1202 4776 wan
1211 4711 1292 4775 ipsias
1303 4709 1450 4760 Bartbolim'
1459 4715 1559 4762 oratio·⁴
1591 4709 1614 4744 ⁸⁸
1625 4712 1707 4770 Prus-

425 4789 530 4858 semes]
548 4795 706 4858 prusienses
719 4797 799 4845 itai.
818 4795 980 4844 Prusienses
994 4786 1026 4844 3.’
1049 4793 1148 4860 Vitelli
1159 4799 1228 4853 oret,
1241 4796 1267 4856 5.
1278 4793 1320 4846 33.
1339 4794 1461 4846 ostendit
1476 4810 1629 4847 sermonem
1646 4811 1707 4847 esse

419 4874 456 4926 de
478 4877 650 4942 principibus
668 4878 815 4930 Bassorum
838 4884 934 4930 contre
952 4878 1069 4928 Polonos
1093 4879 1254 4930 inimicitias
1272 4880 1437 4934 foventibus.
1459 4881 1637 4932 Bartholinns
1652 4881 1709 4933 Ho-

425 4960 561 5028 doeporic.
581 4962 749 5014 ‘Prntlrenos'
768 4964 890 5014 seribere
908 4964 1006 5014 solitus
1030 4969 1099 5012 eret.
1161 4965 1203 5024 ἃς.
1216 4962 1332 5031 tmen]
1352 4963 1396 5016 Gi.
1410 4975 1474 5032 post
1490 4967 1561 5016 hanc
1578 4966 1708 5033 descript.

423 5046 601 5113 repetendam
623 5046 733 5098 Ioannis
751 5046 917 5113 Hsselbergi
938 5047 1152 5114 descriptionem
1174 5048 1270 5099 harum
1288 5051 1443 5124 nuptiarum
1461 5052 1671 5105 celebratarum.
