4300 6059
455 667 500 738 ¹0
593 697 716 733 averunt
736 699 765 733 IN
785 698 929 734 vantcuvu
948 693 1226 734 WIRTENPERGENSEH
1245 698 1347 734 onemo
1367 700 1386 734 1.
1412 701 1477 735 AEST.
1492 701 1518 735 Α.
1535 695 1593 736 ldib-

452 855 493 917 ibi
516 861 575 915 term
597 853 679 915 illurn
699 854 749 931 qui
769 850 945 933 sequebatur
968 852 1109 915 famulum
1134 856 1163 914 in
1178 855 1319 930 ¹custodia
1339 842 1479 934 relinquit
1500 859 1646 927 carnifex,
1673 861 1735 936 ipse

452 959 594 1040 inermem
616 962 759 1026 armatus,
781 958 967 1017 innocentem
989 957 1212 1016 nocentissimus
1228 957 1335 1018 invadit
1350 958 1439 1019 ferro.
1477 959 1621 1020 incertum
1637 960 1735 1039 ‹lispo-

451 1061 540 1121 suerit
554 1078 590 1119 ne
612 1059 724 1137 aliquos
746 1058 851 1143 sceleri
870 1060 1031 1119 ministros:
1059 1076 1164 1135 magna
1186 1059 1304 1138 quidem
1326 1069 1500 1137 argumenta
1521 1069 1604 1135 sunt,
1633 1070 1662 1122 et
1683 1081 1734 1121 au·

452 1162 518 1225 ditm
540 1161 576 1222 ab
600 1159 735 1240 agricolis
757 1180 792 1222 ac
813 1159 980 1239 pastoribus
1001 1163 1080 1222 iuxta
1103 1162 1231 1241 operatis
1253 1170 1361 1221 mutuae
1381 1163 1612 1243 cehortatioueS,
1636 1184 1670 1224 ac
1686 1184 1735 1230 re·

452 1265 637 1326 efferentium
659 1265 771 1325 sonitus
793 1262 916 1349 alicuius
938 1264 1110 1343 frequentior
1137 1263 1332 1342 suspicionem
1361 1264 1508 1341 praebent;
1539 1265 1590 1326 sed
1619 1285 1673 1343 ego
1695 1282 1755 1325 exa

384 1381 442 1432 §.aa
453 1366 620 1445 suspicione
642 1384 702 1426 non
725 1384 846 1427 accuso:
870 1373 1021 1444 utcunque
1044 1367 1188 1434 evenerit,
1206 1374 1330 1443 *septem
1355 1365 1425 1426 illud
1448 1366 1619 1429 vulneribus
1641 1370 1734 1429 onrrri-

452 1467 507 1529 bus
528 1467 665 1530 letalibus
687 1470 854 1529 confossum
877 1486 985 1546 corpus
1007 1475 1158 1547 repertum
1180 1476 1238 1536 est,
1262 1466 1408 1547 aliquanto
1430 1468 1509 1529 illinc
1523 1472 1617 1549 spatio
1632 1471 1735 1549 capitis

451 1571 669 1663 iqdumentuvn,
698 1590 756 1649 quo
779 1572 937 1649 significari
960 1571 1044 1630 datur
1067 1577 1204 1631 conatum
1226 1570 1309 1631 illum
1331 1570 1484 1649 desperata
1507 1590 1539 1634 re
1568 1578 1597 1632 et
1624 1571 1736 1650 aliquot

412 1670 417 1696 ⁸
451 1659 661 1751 iam'acceptis
691 1672 860 1733 vulneribus
889 1673 958 1752 fuga
986 1672 1041 1733 sibi
1065 1671 1234 1732 consulere.
1279 1681 1485 1734 consternatus
1512 1675 1559 1733 cui
1587 1675 1737 1734 insederat

453 1794 545 1854 equus
566 1794 600 1835 ac
622 1772 709 1835 herili
731 1775 855 1836 sudatus
877 1776 1020 1852 sanguine
1042 1774 1078 1834 ad
1102 1794 1152 1835 eos
1175 1793 1248 1852 quos
1270 1777 1403 1852 proximo
1419 1776 1569 1838 dimiserat
1584 1776 1632 1837 ille
1648 1775 1685 1837 ab
1701 1796 1733 1836 se
1747 1788 1769 1827 ¹0

452 1877 564 1957 equites
585 1875 761 1957 provolavit,
786 1876 872 1939 veluti
894 1896 998 1938 necem
1021 1877 1131 1937 domiui
1154 1878 1357 1942 nuntiaturus:
1379 1894 1434 1937 nec
1456 1897 1489 1938 ea
1512 1879 1595 1956 prius
1617 1883 1667 1938 aut
1681 1877 1734 1937 ali·

450 1986 494 2041 ter
517 1979 633 2057 cognita
662 1985 721 2049 est,
752 1978 890 2039 omnibus
918 1981 1099 2057 inopinatam
1124 1996 1188 2038 rem
1216 1977 1487 2039 admirantibus-et
1515 1998 1549 2039 ex
1580 1987 1734 2063 cruentato

382 2102 440 2152 xes.
451 2101 526 2161 equo
550 2081 658 2142 cadem
682 2082 844 2160 suspicetis.
888 2081 992 2157 llagna
1015 2088 1084 2141 sunt
1098 2098 1164 2159 qua>
1179 2081 1253 2151 dixi,
1276 2080 1327 2141 sed
1344 2082 1462 2141 vincunt
1477 2101 1511 2142 ea
1526 2099 1592 2160 quae
1606 2100 1734 2159 sequun-

450 2191 512 2243 tur:
536 2183 642 2243 lvabeat
664 2184 742 2243 enim
764 2184 906 2261 propitios
929 2182 983 2242 sibi
1006 2182 1093 2252 deos,
1116 2182 1235 2261 impune
1258 2183 1332 2244 ferat
1351 2182 1409 2242 froc
1430 2182 1541 2251 scelus,
1564 2184 1670 2244 frustra
1686 2203 1734 2243 ac·

450 2296 583 2355 cusetur,
611 2282 763 2346 absolutus
785 2283 842 2344 boc
864 2284 1002 2345 iudicium
1025 2292 1124 2355 exeat,
1148 2287 1171 2346 si
1194 2286 1378 2347 interemisse
1401 2286 1470 2346 satis
1492 2284 1607 2360 babuit:
1630 2287 1661 2346 iu
1683 2287 1769 2346 de-xc

450 2387 557 2449 mortui
580 2405 688 2466 corpus
709 2386 885 2447 saeviendum
908 2386 1003 2447 adbuc
1025 2387 1235 2448 immitissimus
1257 2388 1403 2466 parricida
1425 2389 1522 2458 duxit,
1546 2405 1600 2449 nec
1616 2395 1734 2448 courten·
1777 2389 1784 2408 ‘

450 2497 497 2551 tus
519 2495 563 2550 est
585 2490 627 2549 sie
649 2489 799 2559 occulere,
834 2489 890 2549 nisi
917 2487 1043 2567 amplius
1070 2490 1101 2549 iu
1123 2490 1274 2551 vexatione
1296 2491 1409 2551 cruenti
1438 2470 1573 2568 corporis
1596 2506 1655 2548 non
1676 2491 1734 2549 iam

449 2592 578 2652 animum
601 2592 733 2660 sudaret,
757 2589 808 2651 sed
831 2589 933 2652 oculos
955 2600 1099 2669 pasceret.
1138 2601 1166 2654 et
1187 2592 1266 2671 quod
1287 2594 1417 2653 omnium
1434 2592 1656 2653 admirationem
1673 2593 1733 2650 virr-

450 2695 504 2762 cit,
527 2694 556 2753 in
579 2693 691 2754 scelere
706 2692 802 2754 scelus
817 2676 946 2763 invenit,
964 2695 1072 2773 quippe
1089 2694 1218 2755 volutum
1233 2713 1267 2755 ac
1281 2692 1460 2764 revolutum,
1485 2701 1516 2755 ut
1531 2694 1629 2754 videre
1644 2693 1732 2761 licuit,

449 2802 599 2856 mortuum
622 2796 814 2873 insanguine
843 2793 1005 2873 lapsantem
1032 2815 1102 2865 suo,
1131 2797 1209 2858 varie
1237 2796 1398 2858 laceratum
1426 2815 1460 2856 ac
1483 2797 1646 2856 divexatum
1668 2795 1767 2855 loroae

382 2915 507 2976 §.sequa
531 2897 696 2959 succinctus
719 2898 827 2967 fuerat,
857 2896 933 2957 collo
956 2897 1156 2975 circumligato
1184 2899 1344 2977 suspendit.
1389 2899 1466 2977 qnod
1496 2897 1654 2985 atrocitatis
1673 2915 1733 2956 sure

450 2999 640 3061 corollarium
661 3001 768 3062 iccirco
791 3000 900 3061 addidit
921 3001 1050 3061 nefarius
1068 3000 1219 3071 carnifex,
1243 3008 1275 3062 nt
1295 2998 1429 3062 videlicet
1444 3000 1543 3061 infami
1558 3018 1592 3059 ac
1607 3000 1733 3060 maxime

448 3103 645 3180 ignominioso
659 3090 793 3184 supplicii
816 3119 927 3181 genere
950 3110 1069 3163 notaret
1088 3103 1173 3162 vitam
1187 3104 1418 3163 innocentissimi
1431 3103 1560 3169 iuvenis;
1583 3101 1668 3161 nobis
1683 3101 1734 3162 de·

450 3204 540 3265 decus
562 3212 761 3283 compararet,
785 3212 914 3264 nostram
939 3204 1092 3273 familiam,
1115 3213 1250 3266 nostrum
1271 3223 1379 3265 nomen
1395 3204 1582 3284 turpitudinis
1598 3205 1734 3281 opinione

450 3305 619 3376 infamarel;
642 3308 723 3386 quasi
745 3308 784 3366 ita
807 3308 923 3368 vixisset
944 3305 1007 3377 ille,
1031 3314 1063 3366 ut
1080 3299 1141 3367 lroc
1160 3324 1271 3384 periere
1292 3307 1396 3367 mortis
1418 3306 1538 3374 interire
1559 3312 1768 3366 mereretur.u

895 3411 919 3471 0
942 3429 1047 3487 magne
1069 3416 1209 3486 regnator
1228 3409 1325 3479 deum,

693 3511 766 3573 'fam
787 3511 883 3572 lentus
905 3512 987 3572 audis
1009 3513 1134 3581 scelera,
1157 3519 1216 3572 tam
1239 3511 1336 3572 lentus
1358 3510 1455 3571 vides?

692 3613 853 3691 Ecquando
875 3632 950 3676 saera
973 3614 1082 3675 fulirmn
1106 3614 1220 3675 emittes
1242 3615 1348 3674 uteriui

382 3715 523 3780 colibet
544 3719 619 3778 enirn
643 3734 659 3777 a
682 3715 820 3792 tragedia
843 3718 969 3777 mutuari
991 3718 1057 3788 hoc,
1081 3735 1231 3795 nimquam
1254 3717 1363 3776 rectius
1386 3720 1567 3791 usurpatum.
1598 3713 1734 3773 Fortasse
1802 3748 1805 3754 ·

450 3838 509 3879 non
531 3818 676 3879 illibenter
697 3817 819 3878 audietis
842 3837 907 3896 quae
928 3821 1057 3880 insecuta
1080 3826 1148 3878 sunt
1169 3819 1291 3886 caedem,
1315 3815 1550 3894 quandoquidem
1571 3834 1639 3874 curn
1654 3815 1769 3874 credero

450 3922 603 3981 coniuncta
627 3927 704 3981 sunt.
750 3919 889 3981 Confecto
912 3922 1068 3999 parricidio
1092 3921 1130 3981 ad
1152 3939 1221 3979 suos
1242 3918 1329 3978 rediit
1350 3917 1479 3977 carnifex
1503 3917 1565 3995 f‘lfe
1581 3936 1629 3976 nie
1644 3917 1732 3976 iuter-

450 4022 542 4101 pella‚
565 4020 609 4083 Ne
632 4020 743 4082 vultum
766 4029 861 4093 uinta,
884 4023 1049 4085 describam
1067 4032 1095 4083 te
1111 4021 1187 4082 enim
1203 4018 1297 4099 qualis
1311 4019 1447 4088 redieris,
1471 4038 1528 4097 qua
1543 4021 1650 4097 speeie,
1674 4037 1733 4095 qno

451 4122 586 4204 babitu't,
603 4125 678 4183 truci
694 4133 815 4201 aspectu
830 4126 972 4186 ardebant
988 4124 1080 4194 oculi,
1096 4122 1224 4201 pallebat
1240 4122 1337 4189 facies,
1355 4129 1510 4198 corrugata
1527 4122 1617 4191 frons,
1634 4123 1733 4180 stricta

450 4224 620 4306 supercilia,
644 4225 826 4304 obliquatam
849 4235 949 4306 caput,
973 4227 1116 4288 contracti
1138 4223 1268 4292 liumeri,
1292 4230 1465 4301 exporrecta
1487 4222 1585 4290 labra;
1615 4221 1733 4283 collide-

451 4328 500 4389 bat
522 4347 588 4388 cum
612 4328 709 4389 sonitu
731 4329 847 4401 dentes,
871 4329 1038 4398 frendebat,
1065 4347 1101 4388 ex
1123 4328 1181 4386 imo
1203 4325 1342 4404 pulmone
1364 4325 1567 4411 singultiebat;
1596 4324 1768 4385 manabatas

383 4431 489 4495 §.inab
512 4448 564 4490 ore
586 4447 700 4508 spuma.
739 4450 797 4491 non
821 4431 1029 4493 moderabatur
1051 4431 1114 4514 ipse
1137 4429 1204 4509 equi
1227 4430 1272 4488 sui
1295 4447 1428 4497 cursum,
1457 4428 1509 4488 sed
1532 4427 1661 4487 remissis
1683 4426 1733 4485 lra-

452 4533 535 4594 benis
558 4531 691 4602 errabat,
716 4534 845 4595 incertus
868 4552 926 4612 quo
949 4536 1092 4603 ferretur,
1115 4530 1294 4609 trepidabat,
1318 4529 1473 4608 gestiebat;
1498 4527 1570 4588 nilril
1593 4547 1651 4586 riori
1667 4546 1733 4587 san-

452 4635 538 4714 guine
561 4634 805 4697 commaculatum
827 4635 942 4704 aderat;
966 4634 1045 4711 quod
1066 4632 1238 4712 loqueretur
1261 4651 1320 4693 rien
1343 4630 1485 4701 babebat,
1509 4635 1538 4691 ct
1559 4628 1734 4708 loquebatur

518 4857 623 4907 'illinc
641 4862 670 4906 Η.
689 4857 753 4908 lrinc
772 4861 797 4906 2.
856 4853 876 4888 ¹⁴
894 4855 1039 4936 prppilium
1056 4855 1112 4904 sibi
1130 4855 1210 4904 deum
1228 4859 1340 4904 coro-,lt
1393 4853 1466 4902 ferat
1484 4852 1535 4902 hoc
1555 4854 1579 4901 l.
1610 4850 1629 4900 f.
1648 4855 1733 4899 totum

450 4959 520 4994 corr.
537 4948 567 4990 ff.
604 4941 624 4974 ¹⁵
644 4942 745 4992 iudicio
763 4945 788 4992 2.
826 4939 846 4971 ¹⁶
863 4940 1074 4990 immanissimus
1094 4944 1118 4989 2.
1153 4938 1175 4971 ²²
1192 4939 1334 4990 idcircot.
1380 4934 1454 4968 ’Μ
1473 4935 1733 5000 Senec.llippol.v.

450 5026 573 5079 enula.
593 5028 616 5077 Ο
635 5044 685 5077 uon
701 5026 776 5077 laudet
794 5025 855 5075 Seu.
912 5023 934 5057 ²⁸
952 5026 989 5075 Et
1007 5025 1115 5090 quando
1134 5027 1157 5073 f.
1170 5028 1196 5075 2.
