4300 6059
458 692 505 761 64
590 723 711 759 ΠΨΓΤΕΝΙ
732 723 759 756 tlt
780 722 872 757 DVOEH
891 723 1168 777 wremnnnunosnsstt
1186 725 1288 758 ORATIO
1307 726 1364 760 1111.
1389 726 1416 760 Ι.
1430 727 1492 760 Avo.
1505 727 1531 760 Α.
1547 719 1604 772 1511.

458 878 539 954 ‘gavi
584 879 645 955 ipse
675 889 839 956 quanquam
862 897 914 937 sua
936 885 1006 939 tnnc
1028 877 1118 938 lorica
1133 879 1252 940 indutus
1267 898 1326 939 non
1341 888 1431 949 esset,
1455 881 1526 941 nibil
1541 890 1638 942 tamen
1654 857 1737 960 peius

457 988 500 1039 ‘ac
523 997 577 1056 ego
600 978 821 1040 armatus-luit.
858 980 1005 1050 Mentiris,
1028 979 1146 1041 nebulo.
1184 1000 1252 1042 nam
1275 990 1304 1042 et
1326 981 1405 1059 quod
1421 989 1517 1043 tecum
1533 986 1614 1044 exire
1629 985 1737 1044 iussisti

456 1081 585 1141 anditum
608 1090 666 1149 est,
691 1087 719 1140 et
740 1081 927 1142 interiectum
947 1090 1047 1160 postea
1063 1083 1175 1143 nudum
1191 1085 1322 1161 penitus,
1346 1102 1412 1168 cum
1428 1082 1523 1162 gladio
1540 1085 1735 1155 breviusculo,

455 1201 514 1242 non
537 1181 651 1262 qualem
675 1184 786 1261 equites
808 1191 930 1260 gerunt,
958 1185 1001 1245 tui
1023 1187 1146 1246 comites
1167 1203 1201 1244 ac
1228 1187 1283 1246 iste
1305 1184 1470 1262 Brunsvigii
1497 1190 1635 1266 princeps
1656 1190 1737 1249 inve·

408 1287 410 1290 ⁴
456 1290 578 1351 nerunt;
600 1292 640 1345 te
668 1303 737 1344 vero
765 1287 895 1363 apposite
923 1286 960 1346 ad
988 1286 1099 1347 caedem
1125 1287 1300 1347 instructum
1329 1287 1464 1348 omnibus
1486 1306 1658 1366 persuasum
1681 1298 1757 1352 est.⁵

388 1397 445 1447 §.oe
455 1386 609 1464 Responde
632 1394 729 1447 autem
751 1386 974 1466 cogitationibus
996 1388 1149 1449 hominum
1171 1407 1229 1448 non
1251 1389 1434 1455 credentium
1461 1392 1499 1450 ita
1533 1391 1638 1469 cupide
1660 1395 1737 1452 mori

455 1500 636 1568 quenquam,
670 1496 702 1549 ut
724 1507 791 1549 enm
814 1508 829 1549 a
852 1508 910 1568 quo
933 1489 987 1550 sibi
1016 1490 1179 1568 perieulum
1207 1493 1309 1551 mortis
1336 1494 1387 1561 sit,
1422 1499 1465 1552 tot
1492 1493 1586 1554 modis
1614 1493 1738 1555 lacessat

453 1594 599 1675 primiugp
619 1590 724 1652 deinde
747 1609 805 1650 non
828 1597 945 1651 coactns
966 1600 1111 1653 armatum
1133 1595 1253 1653 inermis
1275 1603 1414 1672 sequatur
1442 1596 1543 1665 etiam,
1573 1596 1736 1675 idque-bo·

453 1674 563 1754 minem
582 1680 732 1772 potentem
755 1703 783 1754 et
805 1694 851 1754 eui
870 1696 1011 1756 resistere
1033 1695 1153 1755 minime
1175 1696 1283 1773 possit;
1313 1696 1474 1774 responde,
1505 1698 1568 1766 aio,
1603 1717 1659 1776 qua
1682 1717 1758 1777 spe·
1786 1709 1791 1722 '

452 1803 593 1876 sequutus
614 1802 643 1856 te
666 1797 726 1855 esti
748 1814 785 1855 an
802 1803 840 1855 ut
861 1799 975 1857 veniam
996 1799 1185 1875 impetraret?
1208 1805 1237 1857 at
1258 1804 1287 1857 te
1309 1817 1377 1859 eum
1399 1799 1610 1881 contempsisse
1632 1808 1664 1859 tu
1687 1819 1734 1860 re·
1746 1813 1769 1851 ¹⁰

453 1900 527 1968 iers,
542 1904 662 1958 tantum
685 1897 767 1958 abest
789 1905 821 1959 ut
841 1901 958 1976 precari
981 1899 1119 1966 voluerit:
1143 1918 1179 1959 an
1203 1906 1234 1958 ut
1254 1907 1353 1960 tecum
1369 1900 1617 1984 congrederetur?
1639 1909 1667 1961 at
1681 1919 1735 1962 sua

453 1999 500 2062 ille
521 2000 639 2061 indutus
662 2018 720 2059 non
742 2000 795 2060 luit
817 1999 923 2069 lorica;
948 1999 991 2060 uel
1013 2003 1088 2061 mori
1111 2001 1282 2062 decreverat
1303 2003 1397 2080 turpis
1419 2004 1483 2063 vitae
1505 2002 1609 2062 taedio?
1631 2012 1661 2062 at
1678 2003 1734 2064 boc

454 2121 513 2162 non
536 2101 649 2163 serebat
669 2100 745 2162 illius
768 2101 905 2180 snperbia
934 2112 963 2163 et
990 2102 1158 2172 insolentia,
1187 2121 1242 2164 nec
1272 2122 1339 2164 cum
1369 2103 1424 2164 bac
1454 2104 1658 2182 desperatione
1686 2103 1734 2166 illa

385 2216 543 2284 §.cuquam
564 2203 665 2264 obiicis
687 2204 844 2282 petulantia
868 2206 1010 2265 convenit.
1056 2205 1114 2266 Sed
1136 2205 1204 2284 qnid
1227 2209 1312 2283 post?
1341 2216 1418 2265 ‘cnm
1447 2208 1476 2266 in
1503 2206 1649 2284 quandam
1676 2205 1734 2286 syl·

453 2318 527 2367 ‘ram
552 2308 706 2375 venissem,
730 2325 885 2385 aggressus
907 2326 971 2368 sum
994 2308 1099 2386 punire
1120 2289 1313 2368 sceleratum.
1352 2308 1434 2369 Scire
1456 2309 1544 2385 igitur
1572 2308 1652 2377 volo,
1684 2310 1734 2388 qui
1745 2322 1768 2362 ¹³

452 2410 494 2468 sic
516 2409 668 2469 manifeste
690 2411 868 2487 perpetravit
889 2408 1063 2488 maleficium
1088 2417 1116 2469 et
1138 2411 1187 2487 qui
1216 2411 1246 2469 in
1276 2416 1303 2469 te
1331 2410 1461 2486 perfidus
1489 2411 1556 2479 luit,
1585 2412 1733 2488 periurus,

451 2511 603 2572 insidiator
625 2529 659 2571 ac
680 2511 828 2590 proditor,
853 2531 906 2572 cur
928 2513 958 2571 in
980 2511 1073 2591 sylva,
1097 2510 1162 2571 loco
1185 2511 1328 2580 obscuro,
1352 2518 1381 2572 et
1396 2514 1516 2573 remotis
1532 2511 1649 2572 arbitris
1664 2530 1734 2591 sup-

452 2612 538 2691 plicio
560 2613 636 2672 allici
659 2603 810 2675 debuerit?
833 2621 862 2675 et
883 2612 936 2674 abs
958 2620 986 2673 te
1009 2612 1158 2682 debuerit,
1181 2616 1263 2692 quasi
1286 2621 1335 2674 aut
1357 2615 1507 2674 earnillces
1523 2613 1573 2674 tibi
1589 2614 1732 2687 deessent,

452 2722 503 2776 aut
523 2714 570 2776 illa
593 2708 649 2775 iam
672 2723 800 2776 cessaret
822 2715 1029 2775 interficiendis
1051 2716 1108 2775 tnis
1129 2715 1239 2776 civibus
1254 2717 1383 2776 instituta
1399 2716 1587 2776 carnificina?
1609 2717 1645 2775 li
1660 2736 1735 2796 qno,

384 2817 540 2883 §.qumodo
562 2817 682 2878 allecisti
704 2816 865 2895 supplicio?
889 2816 1007 2877 ‘llonni’
1030 2819 1124 2895 inquit
1147 2829 1188 2878 ‘se
1210 2817 1380 2890 detenderet
1402 2826 1431 2878 et
1453 2816 1631 2895 opprobrata
1647 2819 1768 2904 culpato

453 2929 618 2997 ‘aggressus
639 2938 704 2993 sum
727 2920 832 2997 punire
861 2919 898 2979 ad
921 2919 1045 2979 lornram
1068 2919 1165 2979 iudicii
1193 2921 1222 2978 in
1252 2918 1426 2997 Westpbalia
1455 2919 1632 2980 Scientium’.
1678 2920 1734 2995 Ubi

451 3021 521 3081 mibi
543 3021 689 3100 responde
710 3023 831 3089 iterum,
856 3020 925 3099 quid
947 3039 1068 3081 monere
1092 3023 1220 3098 oportuit
1241 3030 1274 3081 ut
1294 3039 1326 3082 se
1349 3020 1535 3089 defenderet,
1559 3040 1626 3081 eum
1644 3040 1732 3099 quem

451 3124 514 3184 iure
537 3131 565 3184 et
587 3123 624 3183 ob
647 3122 784 3184 debetum
807 3123 976 3183 interimere
998 3121 1095 3183 licuit?
1124 3131 1174 3183 aut
1200 3105 1347 3201 quomodo
1369 3142 1405 3183 ex
1427 3122 1570 3201 supplicio
1593 3140 1732 3201 pugnam,

392 3269 397 3277 .
451 3244 486 3284 ex
510 3243 605 3303 pugna
628 3224 802 3304 supplicium
827 3224 914 3285 lacis?
942 3223 1012 3293 Quis
1036 3243 1103 3284 vero
1126 3225 1233 3285 audivit
1255 3224 1336 3294 talia,
1365 3233 1415 3284 aut
1444 3224 1493 3283 nbi
1516 3232 1662 3285 terrarum
1684 3225 1733 3287 ifle

453 3335 496 3388 est
517 3345 581 3387 mos
603 3326 742 3405 puniendi
764 3329 920 3387 nocentes?
947 3345 1044 3386 noune
1066 3328 1108 3386 sie
1126 3326 1307 3402 gladiatores
1329 3326 1397 3386 olinr
1420 3327 1560 3386 committi
1582 3326 1766 3387 solebanttas

381 3450 439 3502 ees,
452 3437 480 3489 tu
504 3437 600 3489 autern
623 3430 647 3488 si
669 3430 773 3507 punire
797 3431 836 3489 ris
858 3427 1030 3495 sceleratos,
1053 3428 1123 3507 quid
1145 3435 1195 3489 tuo
1217 3428 1247 3488 id
1268 3427 1400 3507 periculo
1420 3428 1483 3488 [ieri
1499 3446 1573 3505 opus
1588 3430 1648 3488 est?
1670 3430 1732 3490 lam

450 3532 528 3610 quod
557 3532 599 3592 ais
626 3531 662 3592 ad
690 3534 813 3592 lormanr
842 3531 942 3591 iudicii
970 3531 1147 3618 Scieutium,¹
1172 3548 1269 3592 nonne
1298 3530 1434 3610 prodigio
1463 3529 1641 3590 simillimum
1669 3534 1732 3591 esti

434 3635 514 3712 ‚quis
536 3634 695 3694 Scieutium
718 3635 756 3694 ita
779 3628 983 3703 iudicauit,'et
1006 3635 1099 3692 virum
1123 3631 1251 3693 nobilem
1274 3632 1425 3692 iudicavit?
1457 3639 1508 3691 aut
1532 3632 1556 3690 si
1580 3631 1637 3692 talo
1660 3631 1732 3693 illud

448 3736 586 3798 iudicium
610 3741 699 3804 esset,
728 3736 793 3812 quis
822 3735 975 3796 serendum
1002 3736 1135 3812 putaret?
1164 3735 1287 3813 proinde
1314 3734 1398 3793 inscii
1428 3735 1472 3792 sni
1500 3734 1571 3792 iuris
1593 3743 1663 3793 sunt
1685 3736 1732 3795 isti

449 3838 595 3905 Scientes,
618 3838 642 3895 si
665 3843 692 3896 te
714 3854 773 3896 non
796 3838 825 3896 in
848 3839 939 3897 lrusta
962 3837 1148 3915 discerpunt,
1180 3844 1306 3897 veterem
1335 3837 1380 3896 sui
1402 3836 1522 3895 instituti
1545 3837 1731 3897 autoritatem
1741 3855 1766 3894 :ro

380 3915 579 4031 peq⁰lacinore
602 3937 679 3998 tede
700 3957 734 3998 ac
756 3937 919 3999 detestabili
942 3940 1203 3999 contaminantem:
1227 3945 1257 3997 tn
1281 3937 1318 3998 ob
1341 3938 1369 3998 id
1389 3939 1487 3998 acrius
1501 3936 1667 4015 puniendus
1684 3958 1731 3998 re·

449 4044 506 4111 nis,
536 4041 586 4119 qni
608 4041 664 4099 tuis
687 4041 818 4117 pessimis
840 4040 1002 4101 sceleribus
1024 4046 1192 4100 sanctarum
1215 4037 1311 4115 legum
1340 4041 1469 4116 speciem
1498 4038 1663 4117 praetendis.
1703 4046 1733 4100 et

449 4143 511 4203 baec
534 4151 580 4203 tua
605 4149 647 4202 est
669 4141 780 4209 sabula,
804 4161 891 4221 quam
915 4143 984 4203 ilum
1006 4141 1165 4219 proponis,
1199 4159 1263 4200 rem
1292 4149 1320 4199 te
1343 4148 1454 4217 gestam
1477 4157 1624 4217 exponere
1647 4139 1730 4210 dicia,

405 4227 408 4234 ’
450 4253 479 4305 et
501 4246 582 4324 quasi
610 4245 707 4304 omnia
738 4246 884 4305 invertere
914 4244 965 4306 tibi
993 4242 1091 4311 liceat,
1120 4243 1161 4302 sic
1191 4244 1221 4301 in
1245 4260 1277 4302 re
1299 4241 1436 4302 omnibus
1457 4248 1524 4301 nota
1546 4241 1732 4305 mendacium

381 4349 534 4425 eoallngis
556 4364 590 4406 ac
610 4337 768 4424 insignium
791 4347 919 4406 virorum
942 4343 1062 4404 auribus
1084 4343 1222 4404 abuteris.
1259 4344 1381 4404 lnterim
1403 4343 1539 4404 conviciis
1561 4361 1678 4421 quoque
1699 4346 1765 4405 inas

449 4468 504 4509 nos
526 4447 730 4518 debaccharis,
754 4455 783 4509 et
804 4448 873 4509 bulo
894 4428 1070 4507 Ludovicho
1085 4444 1185 4505 obiieis
1207 4445 1286 4523 quod
1309 4449 1435 4526 equitem
1450 4447 1629 4507 Germanum
1652 4447 1731 4506 occi·

448 4552 532 4612 derit.
571 4568 627 4627 qua
650 4550 679 4608 in
702 4567 734 4608 re
756 4549 851 4628 siquid
873 4550 1003 4609 criminis
1030 4555 1089 4616 est,
1119 4566 1171 4608 cur
1198 4549 1226 4607 iu
1255 4548 1334 4608 bunc
1363 4565 1455 4625 usque
1484 4546 1561 4608 diem
1589 4565 1624 4606 ex
1644 4546 1732 4624 ‚libus

448 4653 714 4728 consanguinitate,
740 4657 868 4728 quaeest
891 4648 1041 4727 splendida
1064 4656 1151 4727 utque
1173 4649 1325 4727 opulenta,
1349 4667 1435 4709 uerno
1457 4655 1610 4709 accusator
1627 4649 1730 4709 inven-

447 4761 496 4814 tus
518 4760 575 4821 est,
598 4769 685 4812 nemo
707 4759 740 4811 ut
761 4750 949 4811 homicidium
972 4749 1097 4812 obiecit?
1126 4750 1200 4811 Nolo
1229 4760 1294 4812 tuos
1316 4752 1460 4828 pessimos
1481 4750 1609 4811 imitatus
1631 4767 1732 4812 morea

446 4888 648 4898 *μη-ω·-

488 4955 707 5019 '⁹.Resp0nde
726 4962 771 5005 tl..
809 4952 825 4985 ¹¹
845 4956 924 5003 rriatirn
944 4954 1070 5004 volneris.
1118 4953 1139 4986 ¹²
1157 4950 1216 5019 ille]
1236 4954 1349 5002 correxi.
1367 4952 1417 5002 illa
1434 4911 1494 5004 edd.
1530 4951 1550 4986 ¹⁸
1569 4950 1728 5020 carnifices]

446 5040 558 5091 lictores
575 5044 605 5090 a.
657 5037 679 5072 ²⁰
697 5039 739 5088 Cf.
754 5037 806 5089 rol.
820 5039 841 5087 l.
855 5053 881 5104 p.
895 5036 934 5090 to,
992 5036 1014 5069 ³⁵
1033 5038 1160 5088 convitiis
1170 5041 1197 5086 2.
1249 5033 1271 5067 ⁸⁸
1289 5033 1331 5086 Gi.
1344 5035 1397 5087 vol.
1409 5036 1433 5086 1.
1445 5052 1470 5102 p.
1484 5032 1524 5086 to.
1537 5036 1555 5086 i.
1569 5036 1588 5086 i.
