<?xml version="1.0" encoding="UTF-8"?>
<!DOCTYPE html PUBLIC "-//W3C//DTD XHTML 1.0 Transitional//EN"
    "http://www.w3.org/TR/xhtml1/DTD/xhtml1-transitional.dtd">
<html xmlns="http://www.w3.org/1999/xhtml" xml:lang="en" lang="en">
 <head>
  <title>
</title>
<meta http-equiv="Content-Type" content="text/html;charset=utf-8" />
  <meta name='ocr-system' content='tesseract 3.04.00' />
  <meta name='ocr-capabilities' content='ocr_page ocr_carea ocr_par ocr_line ocrx_word'/>
</head>
<body>
  <div class='ocr_page' id='page_1' title='image "./ulrichihuttenie01huttgoog/ulrichihuttenie01huttgoog_0183.png"; bbox 0 0 4300 6059; ppageno 0'>
   <div class='ocr_carea' id='block_1_1' title="bbox 520 695 1706 789">
    <p class='ocr_par' dir='ltr' id='par_1_1' title="bbox 520 695 1706 789">
     <span class='ocr_line' id='line_1_1' title="bbox 520 695 1706 789; baseline 0.001 -29"><span class='ocrx_word' id='word_1_1' title='bbox 520 719 542 760; x_wconf 75' lang='lat'><strong>²·</strong></span> <span class='ocrx_word' id='word_1_2' title='bbox 556 724 735 763; x_wconf 70' lang='grc' dir='ltr'><strong>ΒΧΕΟΒΊἎῊΟ</strong></span> <span class='ocrx_word' id='word_1_3' title='bbox 748 724 785 760; x_wconf 75' lang='grc' dir='ltr'><strong>ΔΙ)</strong></span> <span class='ocrx_word' id='word_1_4' title='bbox 798 722 992 789; x_wconf 52' lang='lat' dir='ltr'><strong>PBJRCIPHJB</strong></span> <span class='ocrx_word' id='word_1_5' title='bbox 1006 725 1035 761; x_wconf 90' lang='lat' dir='ltr'><strong>1tt</strong></span> <span class='ocrx_word' id='word_1_6' title='bbox 1048 724 1497 761; x_wconf 63' lang='grc' dir='ltr'><strong>ΗΕΘΜ.ΡΒΕΙΤΔΜΟΙΒΒΝΤΙΑΝΤ.</strong></span> <span class='ocrx_word' id='word_1_7' title='bbox 1509 725 1535 761; x_wconf 73' lang='lat' dir='ltr'><strong>t.</strong></span> <span class='ocrx_word' id='word_1_8' title='bbox 1543 719 1602 761; x_wconf 72' lang='grc'><strong>1618.</strong></span> <span class='ocrx_word' id='word_1_9' title='bbox 1635 695 1706 768; x_wconf 70' lang='grc'><strong>173</strong></span> 
     </span>
    </p>
   </div>
   <div class='ocr_carea' id='block_1_2' title="bbox 332 881 1803 2995">
    <p class='ocr_par' dir='ltr' id='par_1_2' title="bbox 383 881 1776 1977">
     <span class='ocr_line' id='line_1_2' title="bbox 417 881 1706 977; baseline 0 -37"><span class='ocrx_word' id='word_1_10' title='bbox 417 882 570 977; x_wconf 60' lang='lat' dir='ltr'><strong>incredibili</strong></span> <span class='ocrx_word' id='word_1_11' title='bbox 592 882 695 941; x_wconf 85' lang='lat' dir='ltr'><strong>bellum</strong></span> <span class='ocrx_word' id='word_1_12' title='bbox 716 893 823 958; x_wconf 88' lang='lat' dir='ltr'><strong>gestum</strong></span> <span class='ocrx_word' id='word_1_13' title='bbox 846 892 888 940; x_wconf 88' lang='lat' dir='ltr'><strong>est</strong></span> <span class='ocrx_word' id='word_1_14' title='bbox 909 890 1008 940; x_wconf 85' lang='lat' dir='ltr'><strong>coutra&#39;</strong></span> <span class='ocrx_word' id='word_1_15' title='bbox 1027 881 1197 939; x_wconf 78' lang='lat' dir='ltr'><strong>Franciseum</strong></span> <span class='ocrx_word' id='word_1_16' title='bbox 1219 882 1313 938; x_wconf 87' lang='lat' dir='ltr'><strong>ducena</strong></span> <span class='ocrx_word' id='word_1_17' title='bbox 1330 881 1497 945; x_wconf 88' lang='lat' dir='ltr'><strong>Urbinatem,</strong></span> <span class='ocrx_word' id='word_1_18' title='bbox 1521 902 1574 959; x_wconf 90' lang='lat' dir='ltr'><strong>quo</strong></span> <span class='ocrx_word' id='word_1_19' title='bbox 1591 901 1605 940; x_wconf 94' lang='lat' dir='ltr'><strong>e</strong></span> <span class='ocrx_word' id='word_1_20' title='bbox 1621 900 1706 959; x_wconf 90' lang='lat' dir='ltr'><strong>regno</strong></span> 
     </span>
     <span class='ocr_line' id='line_1_3' title="bbox 417 962 1706 1043; baseline -0.001 -19"><span class='ocrx_word' id='word_1_21' title='bbox 417 962 522 1033; x_wconf 80' lang='lat' dir='ltr'><strong>eiecto.</strong></span> <span class='ocrx_word' id='word_1_22' title='bbox 545 968 592 1025; x_wconf 86' lang='lat' dir='ltr'><strong>sed</strong></span> <span class='ocrx_word' id='word_1_23' title='bbox 615 969 692 1043; x_wconf 90' lang='lat' dir='ltr'><strong>prius</strong></span> <span class='ocrx_word' id='word_1_24' title='bbox 715 968 822 1043; x_wconf 88' lang='lat' dir='ltr'><strong>placato</strong></span> <span class='ocrx_word' id='word_1_25' title='bbox 845 985 925 1025; x_wconf 90' lang='lat' dir='ltr'><strong>aurea</strong></span> <span class='ocrx_word' id='word_1_26' title='bbox 948 963 1047 1043; x_wconf 81' lang='lat' dir='ltr'><strong>gratia,</strong></span> <span class='ocrx_word' id='word_1_27' title='bbox 1078 967 1240 1023; x_wconf 77' lang='lat' dir='ltr'>Laurentius</span> <span class='ocrx_word' id='word_1_28' title='bbox 1262 967 1376 1023; x_wconf 86' lang='lat' dir='ltr'><strong>lledices</strong></span> <span class='ocrx_word' id='word_1_29' title='bbox 1405 967 1431 1022; x_wconf 92' lang='lat' dir='ltr'><strong>iu</strong></span> <span class='ocrx_word' id='word_1_30' title='bbox 1455 966 1544 1026; x_wconf 89' lang='lat' dir='ltr'><strong>locum</strong></span> <span class='ocrx_word' id='word_1_31' title='bbox 1566 969 1706 1025; x_wconf 82' lang='lat' dir='ltr'><strong>successit.</strong></span> 
     </span>
     <span class='ocr_line' id='line_1_4' title="bbox 417 1051 1775 1129; baseline 0 -21"><span class='ocrx_word' id='word_1_32' title='bbox 417 1053 457 1109; x_wconf 90' lang='lat' dir='ltr'><strong>ibi</strong></span> <span class='ocrx_word' id='word_1_33' title='bbox 480 1054 625 1111; x_wconf 85' lang='lat' dir='ltr'><strong>nonsatis</strong></span> <span class='ocrx_word' id='word_1_34' title='bbox 648 1054 778 1129; x_wconf 87' lang='lat' dir='ltr'><strong>providus</strong></span> <span class='ocrx_word' id='word_1_35' title='bbox 801 1053 854 1110; x_wconf 82' lang='lat' dir='ltr'><strong>fuit</strong></span> <span class='ocrx_word' id='word_1_36' title='bbox 876 1052 960 1109; x_wconf 88' lang='lat' dir='ltr'><strong>lulius</strong></span> <span class='ocrx_word' id='word_1_37' title='bbox 982 1053 1011 1110; x_wconf 92' lang='lat' dir='ltr'><strong>ll.</strong></span> <span class='ocrx_word' id='word_1_38' title='bbox 1035 1051 1107 1127; x_wconf 91' lang='lat' dir='ltr'><strong>quod</strong></span> <span class='ocrx_word' id='word_1_39' title='bbox 1131 1069 1184 1107; x_wconf 91' lang='lat' dir='ltr'><strong>non</strong></span> <span class='ocrx_word' id='word_1_40' title='bbox 1207 1051 1269 1127; x_wconf 92' lang='lat' dir='ltr'><strong>plus</strong></span> <span class='ocrx_word' id='word_1_41' title='bbox 1298 1052 1357 1108; x_wconf 95' lang='lat' dir='ltr'><strong>auri</strong></span> <span class='ocrx_word' id='word_1_42' title='bbox 1385 1051 1510 1125; x_wconf 88' lang='lat' dir='ltr'><strong>reliquit:</strong></span> <span class='ocrx_word' id='word_1_43' title='bbox 1540 1071 1606 1127; x_wconf 87' lang='lat' dir='ltr'><strong>ergo</strong></span> <span class='ocrx_word' id='word_1_44' title='bbox 1636 1055 1775 1109; x_wconf 79' lang='lat' dir='ltr'><strong>inve-tm.</strong></span> 
     </span>
     <span class='ocr_line' id='line_1_5' title="bbox 385 1135 1707 1219; baseline 0.001 -27"><span class='ocrx_word' id='word_1_45' title='bbox 385 1139 516 1195; x_wconf 75' lang='lat' dir='ltr'><strong>scienda</strong></span> <span class='ocrx_word' id='word_1_46' title='bbox 538 1138 647 1212; x_wconf 73' lang='lat' dir='ltr'><strong>quidem</strong></span> <span class='ocrx_word' id='word_1_47' title='bbox 668 1138 743 1195; x_wconf 79' lang='lat' dir='ltr'><strong>trans</strong></span> <span class='ocrx_word' id='word_1_48' title='bbox 766 1139 819 1195; x_wconf 82' lang='lat' dir='ltr'><strong>suit</strong></span> <span class='ocrx_word' id='word_1_49' title='bbox 840 1155 922 1195; x_wconf 89' lang='lat' dir='ltr'><strong>nova:</strong></span> <span class='ocrx_word' id='word_1_50' title='bbox 945 1139 1099 1212; x_wconf 88' lang='lat' dir='ltr'><strong>quicunque</strong></span> <span class='ocrx_word' id='word_1_51' title='bbox 1120 1135 1197 1210; x_wconf 92' lang='lat' dir='ltr'><strong>plura</strong></span> <span class='ocrx_word' id='word_1_52' title='bbox 1219 1138 1283 1193; x_wconf 89' lang='lat' dir='ltr'><strong>dare</strong></span> <span class='ocrx_word' id='word_1_53' title='bbox 1300 1145 1451 1211; x_wconf 91' lang='lat' dir='ltr'><strong>potuerunt</strong></span> <span class='ocrx_word' id='word_1_54' title='bbox 1466 1138 1656 1219; x_wconf 77' lang='lat' dir='ltr'><strong>cardinalium.</strong></span> <span class='ocrx_word' id='word_1_55' title='bbox 1673 1139 1707 1193; x_wconf 80' lang='lat' dir='ltr'><strong>lai</strong></span> 
     </span>
     <span class='ocr_line' id='line_1_6' title="bbox 391 1198 1706 1365; baseline -0.002 -86"><span class='ocrx_word' id='word_1_56' title='bbox 391 1223 523 1280; x_wconf 81' lang='lat' dir='ltr'><strong>⁵iuventi</strong></span> <span class='ocrx_word' id='word_1_57' title='bbox 545 1198 803 1365; x_wconf 52' lang='lat' dir='ltr'><strong>suntmirasse</strong></span> <span class='ocrx_word' id='word_1_58' title='bbox 831 1223 858 1278; x_wconf 91' lang='lat' dir='ltr'><strong>in</strong></span> <span class='ocrx_word' id='word_1_59' title='bbox 886 1240 978 1280; x_wconf 88' lang='lat' dir='ltr'><strong>necem</strong></span> <span class='ocrx_word' id='word_1_60' title='bbox 1007 1221 1157 1297; x_wconf 89' lang='lat' dir='ltr'><strong>pontilicis.</strong></span> <span class='ocrx_word' id='word_1_61' title='bbox 1194 1223 1289 1279; x_wconf 90' lang='lat' dir='ltr'><strong>horum</strong></span> <span class='ocrx_word' id='word_1_62' title='bbox 1319 1222 1389 1279; x_wconf 88' lang='lat' dir='ltr'><strong>bona</strong></span> <span class='ocrx_word' id='word_1_63' title='bbox 1417 1222 1486 1292; x_wconf 59' lang='lat' dir='ltr'><strong>fisco,</strong></span> <span class='ocrx_word' id='word_1_64' title='bbox 1510 1223 1706 1280; x_wconf 73' lang='lat' dir='ltr'>scribebantur.</span> 
     </span>
     <span class='ocr_line' id='line_1_7' title="bbox 417 1300 1708 1381; baseline 0 -17"><span class='ocrx_word' id='word_1_65' title='bbox 417 1307 607 1365; x_wconf 71' lang='lat' dir='ltr'>subsecutae</span> <span class='ocrx_word' id='word_1_66' title='bbox 639 1352 642 1357; x_wconf 88' lang='lat'>.</span> <span class='ocrx_word' id='word_1_67' title='bbox 684 1300 791 1365; x_wconf 67' lang='lat' dir='ltr'><strong>§cordia</strong></span> <span class='ocrx_word' id='word_1_68' title='bbox 813 1308 928 1364; x_wconf 78' lang='lat' dir='ltr'><strong>fratrum</strong></span> <span class='ocrx_word' id='word_1_69' title='bbox 950 1307 1168 1380; x_wconf 89' lang='lat' dir='ltr'><strong>eordigerorum.</strong></span> <span class='ocrx_word' id='word_1_70' title='bbox 1192 1318 1252 1381; x_wconf 82' lang='lat' dir='ltr'><strong>qum</strong></span> <span class='ocrx_word' id='word_1_71' title='bbox 1275 1314 1406 1381; x_wconf 88' lang='lat' dir='ltr'><strong>quantum</strong></span> <span class='ocrx_word' id='word_1_72' title='bbox 1429 1307 1497 1366; x_wconf 86' lang='lat' dir='ltr'><strong>lucri</strong></span> <span class='ocrx_word' id='word_1_73' title='bbox 1519 1307 1643 1365; x_wconf 88' lang='lat' dir='ltr'><strong>attulerit</strong></span> <span class='ocrx_word' id='word_1_74' title='bbox 1666 1325 1708 1364; x_wconf 89' lang='lat' dir='ltr'><strong>ra-</strong></span> 
     </span>
     <span class='ocr_line' id='line_1_8' title="bbox 416 1385 1707 1468; baseline -0.001 -19"><span class='ocrx_word' id='word_1_75' title='bbox 416 1391 491 1449; x_wconf 82' lang='lat' dir='ltr'><strong>bulis</strong></span> <span class='ocrx_word' id='word_1_76' title='bbox 514 1392 679 1449; x_wconf 75' lang='lat' dir='ltr'><strong>Florentinis</strong></span> <span class='ocrx_word' id='word_1_77' title='bbox 701 1410 757 1449; x_wconf 88' lang='lat' dir='ltr'><strong>rem</strong></span> <span class='ocrx_word' id='word_1_78' title='bbox 778 1410 830 1467; x_wconf 92' lang='lat' dir='ltr'><strong>pro</strong></span> <span class='ocrx_word' id='word_1_79' title='bbox 852 1385 996 1450; x_wconf 75' lang='lat' dir='ltr'><strong>voluntate</strong></span> <span class='ocrx_word' id='word_1_80' title='bbox 1015 1393 1042 1449; x_wconf 90' lang='lat' dir='ltr'><strong>in</strong></span> <span class='ocrx_word' id='word_1_81' title='bbox 1065 1409 1159 1448; x_wconf 91' lang='lat' dir='ltr'><strong>omnes</strong></span> <span class='ocrx_word' id='word_1_82' title='bbox 1182 1401 1273 1466; x_wconf 90' lang='lat' dir='ltr'><strong>partes</strong></span> <span class='ocrx_word' id='word_1_83' title='bbox 1302 1393 1488 1455; x_wconf 82' lang='lat' dir='ltr'><strong>flectentibus,</strong></span> <span class='ocrx_word' id='word_1_84' title='bbox 1518 1393 1581 1468; x_wconf 93' lang='lat' dir='ltr'><strong>quid</strong></span> <span class='ocrx_word' id='word_1_85' title='bbox 1609 1393 1707 1448; x_wconf 76' lang='lat' dir='ltr'>attinet</span> 
     </span>
     <span class='ocr_line' id='line_1_9' title="bbox 416 1473 1776 1552; baseline -0.001 -19"><span class='ocrx_word' id='word_1_86' title='bbox 416 1493 544 1540; x_wconf 84' lang='lat' dir='ltr'><strong>narrare.</strong></span> <span class='ocrx_word' id='word_1_87' title='bbox 567 1494 627 1534; x_wconf 89' lang='lat' dir='ltr'><strong>eum</strong></span> <span class='ocrx_word' id='word_1_88' title='bbox 650 1473 729 1534; x_wconf 85' lang='lat' dir='ltr'><strong>tidem</strong></span> <span class='ocrx_word' id='word_1_89' title='bbox 751 1487 864 1552; x_wconf 90' lang='lat' dir='ltr'><strong>superet</strong></span> <span class='ocrx_word' id='word_1_90' title='bbox 885 1477 995 1552; x_wconf 73' lang='lat' dir='ltr'><strong>largitio</strong></span> <span class='ocrx_word' id='word_1_91' title='bbox 1018 1478 1218 1534; x_wconf 87' lang='lat' dir='ltr'><strong>mendicorum?</strong></span> <span class='ocrx_word' id='word_1_92' title='bbox 1241 1478 1298 1533; x_wconf 84' lang='lat' dir='ltr'><strong>Non</strong></span> <span class='ocrx_word' id='word_1_93' title='bbox 1322 1477 1387 1533; x_wconf 92' lang='lat' dir='ltr'><strong>libet</strong></span> <span class='ocrx_word' id='word_1_94' title='bbox 1402 1494 1511 1534; x_wconf 90' lang='lat' dir='ltr'><strong>narrare</strong></span> <span class='ocrx_word' id='word_1_95' title='bbox 1526 1486 1630 1534; x_wconf 87' lang='lat' dir='ltr'><strong>erectas</strong></span> <span class='ocrx_word' id='word_1_96' title='bbox 1645 1482 1776 1536; x_wconf 67' lang='lat' dir='ltr'><strong>cru-§.tt</strong></span> 
     </span>
     <span class='ocr_line' id='line_1_10' title="bbox 417 1560 1708 1637; baseline 0.001 -19"><span class='ocrx_word' id='word_1_97' title='bbox 417 1579 464 1618; x_wconf 81' lang='lat' dir='ltr'><strong>ees</strong></span> <span class='ocrx_word' id='word_1_98' title='bbox 482 1560 629 1620; x_wconf 72' lang='lat' dir='ltr'><strong>saluatoris</strong></span> <span class='ocrx_word' id='word_1_99' title='bbox 650 1580 701 1636; x_wconf 90' lang='lat' dir='ltr'><strong>per</strong></span> <span class='ocrx_word' id='word_1_100' title='bbox 723 1561 954 1637; x_wconf 81' lang='lat' dir='ltr'><strong>euncta&#39;oppida‚</strong></span> <span class='ocrx_word' id='word_1_101' title='bbox 979 1562 1011 1618; x_wconf 89' lang='lat' dir='ltr'><strong>ad</strong></span> <span class='ocrx_word' id='word_1_102' title='bbox 1033 1578 1186 1618; x_wconf 91' lang='lat' dir='ltr'><strong>mensuram</strong></span> <span class='ocrx_word' id='word_1_103' title='bbox 1209 1562 1297 1618; x_wconf 91' lang='lat' dir='ltr'><strong>dantis</strong></span> <span class='ocrx_word' id='word_1_104' title='bbox 1320 1562 1461 1636; x_wconf 91' lang='lat' dir='ltr'><strong>propitias.</strong></span> <span class='ocrx_word' id='word_1_105' title='bbox 1498 1564 1635 1619; x_wconf 78' lang='lat' dir='ltr'><strong>Praetereo</strong></span> <span class='ocrx_word' id='word_1_106' title='bbox 1651 1580 1708 1619; x_wconf 89' lang='lat' dir='ltr'><strong>see·</strong></span> 
     </span>
     <span class='ocr_line' id='line_1_11' title="bbox 383 1645 1708 1721; baseline -0.002 -15"><span class='ocrx_word' id='word_1_107' title='bbox 383 1657 479 1706; x_wconf 83' lang='lat' dir='ltr'><strong>ranam</strong></span> <span class='ocrx_word' id='word_1_108' title='bbox 501 1645 615 1703; x_wconf 64' lang='lat' dir='ltr'><strong>dende</strong></span> <span class='ocrx_word' id='word_1_109' title='bbox 635 1647 709 1704; x_wconf 84' lang='lat' dir='ltr'><strong>Petri</strong></span> <span class='ocrx_word' id='word_1_110' title='bbox 732 1655 760 1704; x_wconf 93' lang='lat' dir='ltr'><strong>et</strong></span> <span class='ocrx_word' id='word_1_111' title='bbox 782 1648 854 1703; x_wconf 89' lang='lat' dir='ltr'><strong>risus</strong></span> <span class='ocrx_word' id='word_1_112' title='bbox 876 1655 904 1703; x_wconf 87' lang='lat' dir='ltr'><strong>et</strong></span> <span class='ocrx_word' id='word_1_113' title='bbox 932 1647 1127 1720; x_wconf 77' lang='lat' dir='ltr'><strong>indignationis</strong></span> <span class='ocrx_word' id='word_1_114' title='bbox 1154 1646 1269 1720; x_wconf 89' lang='lat' dir='ltr'><strong>plenam.</strong></span> <span class='ocrx_word' id='word_1_115' title='bbox 1315 1647 1464 1721; x_wconf 79' lang='lat' dir='ltr'><strong>‘Templum</strong></span> <span class='ocrx_word' id='word_1_116' title='bbox 1492 1647 1610 1709; x_wconf 83' lang='lat' dir='ltr'><strong>domini.</strong></span> <span class='ocrx_word' id='word_1_117' title='bbox 1641 1656 1708 1704; x_wconf 91' lang='lat' dir='ltr'><strong>tem·</strong></span> 
     </span>
     <span class='ocr_line' id='line_1_12' title="bbox 425 1731 1708 1807; baseline 0.002 -21"><span class='ocrx_word' id='word_1_118' title='bbox 425 1731 502 1805; x_wconf 89' lang='lat' dir='ltr'><strong>plum</strong></span> <span class='ocrx_word' id='word_1_119' title='bbox 523 1731 640 1795; x_wconf 84' lang='lat' dir='ltr'><strong>domini.</strong></span> <span class='ocrx_word' id='word_1_120' title='bbox 664 1731 792 1806; x_wconf 90' lang='lat' dir='ltr'><strong>templum</strong></span> <span class='ocrx_word' id='word_1_121' title='bbox 815 1732 926 1788; x_wconf 87' lang='lat' dir='ltr'><strong>domini&#39;</strong></span> <span class='ocrx_word' id='word_1_122' title='bbox 948 1732 1044 1788; x_wconf 91' lang='lat' dir='ltr'><strong>elamat</strong></span> <span class='ocrx_word' id='word_1_123' title='bbox 1066 1732 1215 1806; x_wconf 88' lang='lat' dir='ltr'><strong>propheta,</strong></span> <span class='ocrx_word' id='word_1_124' title='bbox 1238 1732 1285 1788; x_wconf 88' lang='lat' dir='ltr'><strong>sed</strong></span> <span class='ocrx_word' id='word_1_125' title='bbox 1307 1749 1362 1788; x_wconf 93' lang='lat' dir='ltr'><strong>non</strong></span> <span class='ocrx_word' id='word_1_126' title='bbox 1384 1739 1426 1788; x_wconf 90' lang='lat' dir='ltr'><strong>est</strong></span> <span class='ocrx_word' id='word_1_127' title='bbox 1449 1732 1577 1807; x_wconf 88' lang='lat' dir='ltr'><strong>templum</strong></span> <span class='ocrx_word' id='word_1_128' title='bbox 1592 1733 1708 1790; x_wconf 90' lang='lat' dir='ltr'><strong>domini:</strong></span> 
     </span>
     <span class='ocr_line' id='line_1_13' title="bbox 425 1815 1709 1891; baseline 0.002 -19"><span class='ocrx_word' id='word_1_129' title='bbox 425 1816 590 1873; x_wconf 82' lang='lat' dir='ltr'><strong>Laurentius</strong></span> <span class='ocrx_word' id='word_1_130' title='bbox 611 1817 739 1880; x_wconf 76' lang='lat' dir='ltr'><strong>editam,</strong></span> <span class='ocrx_word' id='word_1_131' title='bbox 762 1833 816 1874; x_wconf 92' lang='lat' dir='ltr'><strong>non</strong></span> <span class='ocrx_word' id='word_1_132' title='bbox 837 1817 950 1881; x_wconf 72' lang='lat' dir='ltr'><strong>Petrus:</strong></span> <span class='ocrx_word' id='word_1_133' title='bbox 973 1816 1075 1891; x_wconf 89' lang='lat' dir='ltr'><strong>lapides</strong></span> <span class='ocrx_word' id='word_1_134' title='bbox 1098 1826 1181 1873; x_wconf 86' lang='lat' dir='ltr'><strong>noctu</strong></span> <span class='ocrx_word' id='word_1_135' title='bbox 1202 1817 1334 1889; x_wconf 90' lang='lat' dir='ltr'><strong>migrant:</strong></span> <span class='ocrx_word' id='word_1_136' title='bbox 1362 1815 1429 1873; x_wconf 89' lang='lat' dir='ltr'><strong>nihil</strong></span> <span class='ocrx_word' id='word_1_137' title='bbox 1452 1817 1496 1874; x_wconf 86' lang='lat' dir='ltr'><strong>laic</strong></span> <span class='ocrx_word' id='word_1_138' title='bbox 1518 1818 1605 1891; x_wconf 89' lang='lat' dir='ltr'><strong>lingo:</strong></span> <span class='ocrx_word' id='word_1_139' title='bbox 1634 1818 1709 1891; x_wconf 91' lang='lat' dir='ltr'><strong>prin·</strong></span> 
     </span>
     <span class='ocr_line' id='line_1_14' title="bbox 425 1900 1708 1977; baseline 0.002 -21"><span class='ocrx_word' id='word_1_140' title='bbox 425 1901 502 1976; x_wconf 89' lang='lat' dir='ltr'><strong>cipes</strong></span> <span class='ocrx_word' id='word_1_141' title='bbox 523 1901 635 1958; x_wconf 82' lang='lat' dir='ltr'><strong>Romani</strong></span> <span class='ocrx_word' id='word_1_142' title='bbox 658 1902 777 1976; x_wconf 88' lang='lat' dir='ltr'><strong>imperii,</strong></span> <span class='ocrx_word' id='word_1_143' title='bbox 807 1902 888 1973; x_wconf 86' lang='lat' dir='ltr'><strong>immo</strong></span> <span class='ocrx_word' id='word_1_144' title='bbox 918 1901 991 1958; x_wconf 90' lang='lat' dir='ltr'><strong>orbis</strong></span> <span class='ocrx_word' id='word_1_145' title='bbox 1020 1902 1118 1962; x_wconf 87' lang='lat' dir='ltr'><strong>totius.</strong></span> <span class='ocrx_word' id='word_1_146' title='bbox 1147 1901 1238 1958; x_wconf 88' lang='lat' dir='ltr'><strong>cuncti</strong></span> <span class='ocrx_word' id='word_1_147' title='bbox 1267 1900 1438 1958; x_wconf 84' lang='lat' dir='ltr'><strong>solicitantur</strong></span> <span class='ocrx_word' id='word_1_148' title='bbox 1464 1919 1515 1977; x_wconf 92' lang='lat' dir='ltr'><strong>pro</strong></span> <span class='ocrx_word' id='word_1_149' title='bbox 1543 1903 1599 1959; x_wconf 83' lang='lat' dir='ltr'><strong>aede</strong></span> <span class='ocrx_word' id='word_1_150' title='bbox 1626 1903 1708 1966; x_wconf 83' lang='lat' dir='ltr'><strong>Petri.</strong></span> 
     </span>
    </p>

    <p class='ocr_par' dir='ltr' id='par_1_3' title="bbox 332 1985 1803 2995">
     <span class='ocr_line' id='line_1_15' title="bbox 332 1985 1708 2063; baseline 0.003 -24"><span class='ocrx_word' id='word_1_151' title='bbox 332 2028 335 2038; x_wconf 96' lang='grc'><em>.</em></span> <span class='ocrx_word' id='word_1_152' title='bbox 427 1986 455 2041; x_wconf 95' lang='lat' dir='ltr'><strong>in</strong></span> <span class='ocrx_word' id='word_1_153' title='bbox 478 2003 531 2063; x_wconf 90' lang='lat' dir='ltr'><strong>qna</strong></span> <span class='ocrx_word' id='word_1_154' title='bbox 553 1986 609 2042; x_wconf 91' lang='lat' dir='ltr'><strong>duo</strong></span> <span class='ocrx_word' id='word_1_155' title='bbox 632 1994 734 2043; x_wconf 91' lang='lat' dir='ltr'><strong>tantum</strong></span> <span class='ocrx_word' id='word_1_156' title='bbox 758 1985 868 2060; x_wconf 79' lang='lat' dir='ltr'><strong>opifices</strong></span> <span class='ocrx_word' id='word_1_157' title='bbox 892 1992 1051 2060; x_wconf 85' lang='lat' dir='ltr'><strong>operantur,</strong></span> <span class='ocrx_word' id='word_1_158' title='bbox 1081 1995 1108 2041; x_wconf 92' lang='lat' dir='ltr'><strong>et</strong></span> <span class='ocrx_word' id='word_1_159' title='bbox 1137 1985 1206 2041; x_wconf 91' lang='lat' dir='ltr'><strong>alter</strong></span> <span class='ocrx_word' id='word_1_160' title='bbox 1233 1985 1360 2049; x_wconf 85' lang='lat' dir='ltr'><strong>claudus,</strong></span> <span class='ocrx_word' id='word_1_161' title='bbox 1391 1986 1443 2042; x_wconf 88' lang='lat' dir='ltr'><strong>nisi</strong></span> <span class='ocrx_word' id='word_1_162' title='bbox 1472 1987 1545 2061; x_wconf 86' lang='lat' dir='ltr'><strong>qnod</strong></span> <span class='ocrx_word' id='word_1_163' title='bbox 1571 2004 1659 2061; x_wconf 91' lang='lat' dir='ltr'><strong>nuper</strong></span> <span class='ocrx_word' id='word_1_164' title='bbox 1680 1988 1708 2043; x_wconf 93' lang='lat' dir='ltr'><strong>in</strong></span> 
     </span>
     <span class='ocr_line' id='line_1_16' title="bbox 385 2066 1803 2146; baseline 0.001 -20"><span class='ocrx_word' id='word_1_165' title='bbox 385 2069 575 2145; x_wconf 73' lang='lat' dir='ltr'><strong>tabequeutia</strong></span> <span class='ocrx_word' id='word_1_166' title='bbox 597 2071 1014 2146; x_wconf 46' lang='lat' dir='ltr'><strong>peregrinorum‘concitabatur</strong></span> <span class='ocrx_word' id='word_1_167' title='bbox 1030 2066 1170 2127; x_wconf 79' lang='lat' dir='ltr'><strong>¹tumultus</strong></span> <span class='ocrx_word' id='word_1_168' title='bbox 1198 2070 1345 2133; x_wconf 84' lang='lat' dir='ltr'><strong>artificum,</strong></span> <span class='ocrx_word' id='word_1_169' title='bbox 1375 2070 1549 2134; x_wconf 84' lang='lat' dir='ltr'><strong>currebatur,</strong></span> <span class='ocrx_word' id='word_1_170' title='bbox 1576 2070 1725 2128; x_wconf 73' lang='lat' dir='ltr'><strong>clamaba-¹</strong></span> <span class='ocrx_word' id='word_1_171' title='bbox 1793 2121 1803 2134; x_wconf 83' lang='grc'><strong><em>,</em></strong></span> 
     </span>
     <span class='ocr_line' id='line_1_17' title="bbox 418 2138 1707 2231; baseline 0.002 -21"><span class='ocrx_word' id='word_1_172' title='bbox 418 2138 479 2218; x_wconf 61' lang='lat' dir='ltr'><strong>tni.</strong></span> <span class='ocrx_word' id='word_1_173' title='bbox 502 2139 662 2229; x_wconf 74' lang='lat' dir='ltr'><strong>iridelrantur</strong></span> <span class='ocrx_word' id='word_1_174' title='bbox 684 2155 783 2231; x_wconf 90' lang='lat' dir='ltr'><strong>sculpti</strong></span> <span class='ocrx_word' id='word_1_175' title='bbox 806 2164 834 2211; x_wconf 92' lang='lat' dir='ltr'><strong>ct</strong></span> <span class='ocrx_word' id='word_1_176' title='bbox 855 2156 920 2230; x_wconf 92' lang='lat' dir='ltr'><strong>picti</strong></span> <span class='ocrx_word' id='word_1_177' title='bbox 943 2154 1053 2228; x_wconf 80' lang='lat' dir='ltr'><strong>bugeli.</strong></span> <span class='ocrx_word' id='word_1_178' title='bbox 1084 2155 1247 2231; x_wconf 80' lang='lat' dir='ltr'><strong>excipientes</strong></span> <span class='ocrx_word' id='word_1_179' title='bbox 1276 2168 1387 2212; x_wconf 84' lang='lat' dir='ltr'><strong>munera</strong></span> <span class='ocrx_word' id='word_1_180' title='bbox 1415 2156 1587 2230; x_wconf 79' lang='lat' dir='ltr'><strong>largientium</strong></span> <span class='ocrx_word' id='word_1_181' title='bbox 1619 2157 1707 2212; x_wconf 87' lang='lat' dir='ltr'><strong>leren-</strong></span> 
     </span>
     <span class='ocr_line' id='line_1_18' title="bbox 418 2232 1775 2324; baseline 0.001 -29"><span class='ocrx_word' id='word_1_182' title='bbox 418 2248 516 2314; x_wconf 82' lang='lat' dir='ltr'><strong>tesque</strong></span> <span class='ocrx_word' id='word_1_183' title='bbox 549 2241 576 2296; x_wconf 94' lang='lat' dir='ltr'><strong>in</strong></span> <span class='ocrx_word' id='word_1_184' title='bbox 609 2237 733 2315; x_wconf 79' lang='lat' dir='ltr'><strong>sublime.</strong></span> <span class='ocrx_word' id='word_1_185' title='bbox 760 2240 859 2296; x_wconf 84' lang='lat' dir='ltr'><strong>-ridore</strong></span> <span class='ocrx_word' id='word_1_186' title='bbox 887 2242 1020 2314; x_wconf 75' lang='lat' dir='ltr'><strong>poteratis</strong></span> <span class='ocrx_word' id='word_1_187' title='bbox 1047 2258 1151 2297; x_wconf 90' lang='lat' dir='ltr'><strong>mecum</strong></span> <span class='ocrx_word' id='word_1_188' title='bbox 1179 2241 1307 2297; x_wconf 86' lang='lat' dir='ltr'><strong>commoti</strong></span> <span class='ocrx_word' id='word_1_189' title='bbox 1336 2241 1372 2298; x_wconf 92' lang='lat' dir='ltr'><strong>ob</strong></span> <span class='ocrx_word' id='word_1_190' title='bbox 1405 2241 1559 2316; x_wconf 72' lang='lat' dir='ltr'><strong>praestigias</strong></span> <span class='ocrx_word' id='word_1_191' title='bbox 1589 2232 1775 2324; x_wconf 64' lang='lat' dir='ltr'><strong>aucupiittt.</strong></span> 
     </span>
     <span class='ocr_line' id='line_1_19' title="bbox 418 2322 1708 2401; baseline 0 -20"><span class='ocrx_word' id='word_1_192' title='bbox 418 2324 491 2381; x_wconf 86' lang='lat' dir='ltr'><strong>sicut</strong></span> <span class='ocrx_word' id='word_1_193' title='bbox 505 2324 569 2381; x_wconf 88' lang='lat' dir='ltr'><strong>risit</strong></span> <span class='ocrx_word' id='word_1_194' title='bbox 583 2322 650 2383; x_wconf 79' lang='lat' dir='ltr'><strong>&#39;olim</strong></span> <span class='ocrx_word' id='word_1_195' title='bbox 671 2324 834 2383; x_wconf 79' lang='lat' dir='ltr'><strong>venerabilis</strong></span> <span class='ocrx_word' id='word_1_196' title='bbox 857 2332 938 2398; x_wconf 89' lang='lat' dir='ltr'><strong>pater&#39;</strong></span> <span class='ocrx_word' id='word_1_197' title='bbox 954 2325 1107 2400; x_wconf 78' lang='lat' dir='ltr'><strong>Cyprianus</strong></span> <span class='ocrx_word' id='word_1_198' title='bbox 1129 2343 1186 2399; x_wconf 83' lang='lat' dir='ltr'><strong>prae</strong></span> <span class='ocrx_word' id='word_1_199' title='bbox 1210 2325 1408 2398; x_wconf 86' lang='lat' dir='ltr'><strong>indignatione,</strong></span> <span class='ocrx_word' id='word_1_200' title='bbox 1431 2326 1488 2382; x_wconf 91' lang='lat' dir='ltr'><strong>viso</strong></span> <span class='ocrx_word' id='word_1_201' title='bbox 1503 2326 1610 2382; x_wconf 81' lang='lat' dir='ltr'><strong>Christo</strong></span> <span class='ocrx_word' id='word_1_202' title='bbox 1632 2327 1708 2401; x_wconf 89' lang='lat' dir='ltr'><strong>pedi-</strong></span> 
     </span>
     <span class='ocr_line' id='line_1_20' title="bbox 419 2407 1708 2486; baseline 0.002 -21"><span class='ocrx_word' id='word_1_203' title='bbox 419 2409 472 2465; x_wconf 89' lang='lat' dir='ltr'><strong>bus</strong></span> <span class='ocrx_word' id='word_1_204' title='bbox 492 2416 522 2465; x_wconf 92' lang='lat' dir='ltr'><strong>et</strong></span> <span class='ocrx_word' id='word_1_205' title='bbox 543 2407 679 2467; x_wconf 77' lang='lat' dir='ltr'><strong>amiculis</strong></span> <span class='ocrx_word' id='word_1_206' title='bbox 697 2410 809 2467; x_wconf 88' lang='lat' dir='ltr'><strong>asininis</strong></span> <span class='ocrx_word' id='word_1_207' title='bbox 831 2410 950 2485; x_wconf 88' lang='lat' dir='ltr'><strong>depicto.</strong></span> <span class='ocrx_word' id='word_1_208' title='bbox 994 2410 1097 2467; x_wconf 84' lang='lat' dir='ltr'><strong>bebere</strong></span> <span class='ocrx_word' id='word_1_209' title='bbox 1124 2410 1192 2466; x_wconf 90' lang='lat' dir='ltr'><strong>libet</strong></span> <span class='ocrx_word' id='word_1_210' title='bbox 1222 2410 1358 2466; x_wconf 78' lang='lat' dir='ltr'><strong>fortunam</strong></span> <span class='ocrx_word' id='word_1_211' title='bbox 1387 2410 1478 2468; x_wconf 76' lang='lat' dir='ltr'><strong>saeculi</strong></span> <span class='ocrx_word' id='word_1_212' title='bbox 1508 2411 1708 2486; x_wconf 87' lang='lat' dir='ltr'><strong>corruptissimi</strong></span> 
     </span>
     <span class='ocr_line' id='line_1_21' title="bbox 384 2492 1709 2570; baseline 0.003 -22"><span class='ocrx_word' id='word_1_213' title='bbox 384 2492 457 2555; x_wconf 68' lang='lat' dir='ltr'><strong>nob</strong></span> <span class='ocrx_word' id='word_1_214' title='bbox 479 2509 633 2568; x_wconf 82' lang='lat' dir='ltr'><strong>supremam</strong></span> <span class='ocrx_word' id='word_1_215' title='bbox 656 2493 848 2570; x_wconf 88' lang='lat' dir='ltr'><strong>negligentiam</strong></span> <span class='ocrx_word' id='word_1_216' title='bbox 871 2496 1062 2570; x_wconf 90' lang='lat' dir='ltr'><strong>episcoporum</strong></span> <span class='ocrx_word' id='word_1_217' title='bbox 1079 2504 1160 2569; x_wconf 88' lang='lat' dir='ltr'><strong>atque</strong></span> <span class='ocrx_word' id='word_1_218' title='bbox 1181 2495 1331 2570; x_wconf 88' lang='lat' dir='ltr'><strong>principum</strong></span> <span class='ocrx_word' id='word_1_219' title='bbox 1347 2496 1561 2568; x_wconf 85' lang='lat' dir='ltr'><strong>permittentium</strong></span> <span class='ocrx_word' id='word_1_220' title='bbox 1577 2496 1709 2570; x_wconf 92' lang='lat' dir='ltr'><strong>populum</strong></span> 
     </span>
     <span class='ocr_line' id='line_1_22' title="bbox 393 2574 1710 2656; baseline 0.002 -21"><span class='ocrx_word' id='word_1_221' title='bbox 393 2593 499 2635; x_wconf 80' lang='lat' dir='ltr'><strong>‘suum</strong></span> <span class='ocrx_word' id='word_1_222' title='bbox 522 2579 560 2635; x_wconf 91' lang='lat' dir='ltr'><strong>ita</strong></span> <span class='ocrx_word' id='word_1_223' title='bbox 583 2579 710 2655; x_wconf 86' lang='lat' dir='ltr'><strong>nequiter</strong></span> <span class='ocrx_word' id='word_1_224' title='bbox 730 2580 827 2654; x_wconf 89' lang='lat' dir='ltr'><strong>decipi.</strong></span> <span class='ocrx_word' id='word_1_225' title='bbox 859 2574 969 2636; x_wconf 51' lang='lat' dir='ltr'><strong>¹Omnes</strong></span> <span class='ocrx_word' id='word_1_226' title='bbox 992 2579 1052 2635; x_wconf 90' lang='lat' dir='ltr'><strong>illas</strong></span> <span class='ocrx_word' id='word_1_227' title='bbox 1074 2588 1147 2636; x_wconf 89' lang='lat' dir='ltr'><strong>artes</strong></span> <span class='ocrx_word' id='word_1_228' title='bbox 1171 2580 1271 2636; x_wconf 84' lang='lat' dir='ltr'><strong>invenit</strong></span> <span class='ocrx_word' id='word_1_229' title='bbox 1300 2580 1375 2636; x_wconf 82' lang='lat' dir='ltr'><strong>fraus</strong></span> <span class='ocrx_word' id='word_1_230' title='bbox 1398 2580 1568 2643; x_wconf 79' lang='lat' dir='ltr'><strong>l&#39;lorcntina,</strong></span> <span class='ocrx_word' id='word_1_231' title='bbox 1597 2590 1624 2637; x_wconf 91' lang='lat' dir='ltr'><strong>et</strong></span> <span class='ocrx_word' id='word_1_232' title='bbox 1646 2599 1710 2656; x_wconf 89' lang='lat' dir='ltr'><strong>pro-</strong></span> 
     </span>
     <span class='ocr_line' id='line_1_23' title="bbox 387 2662 1709 2741; baseline 0.003 -22"><span class='ocrx_word' id='word_1_233' title='bbox 387 2662 525 2737; x_wconf 83' lang='lat' dir='ltr'><strong>·pediem</strong></span> <span class='ocrx_word' id='word_1_234' title='bbox 547 2664 721 2723; x_wconf 78' lang='lat' dir='ltr'><strong>nefandiores</strong></span> <span class='ocrx_word' id='word_1_235' title='bbox 742 2665 924 2739; x_wconf 82' lang='lat' dir='ltr'><strong>excogitabit:</strong></span> <span class='ocrx_word' id='word_1_236' title='bbox 947 2665 1152 2722; x_wconf 86' lang='lat' dir='ltr'><strong>animadvertite</strong></span> <span class='ocrx_word' id='word_1_237' title='bbox 1174 2665 1270 2721; x_wconf 91' lang='lat' dir='ltr'><strong>modo:</strong></span> <span class='ocrx_word' id='word_1_238' title='bbox 1293 2665 1408 2738; x_wconf 86' lang='lat' dir='ltr'><strong>quisque</strong></span> <span class='ocrx_word' id='word_1_239' title='bbox 1430 2666 1487 2739; x_wconf 86' lang='lat' dir='ltr'><strong>dies</strong></span> <span class='ocrx_word' id='word_1_240' title='bbox 1510 2683 1605 2722; x_wconf 88' lang='lat' dir='ltr'><strong>novam</strong></span> <span class='ocrx_word' id='word_1_241' title='bbox 1621 2667 1709 2741; x_wconf 89' lang='lat' dir='ltr'><strong>pariet</strong></span> 
     </span>
     <span class='ocr_line' id='line_1_24' title="bbox 418 2750 1708 2824; baseline 0.002 -20"><span class='ocrx_word' id='word_1_242' title='bbox 418 2764 525 2805; x_wconf 79' lang='lat' dir='ltr'><strong>maram:</strong></span> <span class='ocrx_word' id='word_1_243' title='bbox 549 2752 626 2806; x_wconf 86' lang='lat' dir='ltr'><strong>mora</strong></span> <span class='ocrx_word' id='word_1_244' title='bbox 649 2750 775 2815; x_wconf 88' lang='lat' dir='ltr'><strong>timetur;</strong></span> <span class='ocrx_word' id='word_1_245' title='bbox 796 2768 831 2806; x_wconf 90' lang='lat' dir='ltr'><strong>ue</strong></span> <span class='ocrx_word' id='word_1_246' title='bbox 854 2767 954 2824; x_wconf 87' lang='lat' dir='ltr'><strong>corpus</strong></span> <span class='ocrx_word' id='word_1_247' title='bbox 976 2751 1113 2824; x_wconf 88' lang='lat' dir='ltr'><strong>pontilicis</strong></span> <span class='ocrx_word' id='word_1_248' title='bbox 1135 2767 1256 2807; x_wconf 90' lang='lat' dir='ltr'><strong>crassum</strong></span> <span class='ocrx_word' id='word_1_249' title='bbox 1285 2751 1427 2807; x_wconf 84' lang='lat' dir='ltr'><strong>unmatura</strong></span> <span class='ocrx_word' id='word_1_250' title='bbox 1450 2760 1539 2807; x_wconf 90' lang='lat' dir='ltr'><strong>morte</strong></span> <span class='ocrx_word' id='word_1_251' title='bbox 1566 2751 1708 2824; x_wconf 90' lang='lat' dir='ltr'><strong>perturbet</strong></span> 
     </span>
     <span class='ocr_line' id='line_1_25' title="bbox 419 2832 1708 2909; baseline 0.002 -20"><span class='ocrx_word' id='word_1_252' title='bbox 419 2832 550 2897; x_wconf 81' lang='lat' dir='ltr'><strong>consilia.</strong></span> <span class='ocrx_word' id='word_1_253' title='bbox 574 2834 672 2908; x_wconf 83' lang='lat' dir='ltr'><strong>fugato</strong></span> <span class='ocrx_word' id='word_1_254' title='bbox 695 2835 763 2893; x_wconf 89' lang='lat' dir='ltr'><strong>duee</strong></span> <span class='ocrx_word' id='word_1_255' title='bbox 785 2835 913 2896; x_wconf 89' lang='lat' dir='ltr'><strong>Urbinete</strong></span> <span class='ocrx_word' id='word_1_256' title='bbox 929 2835 1050 2892; x_wconf 82' lang='lat' dir='ltr'><strong>&#39;similem</strong></span> <span class='ocrx_word' id='word_1_257' title='bbox 1073 2835 1210 2892; x_wconf 79' lang='lat' dir='ltr'><strong>fortunam</strong></span> <span class='ocrx_word' id='word_1_258' title='bbox 1233 2835 1370 2892; x_wconf 91' lang='lat' dir='ltr'><strong>minantur</strong></span> <span class='ocrx_word' id='word_1_259' title='bbox 1397 2836 1513 2909; x_wconf 84' lang='lat' dir='ltr'><strong>principi</strong></span> <span class='ocrx_word' id='word_1_260' title='bbox 1534 2835 1708 2898; x_wconf 74' lang='lat' dir='ltr'><strong>l‘errariensi</strong></span> 
     </span>
     <span class='ocr_line' id='line_1_26' title="bbox 386 2918 1709 2995; baseline -0.002 -16"><span class='ocrx_word' id='word_1_261' title='bbox 386 2935 478 2992; x_wconf 74' lang='lat' dir='ltr'><strong>raquo</strong></span> <span class='ocrx_word' id='word_1_262' title='bbox 499 2918 605 2992; x_wconf 78' lang='lat' dir='ltr'><strong>pariter</strong></span> <span class='ocrx_word' id='word_1_263' title='bbox 625 2920 713 2978; x_wconf 89' lang='lat' dir='ltr'><strong>eiecto</strong></span> <span class='ocrx_word' id='word_1_264' title='bbox 735 2938 849 2995; x_wconf 89' lang='lat' dir='ltr'><strong>regnum</strong></span> <span class='ocrx_word' id='word_1_265' title='bbox 872 2920 1069 2977; x_wconf 88' lang='lat' dir='ltr'><strong>constituemus</strong></span> <span class='ocrx_word' id='word_1_266' title='bbox 1093 2929 1121 2976; x_wconf 94' lang='lat' dir='ltr'><strong>et</strong></span> <span class='ocrx_word' id='word_1_267' title='bbox 1142 2921 1241 2995; x_wconf 84' lang='lat' dir='ltr'><strong>Regem</strong></span> <span class='ocrx_word' id='word_1_268' title='bbox 1265 2920 1368 2977; x_wconf 81' lang='lat' dir='ltr'><strong>Tusciae</strong></span> <span class='ocrx_word' id='word_1_269' title='bbox 1391 2920 1569 2978; x_wconf 87' lang='lat' dir='ltr'><strong>salutabimus</strong></span> <span class='ocrx_word' id='word_1_270' title='bbox 1590 2921 1709 2977; x_wconf 89' lang='lat' dir='ltr'><strong>Lauren-</strong></span> 
     </span>
    </p>
   </div>
   <div class='ocr_carea' id='block_1_3' title="bbox 419 3034 622 3043">
    <p class='ocr_par' dir='ltr' id='par_1_4' title="bbox 419 3034 622 3043">
     <span class='ocr_line' id='line_1_27' title="bbox 419 3034 622 3043; baseline 0.005 -1"><span class='ocrx_word' id='word_1_271' title='bbox 419 3034 622 3043; x_wconf 49' lang='grc' dir='ltr'><strong>*η*-</strong></span> 
     </span>
    </p>
   </div>
   <div class='ocr_carea' id='block_1_4' title="bbox 394 3086 1759 5131">
    <p class='ocr_par' dir='ltr' id='par_1_5' title="bbox 394 3086 1759 5131">
     <span class='ocr_line' id='line_1_28' title="bbox 486 3086 1708 3178; baseline 0.002 -28"><span class='ocrx_word' id='word_1_272' title='bbox 486 3095 856 3178; x_wconf 70' lang='lat' dir='ltr'><strong>¹iucred.]nondebili2.3.</strong></span> <span class='ocrx_word' id='word_1_273' title='bbox 894 3086 1057 3155; x_wconf 66' lang='lat' dir='ltr'><strong>comiserat?</strong></span> <span class='ocrx_word' id='word_1_274' title='bbox 1088 3092 1477 3169; x_wconf 68' lang='lat' dir='ltr'><strong>&#39;LaureirtiusJFraoiscsSp</strong></span> <span class='ocrx_word' id='word_1_275' title='bbox 1512 3103 1598 3154; x_wconf 88' lang='lat' dir='ltr'><strong>Iulius</strong></span> <span class='ocrx_word' id='word_1_276' title='bbox 1611 3104 1639 3154; x_wconf 92' lang='lat' dir='ltr'><strong>ii.</strong></span> <span class='ocrx_word' id='word_1_277' title='bbox 1652 3103 1708 3169; x_wconf 59' lang='lat' dir='ltr'><strong>qd.</strong></span> 
     </span>
     <span class='ocr_line' id='line_1_29' title="bbox 418 3185 1709 3253; baseline 0.002 -18"><span class='ocrx_word' id='word_1_278' title='bbox 418 3185 504 3246; x_wconf 53' lang='lat'><strong>522]</strong></span> <span class='ocrx_word' id='word_1_279' title='bbox 518 3186 561 3236; x_wconf 89' lang='lat' dir='ltr'><strong>De</strong></span> <span class='ocrx_word' id='word_1_280' title='bbox 573 3186 703 3237; x_wconf 88' lang='lat' dir='ltr'><strong>thesauro</strong></span> <span class='ocrx_word' id='word_1_281' title='bbox 716 3186 853 3239; x_wconf 79' lang='lat' dir='ltr'><strong>slulioll.</strong></span> <span class='ocrx_word' id='word_1_282' title='bbox 861 3188 959 3238; x_wconf 83' lang='lat' dir='ltr'><strong>relicto</strong></span> <span class='ocrx_word' id='word_1_283' title='bbox 970 3189 1006 3238; x_wconf 84' lang='lat' dir='ltr'><strong>ei.</strong></span> <span class='ocrx_word' id='word_1_284' title='bbox 1015 3188 1093 3238; x_wconf 81' lang='lat' dir='ltr'><strong>eund.</strong></span> <span class='ocrx_word' id='word_1_285' title='bbox 1101 3187 1207 3251; x_wconf 77' lang='lat' dir='ltr'>PSQ.§.</span> <span class='ocrx_word' id='word_1_286' title='bbox 1217 3187 1256 3238; x_wconf 72' lang='lat'><strong>10,</strong></span> <span class='ocrx_word' id='word_1_287' title='bbox 1292 3187 1303 3220; x_wconf 79' lang='lat'>³</span> <span class='ocrx_word' id='word_1_288' title='bbox 1316 3191 1427 3240; x_wconf 78' lang='lat' dir='ltr'><strong>inventa</strong></span> <span class='ocrx_word' id='word_1_289' title='bbox 1438 3189 1490 3239; x_wconf 84' lang='lat' dir='ltr'><strong>fuit</strong></span> <span class='ocrx_word' id='word_1_290' title='bbox 1499 3188 1621 3253; x_wconf 72' lang='lat' dir='ltr'><strong>quaedam</strong></span> <span class='ocrx_word' id='word_1_291' title='bbox 1633 3189 1709 3237; x_wconf 81' lang='lat' dir='ltr'><strong>irenis</strong></span> 
     </span>
     <span class='ocr_line' id='line_1_30' title="bbox 418 3264 1708 3341; baseline 0.001 -21"><span class='ocrx_word' id='word_1_292' title='bbox 418 3286 491 3321; x_wconf 79' lang='lat' dir='ltr'><strong>nova</strong></span> <span class='ocrx_word' id='word_1_293' title='bbox 510 3274 533 3322; x_wconf 85' lang='lat'><strong>1.</strong></span> <span class='ocrx_word' id='word_1_294' title='bbox 540 3273 565 3322; x_wconf 83' lang='lat'><strong>2.</strong></span> <span class='ocrx_word' id='word_1_295' title='bbox 574 3274 645 3322; x_wconf 80' lang='grc'><strong><em>4...6.</em></strong></span> <span class='ocrx_word' id='word_1_296' title='bbox 663 3271 784 3323; x_wconf 80' lang='lat' dir='ltr'><strong>ineunda</strong></span> <span class='ocrx_word' id='word_1_297' title='bbox 802 3272 857 3323; x_wconf 79' lang='lat' dir='ltr'><strong>fuit</strong></span> <span class='ocrx_word' id='word_1_298' title='bbox 868 3264 954 3338; x_wconf 78' lang='lat' dir='ltr'><strong>quaed.</strong></span> <span class='ocrx_word' id='word_1_299' title='bbox 969 3274 989 3324; x_wconf 83' lang='lat' dir='ltr'><strong>f.</strong></span> <span class='ocrx_word' id='word_1_300' title='bbox 1003 3289 1029 3323; x_wconf 91' lang='lat' dir='ltr'><strong>n.</strong></span> <span class='ocrx_word' id='word_1_301' title='bbox 1038 3277 1063 3326; x_wconf 80' lang='lat'><strong>3.</strong></span> <span class='ocrx_word' id='word_1_302' title='bbox 1098 3271 1110 3304; x_wconf 84' lang='lat'><strong>⁴</strong></span> <span class='ocrx_word' id='word_1_303' title='bbox 1122 3275 1262 3339; x_wconf 88' lang='lat' dir='ltr'><strong>potuerint</strong></span> <span class='ocrx_word' id='word_1_304' title='bbox 1274 3277 1329 3324; x_wconf 72' lang='lat' dir='ltr'><strong>m.</strong></span> <span class='ocrx_word' id='word_1_305' title='bbox 1348 3276 1390 3324; x_wconf 88' lang='lat' dir='ltr'><strong>De</strong></span> <span class='ocrx_word' id='word_1_306' title='bbox 1404 3275 1607 3341; x_wconf 83' lang='lat' dir='ltr'><strong>conspiratione</strong></span> <span class='ocrx_word' id='word_1_307' title='bbox 1620 3274 1708 3322; x_wconf 83' lang='lat' dir='ltr'><strong>cardi-</strong></span> 
     </span>
     <span class='ocr_line' id='line_1_31' title="bbox 418 3355 1709 3422; baseline 0.004 -18"><span class='ocrx_word' id='word_1_308' title='bbox 418 3355 523 3406; x_wconf 84' lang='lat' dir='ltr'><strong>nntium</strong></span> <span class='ocrx_word' id='word_1_309' title='bbox 535 3356 663 3407; x_wconf 84' lang='lat' dir='ltr'><strong>inmerito</strong></span> <span class='ocrx_word' id='word_1_310' title='bbox 676 3361 773 3407; x_wconf 84' lang='lat' dir='ltr'><strong>auctor</strong></span> <span class='ocrx_word' id='word_1_311' title='bbox 784 3356 928 3410; x_wconf 67' lang='lat' dir='ltr'><strong>dubitavit</strong></span> <span class='ocrx_word' id='word_1_312' title='bbox 942 3359 979 3413; x_wconf 84' lang='lat' dir='ltr'><strong>ei.</strong></span> <span class='ocrx_word' id='word_1_313' title='bbox 987 3359 1099 3410; x_wconf 79' lang='lat' dir='ltr'><strong>ciacon.</strong></span> <span class='ocrx_word' id='word_1_314' title='bbox 1106 3359 1156 3408; x_wconf 91' lang='lat' dir='ltr'><strong>Ill.</strong></span> <span class='ocrx_word' id='word_1_315' title='bbox 1164 3357 1257 3422; x_wconf 71' lang='lat' dir='ltr'><strong>pult.</strong></span> <span class='ocrx_word' id='word_1_316' title='bbox 1275 3359 1381 3409; x_wconf 83' lang='lat' dir='ltr'><strong>Roseae</strong></span> <span class='ocrx_word' id='word_1_317' title='bbox 1393 3360 1435 3409; x_wconf 86' lang='lat' dir='ltr'><strong>ch.</strong></span> <span class='ocrx_word' id='word_1_318' title='bbox 1445 3358 1484 3408; x_wconf 84' lang='lat' dir='ltr'><strong>ld.</strong></span> <span class='ocrx_word' id='word_1_319' title='bbox 1520 3358 1589 3409; x_wconf 88' lang='lat' dir='ltr'><strong>liceo</strong></span> <span class='ocrx_word' id='word_1_320' title='bbox 1602 3361 1627 3410; x_wconf 80' lang='grc'><strong>6.</strong></span> <span class='ocrx_word' id='word_1_321' title='bbox 1663 3358 1709 3409; x_wconf 86' lang='lat' dir='ltr'><strong>ad·</strong></span> 
     </span>
     <span class='ocr_line' id='line_1_32' title="bbox 420 3439 1710 3509; baseline 0.003 -20"><span class='ocrx_word' id='word_1_322' title='bbox 420 3440 616 3490; x_wconf 82' lang='lat' dir='ltr'><strong>scribebantur</strong></span> <span class='ocrx_word' id='word_1_323' title='bbox 627 3446 653 3491; x_wconf 81' lang='lat'><strong>5.</strong></span> <span class='ocrx_word' id='word_1_324' title='bbox 688 3439 861 3507; x_wconf 67' lang='lat' dir='ltr'><strong>‘discordial</strong></span> <span class='ocrx_word' id='word_1_325' title='bbox 875 3442 969 3493; x_wconf 77' lang='lat' dir='ltr'><strong>illude</strong></span> <span class='ocrx_word' id='word_1_326' title='bbox 983 3442 1360 3509; x_wconf 78' lang='lat' dir='ltr'><strong>qnaEpp.O.V.ll.num.63.</strong></span> <span class='ocrx_word' id='word_1_327' title='bbox 1396 3442 1559 3509; x_wconf 83' lang='lat' dir='ltr'><strong>⁷atiuetSp.</strong></span> <span class='ocrx_word' id='word_1_328' title='bbox 1594 3442 1710 3508; x_wconf 70' lang='lat' dir='ltr'><strong>⁹pterea</strong></span> 
     </span>
     <span class='ocr_line' id='line_1_33' title="bbox 420 3515 1708 3595; baseline 0.003 -22"><span class='ocrx_word' id='word_1_329' title='bbox 420 3524 465 3589; x_wconf 85' lang='lat' dir='ltr'><strong>Sp.</strong></span> <span class='ocrx_word' id='word_1_330' title='bbox 520 3522 540 3556; x_wconf 87' lang='lat'><strong>¹¹</strong></span> <span class='ocrx_word' id='word_1_331' title='bbox 554 3524 754 3579; x_wconf 82' lang='lat' dir='ltr'><strong>larem.Vll.4.</strong></span> <span class='ocrx_word' id='word_1_332' title='bbox 804 3515 1209 3593; x_wconf 66' lang='lat' dir='ltr'><strong>estdomdri‚qu0dLa11r..5p.</strong></span> <span class='ocrx_word' id='word_1_333' title='bbox 1262 3527 1283 3560; x_wconf 77' lang='lat'><strong>¹²</strong></span> <span class='ocrx_word' id='word_1_334' title='bbox 1301 3529 1346 3579; x_wconf 89' lang='lat' dir='ltr'><strong>hie</strong></span> <span class='ocrx_word' id='word_1_335' title='bbox 1360 3528 1441 3595; x_wconf 85' lang='lat' dir='ltr'><strong>fingo.</strong></span> <span class='ocrx_word' id='word_1_336' title='bbox 1455 3529 1625 3578; x_wconf 83' lang='lat' dir='ltr'><strong>Electissimi</strong></span> <span class='ocrx_word' id='word_1_337' title='bbox 1643 3528 1708 3577; x_wconf 85' lang='lat' dir='ltr'><strong>Ger·</strong></span> 
     </span>
     <span class='ocr_line' id='line_1_34' title="bbox 420 3609 1710 3679; baseline 0.002 -21"><span class='ocrx_word' id='word_1_338' title='bbox 420 3610 502 3671; x_wconf 83' lang='lat' dir='ltr'><strong>mani,</strong></span> <span class='ocrx_word' id='word_1_339' title='bbox 523 3609 599 3659; x_wconf 89' lang='lat' dir='ltr'><strong>orbis</strong></span> <span class='ocrx_word' id='word_1_340' title='bbox 611 3613 719 3660; x_wconf 80' lang='lat' dir='ltr'><strong>terrarii</strong></span> <span class='ocrx_word' id='word_1_341' title='bbox 732 3611 937 3677; x_wconf 79' lang='lat' dir='ltr'><strong>solicitatursp.</strong></span> <span class='ocrx_word' id='word_1_342' title='bbox 974 3611 1046 3678; x_wconf 87' lang='lat' dir='ltr'><strong>fingo</strong></span> <span class='ocrx_word' id='word_1_343' title='bbox 1059 3613 1199 3678; x_wconf 84' lang='lat' dir='ltr'><strong>principes</strong></span> <span class='ocrx_word' id='word_1_344' title='bbox 1207 3613 1282 3664; x_wconf 85' lang='lat' dir='ltr'><strong>Rom.</strong></span> <span class='ocrx_word' id='word_1_345' title='bbox 1296 3614 1360 3679; x_wconf 91' lang='lat' dir='ltr'><strong>imp.</strong></span> <span class='ocrx_word' id='word_1_346' title='bbox 1374 3616 1427 3665; x_wconf 90' lang='lat' dir='ltr'><strong>imo</strong></span> <span class='ocrx_word' id='word_1_347' title='bbox 1441 3614 1513 3664; x_wconf 84' lang='lat' dir='ltr'><strong>orbis</strong></span> <span class='ocrx_word' id='word_1_348' title='bbox 1523 3614 1616 3663; x_wconf 87' lang='lat' dir='ltr'><strong>totius.</strong></span> <span class='ocrx_word' id='word_1_349' title='bbox 1637 3612 1710 3662; x_wconf 82' lang='lat' dir='ltr'><strong>Cun-</strong></span> 
     </span>
     <span class='ocr_line' id='line_1_35' title="bbox 420 3694 1710 3765; baseline 0.004 -22"><span class='ocrx_word' id='word_1_350' title='bbox 420 3694 458 3744; x_wconf 84' lang='lat' dir='ltr'><strong>cti</strong></span> <span class='ocrx_word' id='word_1_351' title='bbox 470 3710 492 3744; x_wconf 89' lang='lat' dir='ltr'><strong>s.</strong></span> <span class='ocrx_word' id='word_1_352' title='bbox 507 3697 533 3744; x_wconf 86' lang='lat'><strong>1.</strong></span> <span class='ocrx_word' id='word_1_353' title='bbox 567 3694 636 3744; x_wconf 89' lang='lat' dir='ltr'><strong>nihil</strong></span> <span class='ocrx_word' id='word_1_354' title='bbox 655 3695 695 3745; x_wconf 84' lang='lat' dir='ltr'><strong>sic</strong></span> <span class='ocrx_word' id='word_1_355' title='bbox 713 3694 787 3761; x_wconf 86' lang='lat' dir='ltr'><strong>tingo</strong></span> <span class='ocrx_word' id='word_1_356' title='bbox 806 3696 967 3747; x_wconf 86' lang='lat' dir='ltr'><strong>electissimi</strong></span> <span class='ocrx_word' id='word_1_357' title='bbox 979 3697 1118 3763; x_wconf 85' lang='lat' dir='ltr'><strong>principes</strong></span> <span class='ocrx_word' id='word_1_358' title='bbox 1130 3699 1246 3749; x_wconf 83' lang='lat' dir='ltr'><strong>Romani</strong></span> <span class='ocrx_word' id='word_1_359' title='bbox 1258 3699 1370 3765; x_wconf 91' lang='lat' dir='ltr'><strong>Imperii</strong></span> <span class='ocrx_word' id='word_1_360' title='bbox 1388 3699 1470 3749; x_wconf 89' lang='lat' dir='ltr'><strong>orbis.</strong></span> <span class='ocrx_word' id='word_1_361' title='bbox 1489 3698 1561 3761; x_wconf 84' lang='lat' dir='ltr'><strong>Quid</strong></span> <span class='ocrx_word' id='word_1_362' title='bbox 1574 3713 1596 3747; x_wconf 87' lang='lat' dir='ltr'><strong>s.</strong></span> <span class='ocrx_word' id='word_1_363' title='bbox 1608 3701 1633 3748; x_wconf 87' lang='lat'><strong>2.</strong></span> <span class='ocrx_word' id='word_1_364' title='bbox 1668 3698 1710 3748; x_wconf 83' lang='lat' dir='ltr'><strong>sio</strong></span> 
     </span>
     <span class='ocr_line' id='line_1_36' title="bbox 420 3763 1708 3848; baseline 0.003 -21"><span class='ocrx_word' id='word_1_365' title='bbox 420 3778 502 3843; x_wconf 86' lang='lat' dir='ltr'><strong>fingo,</strong></span> <span class='ocrx_word' id='word_1_366' title='bbox 523 3763 687 3830; x_wconf 68' lang='lat' dir='ltr'><strong>electissimi</strong></span> <span class='ocrx_word' id='word_1_367' title='bbox 705 3795 746 3845; x_wconf 91' lang='lat' dir='ltr'><strong>pr.</strong></span> <span class='ocrx_word' id='word_1_368' title='bbox 760 3781 810 3831; x_wconf 86' lang='lat' dir='ltr'><strong>Ro.</strong></span> <span class='ocrx_word' id='word_1_369' title='bbox 824 3782 942 3847; x_wconf 88' lang='lat' dir='ltr'><strong>imperii.</strong></span> <span class='ocrx_word' id='word_1_370' title='bbox 956 3781 1038 3834; x_wconf 88' lang='lat' dir='ltr'><strong>Orbis</strong></span> <span class='ocrx_word' id='word_1_371' title='bbox 1051 3783 1115 3847; x_wconf 90' lang='lat' dir='ltr'><strong>quid</strong></span> <span class='ocrx_word' id='word_1_372' title='bbox 1129 3787 1185 3833; x_wconf 58' lang='grc' dir='ltr'><strong>ιλ.</strong></span> <span class='ocrx_word' id='word_1_373' title='bbox 1222 3782 1243 3815; x_wconf 82' lang='lat'><strong>¹³</strong></span> <span class='ocrx_word' id='word_1_374' title='bbox 1260 3785 1313 3833; x_wconf 88' lang='lat' dir='ltr'><strong>imo</strong></span> <span class='ocrx_word' id='word_1_375' title='bbox 1327 3789 1350 3833; x_wconf 82' lang='lat' dir='ltr'><strong>o.</strong></span> <span class='ocrx_word' id='word_1_376' title='bbox 1386 3785 1573 3835; x_wconf 80' lang='lat' dir='ltr'><strong>sollie.1.5.6.</strong></span> <span class='ocrx_word' id='word_1_377' title='bbox 1609 3781 1630 3814; x_wconf 83' lang='lat'><strong>¹⁴</strong></span> <span class='ocrx_word' id='word_1_378' title='bbox 1642 3783 1708 3848; x_wconf 83' lang='lat' dir='ltr'><strong>opii.</strong></span> 
     </span>
     <span class='ocr_line' id='line_1_37' title="bbox 420 3864 1708 3934; baseline 0.003 -22"><span class='ocrx_word' id='word_1_379' title='bbox 420 3865 569 3928; x_wconf 71' lang='lat' dir='ltr'><strong>openedd.</strong></span> <span class='ocrx_word' id='word_1_380' title='bbox 616 3865 731 3916; x_wconf 80' lang='lat' dir='ltr'><strong>minione.</strong></span> <span class='ocrx_word' id='word_1_381' title='bbox 746 3869 769 3915; x_wconf 80' lang='grc'><strong>6.</strong></span> <span class='ocrx_word' id='word_1_382' title='bbox 824 3864 1024 3916; x_wconf 60' lang='lat' dir='ltr'><strong>¹⁵·¹⁶&gt;artiiiciir.</strong></span> <span class='ocrx_word' id='word_1_383' title='bbox 1045 3867 1225 3919; x_wconf 80' lang='lat' dir='ltr'><strong>clamabatur.</strong></span> <span class='ocrx_word' id='word_1_384' title='bbox 1245 3871 1384 3920; x_wconf 71' lang='lat' dir='ltr'><strong>visebatur</strong></span> <span class='ocrx_word' id='word_1_385' title='bbox 1395 3871 1443 3921; x_wconf 79' lang='lat' dir='ltr'><strong>&amp;a</strong></span> <span class='ocrx_word' id='word_1_386' title='bbox 1463 3869 1508 3934; x_wconf 81' lang='lat' dir='ltr'><strong>Sp.</strong></span> <span class='ocrx_word' id='word_1_387' title='bbox 1552 3866 1577 3908; x_wconf 61' lang='grc' dir='ltr'><em>θ</em></span> <span class='ocrx_word' id='word_1_388' title='bbox 1599 3866 1708 3933; x_wconf 85' lang='lat' dir='ltr'><strong>sculpti]</strong></span> 
     </span>
     <span class='ocr_line' id='line_1_38' title="bbox 420 3947 1710 4020; baseline 0.004 -23"><span class='ocrx_word' id='word_1_389' title='bbox 420 3948 499 3999; x_wconf 84' lang='lat' dir='ltr'><strong>stulti</strong></span> <span class='ocrx_word' id='word_1_390' title='bbox 512 3952 538 3998; x_wconf 86' lang='lat'><strong>2.</strong></span> <span class='ocrx_word' id='word_1_391' title='bbox 547 3951 573 4000; x_wconf 81' lang='grc'><strong>3.</strong></span> <span class='ocrx_word' id='word_1_392' title='bbox 608 3947 662 3983; x_wconf 67' lang='grc' dir='ltr'><strong>’Μῖ</strong></span> <span class='ocrx_word' id='word_1_393' title='bbox 675 3949 849 4015; x_wconf 76' lang='lat' dir='ltr'><strong>serentesque</strong></span> <span class='ocrx_word' id='word_1_394' title='bbox 861 3951 890 4000; x_wconf 90' lang='lat' dir='ltr'><strong>in</strong></span> <span class='ocrx_word' id='word_1_395' title='bbox 902 3951 1017 4001; x_wconf 84' lang='lat' dir='ltr'><strong>sublimo</strong></span> <span class='ocrx_word' id='word_1_396' title='bbox 1030 3955 1101 4004; x_wconf 79' lang='lat' dir='ltr'><strong>omia.</strong></span> <span class='ocrx_word' id='word_1_397' title='bbox 1114 3951 1160 4017; x_wconf 86' lang='lat' dir='ltr'><strong>Sp.</strong></span> <span class='ocrx_word' id='word_1_398' title='bbox 1196 3955 1219 4013; x_wconf 64' lang='grc' dir='ltr'><strong>ἓ.</strong></span> <span class='ocrx_word' id='word_1_399' title='bbox 1232 3953 1286 4020; x_wconf 68' lang='lat' dir='ltr'><strong>tt]</strong></span> <span class='ocrx_word' id='word_1_400' title='bbox 1299 3955 1406 4005; x_wconf 90' lang='lat' dir='ltr'><strong>Similia</strong></span> <span class='ocrx_word' id='word_1_401' title='bbox 1419 3956 1446 4004; x_wconf 94' lang='lat' dir='ltr'><strong>in</strong></span> <span class='ocrx_word' id='word_1_402' title='bbox 1457 3955 1522 4015; x_wconf 76' lang='lat' dir='ltr'><strong>PsQ</strong></span> <span class='ocrx_word' id='word_1_403' title='bbox 1537 3953 1608 4014; x_wconf 71' lang='lat'>§.12</span> <span class='ocrx_word' id='word_1_404' title='bbox 1622 3954 1710 4015; x_wconf 80' lang='lat' dir='ltr'><strong>„Sunt</strong></span> 
     </span>
     <span class='ocr_line' id='line_1_39' title="bbox 394 4032 1710 4104; baseline 0.004 -21"><span class='ocrx_word' id='word_1_405' title='bbox 394 4090 397 4095; x_wconf 17' lang='lat' dir='ltr'><strong>g</strong></span> <span class='ocrx_word' id='word_1_406' title='bbox 420 4032 539 4099; x_wconf 80' lang='lat' dir='ltr'><strong>singulis</strong></span> <span class='ocrx_word' id='word_1_407' title='bbox 562 4033 658 4084; x_wconf 82' lang='lat' dir='ltr'><strong>diebus</strong></span> <span class='ocrx_word' id='word_1_408' title='bbox 682 4034 754 4101; x_wconf 88' lang='lat' dir='ltr'><strong>apud</strong></span> <span class='ocrx_word' id='word_1_409' title='bbox 778 4036 851 4086; x_wconf 84' lang='lat' dir='ltr'><strong>fores</strong></span> <span class='ocrx_word' id='word_1_410' title='bbox 875 4037 1000 4086; x_wconf 85' lang='lat' dir='ltr'><strong>ecelesiae</strong></span> <span class='ocrx_word' id='word_1_411' title='bbox 1019 4035 1045 4087; x_wconf 86' lang='lat' dir='ltr'><strong>S.</strong></span> <span class='ocrx_word' id='word_1_412' title='bbox 1063 4037 1139 4086; x_wconf 85' lang='lat' dir='ltr'><strong>Petri</strong></span> <span class='ocrx_word' id='word_1_413' title='bbox 1157 4036 1278 4102; x_wconf 86' lang='lat' dir='ltr'><strong>lapidum</strong></span> <span class='ocrx_word' id='word_1_414' title='bbox 1297 4038 1434 4090; x_wconf 81' lang='lat' dir='ltr'><strong>excisores</strong></span> <span class='ocrx_word' id='word_1_415' title='bbox 1458 4039 1630 4104; x_wconf 87' lang='lat' dir='ltr'><strong>quammulti;</strong></span> <span class='ocrx_word' id='word_1_416' title='bbox 1660 4039 1710 4088; x_wconf 89' lang='lat' dir='ltr'><strong>sed</strong></span> 
     </span>
     <span class='ocr_line' id='line_1_40' title="bbox 421 4118 1708 4187; baseline 0.005 -20"><span class='ocrx_word' id='word_1_417' title='bbox 421 4118 493 4182; x_wconf 86' lang='lat' dir='ltr'><strong>qnod</strong></span> <span class='ocrx_word' id='word_1_418' title='bbox 511 4118 632 4169; x_wconf 83' lang='lat' dir='ltr'><strong>interdiu</strong></span> <span class='ocrx_word' id='word_1_419' title='bbox 650 4123 823 4183; x_wconf 84' lang='lat' dir='ltr'><strong>construunt,</strong></span> <span class='ocrx_word' id='word_1_420' title='bbox 846 4126 931 4171; x_wconf 87' lang='lat' dir='ltr'><strong>noctu</strong></span> <span class='ocrx_word' id='word_1_421' title='bbox 949 4120 1076 4171; x_wconf 86' lang='lat' dir='ltr'><strong>clanculo</strong></span> <span class='ocrx_word' id='word_1_422' title='bbox 1101 4121 1136 4171; x_wconf 86' lang='lat' dir='ltr'><strong>ad</strong></span> <span class='ocrx_word' id='word_1_423' title='bbox 1154 4122 1287 4187; x_wconf 83' lang='lat' dir='ltr'><strong>palatium</strong></span> <span class='ocrx_word' id='word_1_424' title='bbox 1311 4124 1447 4184; x_wconf 79' lang='lat' dir='ltr'><strong>Medicas,</strong></span> <span class='ocrx_word' id='word_1_425' title='bbox 1467 4139 1521 4172; x_wconf 91' lang='lat' dir='ltr'><strong>non</strong></span> <span class='ocrx_word' id='word_1_426' title='bbox 1539 4125 1616 4173; x_wconf 86' lang='lat' dir='ltr'><strong>Petri</strong></span> <span class='ocrx_word' id='word_1_427' title='bbox 1633 4120 1708 4174; x_wconf 70' lang='lat' dir='ltr'><strong>deic&#39;·</strong></span> 
     </span>
     <span class='ocr_line' id='line_1_41' title="bbox 420 4197 1712 4273; baseline 0.003 -20"><span class='ocrx_word' id='word_1_428' title='bbox 420 4197 500 4253; x_wconf 85' lang='lat' dir='ltr'><strong>runt:</strong></span> <span class='ocrx_word' id='word_1_429' title='bbox 519 4203 614 4269; x_wconf 81' lang='lat' dir='ltr'><strong>sieque</strong></span> <span class='ocrx_word' id='word_1_430' title='bbox 632 4202 740 4269; x_wconf 80' lang='lat' dir='ltr'><strong>lapides</strong></span> <span class='ocrx_word' id='word_1_431' title='bbox 758 4210 842 4255; x_wconf 87' lang='lat' dir='ltr'><strong>noctu</strong></span> <span class='ocrx_word' id='word_1_432' title='bbox 860 4206 1005 4272; x_wconf 84' lang='lat' dir='ltr'><strong>migrant&#39;’.</strong></span> <span class='ocrx_word' id='word_1_433' title='bbox 1053 4205 1074 4238; x_wconf 78' lang='lat'><strong>¹⁷</strong></span> <span class='ocrx_word' id='word_1_434' title='bbox 1092 4207 1219 4271; x_wconf 86' lang='lat' dir='ltr'><strong>poteritis</strong></span> <span class='ocrx_word' id='word_1_435' title='bbox 1232 4207 1279 4272; x_wconf 83' lang='lat' dir='ltr'><strong>Sp.</strong></span> <span class='ocrx_word' id='word_1_436' title='bbox 1327 4205 1475 4273; x_wconf 80' lang='lat' dir='ltr'><strong>prestigias</strong></span> <span class='ocrx_word' id='word_1_437' title='bbox 1489 4212 1541 4258; x_wconf 67' lang='lat' dir='ltr'><strong>Lo.</strong></span> <span class='ocrx_word' id='word_1_438' title='bbox 1589 4209 1712 4273; x_wconf 82' lang='lat' dir='ltr'><strong>aucupii.-</strong></span> 
     </span>
     <span class='ocr_line' id='line_1_42' title="bbox 420 4288 1709 4358; baseline 0.004 -20"><span class='ocrx_word' id='word_1_439' title='bbox 420 4289 494 4338; x_wconf 78' lang='lat' dir='ltr'><strong>Ante</strong></span> <span class='ocrx_word' id='word_1_440' title='bbox 546 4293 644 4339; x_wconf 81' lang='lat' dir='ltr'><strong>saneto</strong></span> <span class='ocrx_word' id='word_1_441' title='bbox 656 4290 724 4340; x_wconf 81' lang='lat' dir='ltr'><strong>aeni.</strong></span> <span class='ocrx_word' id='word_1_442' title='bbox 738 4288 766 4353; x_wconf 86' lang='lat' dir='ltr'><strong>(i.</strong></span> <span class='ocrx_word' id='word_1_443' title='bbox 773 4306 795 4341; x_wconf 86' lang='lat' dir='ltr'><strong>e.</strong></span> <span class='ocrx_word' id='word_1_444' title='bbox 808 4294 876 4342; x_wconf 78' lang='lat' dir='ltr'><strong>locam</strong></span> <span class='ocrx_word' id='word_1_445' title='bbox 887 4306 968 4356; x_wconf 86' lang='lat' dir='ltr'><strong>supra</strong></span> <span class='ocrx_word' id='word_1_446' title='bbox 979 4292 1002 4351; x_wconf 68' lang='grc' dir='ltr'><strong>ξ.</strong></span> <span class='ocrx_word' id='word_1_447' title='bbox 1013 4289 1051 4343; x_wconf 85' lang='grc'><strong>18.</strong></span> <span class='ocrx_word' id='word_1_448' title='bbox 1059 4298 1129 4342; x_wconf 85' lang='lat' dir='ltr'><strong>reete</strong></span> <span class='ocrx_word' id='word_1_449' title='bbox 1141 4293 1308 4355; x_wconf 80' lang='lat' dir='ltr'><strong>conlocatus.)</strong></span> <span class='ocrx_word' id='word_1_450' title='bbox 1325 4292 1370 4342; x_wconf 86' lang='lat' dir='ltr'><strong>Sic</strong></span> <span class='ocrx_word' id='word_1_451' title='bbox 1383 4293 1443 4341; x_wconf 89' lang='lat' dir='ltr'><strong>risit</strong></span> <span class='ocrx_word' id='word_1_452' title='bbox 1454 4291 1519 4341; x_wconf 90' lang='lat' dir='ltr'><strong>olim</strong></span> <span class='ocrx_word' id='word_1_453' title='bbox 1532 4297 1641 4358; x_wconf 87' lang='lat' dir='ltr'><strong>propter</strong></span> <span class='ocrx_word' id='word_1_454' title='bbox 1653 4294 1709 4343; x_wconf 88' lang='lat' dir='ltr'><strong>iud.</strong></span> 
     </span>
     <span class='ocr_line' id='line_1_43' title="bbox 408 4365 1708 4447; baseline 0.003 -23"><span class='ocrx_word' id='word_1_455' title='bbox 408 4389 446 4447; x_wconf 77' lang='lat' dir='ltr'><strong>¹u.</strong></span> <span class='ocrx_word' id='word_1_456' title='bbox 459 4390 487 4440; x_wconf 85' lang='lat' dir='ltr'><strong>p.</strong></span> <span class='ocrx_word' id='word_1_457' title='bbox 500 4373 583 4439; x_wconf 81' lang='lat' dir='ltr'><strong>Cypr.</strong></span> <span class='ocrx_word' id='word_1_458' title='bbox 594 4388 621 4425; x_wconf 82' lang='lat' dir='ltr'><strong>v.</strong></span> <span class='ocrx_word' id='word_1_459' title='bbox 633 4372 743 4425; x_wconf 80' lang='lat' dir='ltr'><strong>Christo</strong></span> <span class='ocrx_word' id='word_1_460' title='bbox 754 4375 800 4440; x_wconf 81' lang='lat' dir='ltr'><strong>Sp.</strong></span> <span class='ocrx_word' id='word_1_461' title='bbox 819 4375 866 4426; x_wconf 80' lang='lat' dir='ltr'><strong>Sic</strong></span> <span class='ocrx_word' id='word_1_462' title='bbox 878 4376 940 4427; x_wconf 87' lang='lat' dir='ltr'><strong>risit</strong></span> <span class='ocrx_word' id='word_1_463' title='bbox 951 4379 1026 4426; x_wconf 79' lang='lat' dir='ltr'><strong>etiam</strong></span> <span class='ocrx_word' id='word_1_464' title='bbox 1037 4380 1062 4426; x_wconf 78' lang='grc'><strong>2.</strong></span> <span class='ocrx_word' id='word_1_465' title='bbox 1072 4380 1099 4428; x_wconf 78' lang='lat'><strong>3.</strong></span> <span class='ocrx_word' id='word_1_466' title='bbox 1134 4374 1274 4443; x_wconf 81' lang='lat' dir='ltr'><strong>Cypriam]</strong></span> <span class='ocrx_word' id='word_1_467' title='bbox 1294 4379 1378 4427; x_wconf 89' lang='lat' dir='ltr'><strong>Immo</strong></span> <span class='ocrx_word' id='word_1_468' title='bbox 1395 4365 1558 4427; x_wconf 82' lang='lat' dir='ltr'><strong>Tertullinu.</strong></span> <span class='ocrx_word' id='word_1_469' title='bbox 1578 4377 1708 4443; x_wconf 85' lang='lat' dir='ltr'><strong>apologe-</strong></span> 
     </span>
     <span class='ocr_line' id='line_1_44' title="bbox 420 4457 1759 4526; baseline 0.004 -18"><span class='ocrx_word' id='word_1_470' title='bbox 420 4460 469 4510; x_wconf 86' lang='lat' dir='ltr'><strong>tie.</strong></span> <span class='ocrx_word' id='word_1_471' title='bbox 484 4457 525 4508; x_wconf 84' lang='lat' dir='ltr'><strong>lb.</strong></span> <span class='ocrx_word' id='word_1_472' title='bbox 545 4458 683 4523; x_wconf 79' lang='lat' dir='ltr'><strong>„Quidam</strong></span> <span class='ocrx_word' id='word_1_473' title='bbox 747 4461 884 4525; x_wconf 82' lang='lat' dir='ltr'><strong>picturam</strong></span> <span class='ocrx_word' id='word_1_474' title='bbox 902 4460 1043 4526; x_wconf 84' lang='lat' dir='ltr'><strong>proposuit</strong></span> <span class='ocrx_word' id='word_1_475' title='bbox 1055 4470 1116 4512; x_wconf 87' lang='lat' dir='ltr'><strong>cu&#39;m</strong></span> <span class='ocrx_word' id='word_1_476' title='bbox 1130 4462 1264 4522; x_wconf 84' lang='lat' dir='ltr'><strong>eiusmodi</strong></span> <span class='ocrx_word' id='word_1_477' title='bbox 1277 4463 1457 4526; x_wconf 89' lang='lat' dir='ltr'><strong>inscriptione</strong></span> <span class='ocrx_word' id='word_1_478' title='bbox 1476 4477 1546 4513; x_wconf 77' lang='lat' dir='ltr'><strong>uses</strong></span> <span class='ocrx_word' id='word_1_479' title='bbox 1565 4478 1709 4513; x_wconf 79' lang='lat' dir='ltr'><strong>canrsrra·</strong></span> <span class='ocrx_word' id='word_1_480' title='bbox 1757 4519 1759 4522; x_wconf 21' lang='lat'><strong><em>¹</em></strong></span> 
     </span>
     <span class='ocr_line' id='line_1_45' title="bbox 420 4544 1711 4614; baseline 0.002 -20"><span class='ocrx_word' id='word_1_481' title='bbox 420 4554 519 4594; x_wconf 74' lang='lat' dir='ltr'><strong>notrae</strong></span> <span class='ocrx_word' id='word_1_482' title='bbox 537 4556 708 4595; x_wconf 77' lang='lat' dir='ltr'><strong>ouoxotrnz.</strong></span> <span class='ocrx_word' id='word_1_483' title='bbox 726 4546 755 4594; x_wconf 82' lang='lat' dir='ltr'><strong>Is</strong></span> <span class='ocrx_word' id='word_1_484' title='bbox 773 4549 833 4596; x_wconf 82' lang='lat' dir='ltr'><strong>erat</strong></span> <span class='ocrx_word' id='word_1_485' title='bbox 852 4545 963 4614; x_wconf 77' lang='lat' dir='ltr'><strong>auribus</strong></span> <span class='ocrx_word' id='word_1_486' title='bbox 982 4547 1107 4610; x_wconf 84' lang='lat' dir='ltr'><strong>asininis,</strong></span> <span class='ocrx_word' id='word_1_487' title='bbox 1128 4548 1216 4597; x_wconf 85' lang='lat' dir='ltr'><strong>altero</strong></span> <span class='ocrx_word' id='word_1_488' title='bbox 1228 4548 1297 4612; x_wconf 90' lang='lat' dir='ltr'><strong>pede</strong></span> <span class='ocrx_word' id='word_1_489' title='bbox 1311 4544 1467 4611; x_wconf 80' lang='lat' dir='ltr'><strong>ungulatus,</strong></span> <span class='ocrx_word' id='word_1_490' title='bbox 1487 4547 1584 4596; x_wconf 88' lang='lat' dir='ltr'><strong>librum</strong></span> <span class='ocrx_word' id='word_1_491' title='bbox 1598 4552 1711 4613; x_wconf 84' lang='lat' dir='ltr'><strong>gestans</strong></span> 
     </span>
     <span class='ocr_line' id='line_1_46' title="bbox 421 4629 1710 4697; baseline 0.002 -19"><span class='ocrx_word' id='word_1_492' title='bbox 421 4634 451 4678; x_wconf 80' lang='lat' dir='ltr'><strong>et</strong></span> <span class='ocrx_word' id='word_1_493' title='bbox 467 4633 589 4695; x_wconf 79' lang='lat' dir='ltr'><strong>togatus.</strong></span> <span class='ocrx_word' id='word_1_494' title='bbox 608 4629 728 4680; x_wconf 81' lang='lat' dir='ltr'><strong>Risimus</strong></span> <span class='ocrx_word' id='word_1_495' title='bbox 746 4634 775 4680; x_wconf 88' lang='lat' dir='ltr'><strong>et</strong></span> <span class='ocrx_word' id='word_1_496' title='bbox 792 4644 888 4681; x_wconf 90' lang='lat' dir='ltr'><strong>nomen</strong></span> <span class='ocrx_word' id='word_1_497' title='bbox 907 4635 935 4680; x_wconf 90' lang='lat' dir='ltr'><strong>ot</strong></span> <span class='ocrx_word' id='word_1_498' title='bbox 952 4629 1096 4682; x_wconf 82' lang='lat' dir='ltr'><strong>formam.”</strong></span> <span class='ocrx_word' id='word_1_499' title='bbox 1149 4631 1170 4664; x_wconf 79' lang='lat'><strong>¹⁹</strong></span> <span class='ocrx_word' id='word_1_500' title='bbox 1183 4631 1295 4682; x_wconf 77' lang='lat' dir='ltr'><strong>cruribus</strong></span> <span class='ocrx_word' id='word_1_501' title='bbox 1311 4631 1378 4689; x_wconf 71' lang='lat' dir='ltr'><strong>edd„</strong></span> <span class='ocrx_word' id='word_1_502' title='bbox 1388 4647 1535 4695; x_wconf 72' lang='lat' dir='ltr'><strong>perperene.</strong></span> <span class='ocrx_word' id='word_1_503' title='bbox 1588 4631 1710 4697; x_wconf 83' lang='lat' dir='ltr'><strong>depicta.</strong></span> 
     </span>
     <span class='ocr_line' id='line_1_47' title="bbox 420 4713 1709 4783; baseline 0.001 -19"><span class='ocrx_word' id='word_1_504' title='bbox 420 4714 526 4764; x_wconf 71' lang='lat' dir='ltr'><strong>Postea</strong></span> <span class='ocrx_word' id='word_1_505' title='bbox 537 4713 755 4767; x_wconf 71' lang='lat' dir='ltr'><strong>oafletortaanm</strong></span> <span class='ocrx_word' id='word_1_506' title='bbox 767 4713 814 4780; x_wconf 87' lang='lat' dir='ltr'><strong>Sp.</strong></span> <span class='ocrx_word' id='word_1_507' title='bbox 848 4713 1035 4781; x_wconf 70' lang='lat' dir='ltr'><strong>”supremam</strong></span> <span class='ocrx_word' id='word_1_508' title='bbox 1047 4718 1107 4769; x_wconf 78' lang='lat' dir='ltr'><strong>edd.</strong></span> <span class='ocrx_word' id='word_1_509' title='bbox 1141 4713 1393 4783; x_wconf 81' lang='lat' dir='ltr'><strong>¹¹illas1aliasSp.</strong></span> <span class='ocrx_word' id='word_1_510' title='bbox 1427 4714 1649 4767; x_wconf 69' lang='lat' dir='ltr'><strong>”animaduerto</strong></span> <span class='ocrx_word' id='word_1_511' title='bbox 1662 4716 1709 4780; x_wconf 89' lang='lat' dir='ltr'><strong>Sp.</strong></span> 
     </span>
     <span class='ocr_line' id='line_1_48' title="bbox 420 4783 1709 4866; baseline 0.003 -18"><span class='ocrx_word' id='word_1_512' title='bbox 420 4799 528 4849; x_wconf 73' lang='lat' dir='ltr'><strong>duona</strong></span> <span class='ocrx_word' id='word_1_513' title='bbox 539 4799 858 4866; x_wconf 79' lang='lat' dir='ltr'><strong>pariet(om.eurem)8p.</strong></span> <span class='ocrx_word' id='word_1_514' title='bbox 894 4801 1015 4865; x_wconf 79' lang='lat' dir='ltr'><strong>Quisque</strong></span> <span class='ocrx_word' id='word_1_515' title='bbox 1027 4802 1109 4852; x_wconf 86' lang='lat' dir='ltr'><strong>modo</strong></span> <span class='ocrx_word' id='word_1_516' title='bbox 1119 4803 1211 4852; x_wconf 55' lang='grc' dir='ltr'><strong>(λαιά.</strong></span> <span class='ocrx_word' id='word_1_517' title='bbox 1246 4783 1503 4854; x_wconf 69' lang='lat' dir='ltr'><strong>”moraomiaedd</strong></span> <span class='ocrx_word' id='word_1_518' title='bbox 1538 4803 1709 4853; x_wconf 71' lang='lat' dir='ltr'><strong>Tuetnrm.</strong></span> 
     </span>
     <span class='ocr_line' id='line_1_49' title="bbox 420 4881 1714 4951; baseline 0.003 -19"><span class='ocrx_word' id='word_1_519' title='bbox 420 4881 554 4948; x_wconf 75' lang='lat' dir='ltr'><strong>erassum]</strong></span> <span class='ocrx_word' id='word_1_520' title='bbox 573 4884 661 4945; x_wconf 73' lang='lat' dir='ltr'><strong>„Eram</strong></span> <span class='ocrx_word' id='word_1_521' title='bbox 678 4885 750 4935; x_wconf 86' lang='lat' dir='ltr'><strong>euim</strong></span> <span class='ocrx_word' id='word_1_522' title='bbox 767 4891 876 4936; x_wconf 83' lang='lat' dir='ltr'><strong>statura</strong></span> <span class='ocrx_word' id='word_1_523' title='bbox 888 4887 1009 4951; x_wconf 82' lang='lat' dir='ltr'><strong>corporis</strong></span> <span class='ocrx_word' id='word_1_524' title='bbox 1022 4886 1164 4936; x_wconf 84' lang='lat' dir='ltr'><strong>admodum</strong></span> <span class='ocrx_word' id='word_1_525' title='bbox 1177 4886 1294 4943; x_wconf 82' lang='lat' dir='ltr'><strong>excelsa,</strong></span> <span class='ocrx_word' id='word_1_526' title='bbox 1313 4892 1371 4937; x_wconf 83' lang='lat' dir='ltr'><strong>toto</strong></span> <span class='ocrx_word' id='word_1_527' title='bbox 1383 4887 1480 4938; x_wconf 88' lang='lat' dir='ltr'><strong>habitu</strong></span> <span class='ocrx_word' id='word_1_528' title='bbox 1493 4901 1607 4937; x_wconf 85' lang='lat' dir='ltr'><strong>succoso</strong></span> <span class='ocrx_word' id='word_1_529' title='bbox 1619 4887 1714 4951; x_wconf 80' lang='lat' dir='ltr'><strong>potins</strong></span> 
     </span>
     <span class='ocr_line' id='line_1_50' title="bbox 420 4961 1709 5041; baseline 0.002 -20"><span class='ocrx_word' id='word_1_530' title='bbox 420 4984 502 5034; x_wconf 78' lang='lat' dir='ltr'><strong>quam</strong></span> <span class='ocrx_word' id='word_1_531' title='bbox 514 4969 613 5036; x_wconf 68' lang='lat' dir='ltr'><strong>pangas</strong></span> <span class='ocrx_word' id='word_1_532' title='bbox 687 4969 796 5021; x_wconf 75' lang='lat' dir='ltr'><strong>onaan.</strong></span> <span class='ocrx_word' id='word_1_533' title='bbox 810 4971 845 5020; x_wconf 71' lang='lat' dir='ltr'><strong>aa</strong></span> <span class='ocrx_word' id='word_1_534' title='bbox 858 4970 972 5021; x_wconf 68' lang='lat' dir='ltr'><strong>ciacon.</strong></span> <span class='ocrx_word' id='word_1_535' title='bbox 984 4967 1049 5021; x_wconf 73' lang='lat' dir='ltr'><strong>vase</strong></span> <span class='ocrx_word' id='word_1_536' title='bbox 1060 4971 1182 5041; x_wconf 68' lang='lat' dir='ltr'><strong>ponnus.</strong></span> <span class='ocrx_word' id='word_1_537' title='bbox 1199 4971 1251 5021; x_wconf 93' lang='grc' dir='ltr'><strong>ιιι.</strong></span> <span class='ocrx_word' id='word_1_538' title='bbox 1263 4989 1289 5039; x_wconf 82' lang='lat' dir='ltr'><strong>p.</strong></span> <span class='ocrx_word' id='word_1_539' title='bbox 1302 4971 1361 5022; x_wconf 79' lang='lat' dir='ltr'><strong>aar.</strong></span> <span class='ocrx_word' id='word_1_540' title='bbox 1417 4971 1439 5006; x_wconf 82' lang='lat'><strong>²⁴</strong></span> <span class='ocrx_word' id='word_1_541' title='bbox 1457 4961 1581 5023; x_wconf 71' lang='lat' dir='ltr'><strong>conturna.</strong></span> <span class='ocrx_word' id='word_1_542' title='bbox 1601 4972 1709 5037; x_wconf 74' lang='lat' dir='ltr'><strong>a‘ugato</strong></span> 
     </span>
     <span class='ocr_line' id='line_1_51' title="bbox 419 5040 1653 5131; baseline 0.004 -24"><span class='ocrx_word' id='word_1_543' title='bbox 419 5056 480 5107; x_wconf 75' lang='lat' dir='ltr'><strong>edd.</strong></span> <span class='ocrx_word' id='word_1_544' title='bbox 519 5054 659 5106; x_wconf 86' lang='lat' dir='ltr'><strong>Urbinoto</strong></span> <span class='ocrx_word' id='word_1_545' title='bbox 670 5059 696 5105; x_wconf 85' lang='lat'><strong>5.</strong></span> <span class='ocrx_word' id='word_1_546' title='bbox 735 5058 856 5131; x_wconf 80' lang='lat' dir='ltr'><strong>minatur</strong></span> <span class='ocrx_word' id='word_1_547' title='bbox 866 5060 893 5107; x_wconf 83' lang='lat'><strong>2.</strong></span> <span class='ocrx_word' id='word_1_548' title='bbox 901 5059 926 5106; x_wconf 81' lang='lat'><strong>3.</strong></span> <span class='ocrx_word' id='word_1_549' title='bbox 967 5054 989 5088; x_wconf 75' lang='lat'><strong>²⁸</strong></span> <span class='ocrx_word' id='word_1_550' title='bbox 1008 5040 1162 5122; x_wconf 50' lang='lat' dir='ltr'><strong>Quoedd.</strong></span> <span class='ocrx_word' id='word_1_551' title='bbox 1201 5054 1308 5125; x_wconf 85' lang='lat' dir='ltr'><strong>eiectoJ·</strong></span> <span class='ocrx_word' id='word_1_552' title='bbox 1322 5057 1448 5124; x_wconf 68' lang='lat' dir='ltr'><strong>erectos</strong></span> <span class='ocrx_word' id='word_1_553' title='bbox 1487 5056 1615 5123; x_wconf 82' lang='lat' dir='ltr'><strong>Tbuaeiae</strong></span> <span class='ocrx_word' id='word_1_554' title='bbox 1628 5061 1653 5112; x_wconf 85' lang='lat'><strong>2.</strong></span> 
     </span>
    </p>
   </div>
   <div class='ocr_carea' id='block_1_5' title="bbox 0 0 2160 6052">
    <p class='ocr_par' dir='ltr' id='par_1_6' title="bbox 0 0 2160 6052">
     <span class='ocr_line' id='line_1_52' title="bbox 0 0 2160 6052; baseline 0 0"><span class='ocrx_word' id='word_1_555' title='bbox 0 0 2160 6052; x_wconf 95' lang='lat' dir='ltr'><strong> </strong></span> 
     </span>
    </p>
   </div>
  </div>
 </body>
</html>
