4300 6059
352 705 476 740 nvrnrru
490 705 526 740 nn
539 704 686 740 rniucirns
697 705 822 740 uramur
836 706 947 742 1111111
961 707 1059 742 rvrtcrs
1073 707 1216 742 rursnnur
1230 684 1545 759 exnonrnronrlt.(lals)
1567 680 1637 751 103
1721 685 1723 687 ’

351 861 425 930 lem,
448 860 685 939 quandoquidem
707 862 784 921 iutra
807 869 904 922 certos
926 860 1033 922 limites
1057 880 1206 930 versarer,
1230 881 1285 922 uec
1309 864 1468 924 verendum
1491 866 1638 926 videretur

351 980 391 1023 ue
414 963 556 1022 inlinitum
580 971 658 1022 esset
678 962 858 1040 periculum:
880 968 951 1022 tunc
974 965 1084 1041 quippe
1106 981 1182 1025 unus
1198 962 1316 1043 aliquis,
1339 964 1432 1024 sicubi
1449 968 1637 1036 ollenderuu,

350 1063 423 1124 milri
445 1065 637 1133 irasceretur,
671 1071 887 1142 etquanqnam
916 1066 989 1125 lorte
1018 1082 1164 1133 summus,
1199 1065 1287 1126 homo
1316 1075 1412 1126 lamen
1442 1069 1636 1138 irasceretur;

351 1182 431 1225 nune
453 1163 612 1224 multorum
635 1162 682 1224 illa
705 1170 749 1225 est
771 1166 941 1242 indignatio.
973 1165 1120 1236 Quorsum
1143 1166 1224 1226 haec?
1247 1169 1313 1246 quia
1329 1168 1481 1246 desperavi
1496 1169 1533 1229 ita
1552 1182 1704 1248 possuntt.
1740 1154 1742 1156 ,

314 1279 327 1316 ⁵
351 1285 368 1327 a
392 1285 440 1327 me
463 1266 535 1335 dici,
558 1275 590 1327 ut
612 1284 670 1325 uon
693 1265 810 1345 aliquod
834 1266 915 1327 voltis
939 1267 1022 1328 tricus
1044 1277 1177 1344 tangam,
1202 1289 1235 1329 ex
1253 1287 1378 1348 utrorum
1394 1270 1510 1330 interim
1527 1274 1637 1349 magui·

349 1369 451 1430 tudine
474 1370 542 1437 erit,
566 1367 769 1448 qualecunque
791 1369 847 1428 hoc
870 1373 1014 1439 evenerit,
1042 1369 1112 1430 boui
1136 1370 1307 1438 consulere,
1338 1378 1366 1431 et
1388 1389 1454 1450 qua
1476 1379 1570 1452 vostra
1595 1381 1639 1433 est

349 1470 521 1550 prudentia,
550 1471 699 1529 communi
727 1470 784 1529 lroc
811 1473 908 1549 potius
936 1470 1032 1531 dolori
1060 1472 1228 1533 condonare
1257 1479 1344 1551 quma
1373 1491 1445 1534 meae
1468 1472 1637 1535 adscribere

348 1573 517 1633 temeritati.
562 1569 625 1640 Qua
649 1579 790 1650 concepta
814 1590 865 1651 spe
888 1573 1082 1633 confidentius
1103 1575 1160 1634 iam
1183 1593 1246 1651 ago.
1293 1574 1350 1634 Sed
1380 1574 1449 1653 quid
1480 1575 1536 1634 lmc
1558 1574 1703 1640 bellotu.

348 1675 443 1752 quaeri
465 1675 571 1752 possit,
595 1689 762 1751 quanquam
786 1681 863 1734 esset
882 1676 909 1734 id
934 1692 1071 1752 maguum
1095 1677 1328 1747 incitamentum,
1353 1684 1384 1737 ut
1406 1677 1442 1737 ad
1465 1694 1547 1754 spem
1563 1677 1637 1737 lutri

317 1791 506 1844 invocarem,
536 1774 626 1835 nolim
650 1782 745 1834 tamen
770 1774 833 1856 11111Ι
855 1777 1038 1853 potissimum
1066 1779 1215 1854 respicere
1246 1795 1305 1838 ros.
1350 1777 1420 1838 'lria
1449 1786 1543 1847 certe,
1573 1768 1637 1856 qum

349 1878 458 1938 luenda
481 1878 602 1954 omniuo
625 1871 706 1944 suut,
730 1868 786 1936 nisi
809 1883 838 1936 et
860 1879 961 1952 geritis
984 1877 1092 1938 bollum
1117 1887 1145 1939 et
1167 1898 1234 1939 mox
1251 1881 1366 1957 geritis,
1390 1881 1575 1961 auritteutur:
1600 1880 1636 1941 dc

350 1978 477 2039 lorluuis
499 1977 581 2039 robis
604 1980 721 2048 vestris,
745 1978 781 2038 do
804 1978 958 2056 dignitate,
983 1979 1018 2039 de
1041 1982 1103 2059 ipsa
1126 1980 1252 2059 denique
1275 1979 1368 2041 salute
1388 1983 1560 2042 certaudtuu
1577 1988 1658 2042 est:-

348 2099 476 2159 quorum
499 2083 627 2160 primum
650 2079 721 2140 illud
745 2081 769 2140 si
785 2080 950 2158 negligetis
975 2064 1183 2147 calamitatum
1207 2083 1384 2152 secundum,
1408 2084 1635 2163 turpitudinum

348 2184 485 2253 tertium,
508 2185 626 2244 exitium
649 2182 777 2242 adseret:
803 2200 872 2260 ergo
896 2183 952 2243 erit
974 2184 1031 2243 lroc
1048 2183 1164 2243 lullum
1181 2183 1266 2254 utile,
1290 2187 1356 2263 quia
1373 2187 1414 2245 sic
1430 2185 1519 2246 rebrrs
1536 2187 1637 2245 vestris

317 2306 341 2345 is
352 2284 526 2353 consuletim
544 2285 626 2344 idem
643 2285 698 2344 erit
719 2282 890 2353 lrouestum,
916 2286 981 2364 quia
1007 2305 1061 2364 pro
1085 2286 1223 2364 dignitate
1240 2287 1346 2347 terenda
1363 2288 1450 2347 vitam
1467 2289 1634 2367 exponetis:

349 2389 464 2465 eritque
487 2387 704 2454 necessarium,
728 2386 806 2464 qtlod
830 2389 885 2447 nisi
908 2389 1030 2465 geratis,
1055 2406 1105 2447 ros
1129 2406 1192 2448 esse
1216 2406 1275 2466 nop
1299 2391 1441 2466 poteritis.
1488 2389 1545 2449 Sed
1570 2385 1704 2467 uitiante.

349 2489 413 2549 llaec
437 2489 533 2547 omnia
556 2490 585 2547 iu
608 2504 700 2547 uuum
723 2488 779 2548 lroc
802 2489 941 2558 tendunt,
972 2495 1005 2548 ut
1027 2506 1147 2548 neeesse
1169 2490 1206 2548 sit
1227 2488 1284 2548 hoc
1308 2496 1440 2568 tempore
1463 2510 1543 2550 arma
1567 2509 1637 2550 eon·

347 2598 394 2651 tra
418 2590 529 2649 'luccas
552 2608 684 2659 sumere,
707 2591 750 2649 sic
773 2591 834 2651 lere
859 2592 1021 2650 orationem
1044 2592 1174 2659 instruo,
1205 2598 1236 2650 ut
1258 2592 1352 2669 primo
1375 2593 1526 2652 ostendam
1550 2610 1638 2670 quam

349 2693 548 2752 necessarium
571 2692 688 2751 sithoc
712 2691 835 2760 bellunm
860 2692 966 2752 deinde
989 2710 1047 2770 quo
1070 2691 1195 2752 corisilio
1218 2693 1247 2753 id
1271 2692 1355 2753 larile
1378 2696 1440 2771 geri
1465 2696 1637 2754 existilueur.

313 2794 388 2854 ont
410 2801 442 2853 ut
463 2793 500 2854 de
523 2793 647 2872 periculi
670 2794 871 2869 magnitudine
894 2794 974 2871 quod
997 2795 1027 2852 in
1049 2793 1128 2852 illam
1145 2812 1194 2852 vos
1211 2796 1413 2855 necessitatem
1430 2796 1537 2871 adigit,¹
1556 2798 1639 2873 prius
1693 2817 1705 2842 ⁹

349 2896 461 2963 dicam,
485 2903 582 2974 potest
605 2894 784 2956 ullum‘esse
807 2897 900 2956 maius
923 2894 1102 2973 periculum,
1128 2913 1215 2981 quam
1239 2914 1305 2954 curu
1330 2897 1353 2954 is
1376 2898 1425 2974 ‹pui
1441 2899 1495 2955 tria
1512 2899 1639 2956 maxilua

351 2981 447 3057 tribus
469 2996 549 3057 orbis
572 2979 851 3076 partilurs‘imperia
874 2996 1018 3075 possidet,
1047 2997 1125 3075 quod
1149 2997 1233 3056 uoltis
1256 3004 1334 3056 terra
1359 3001 1491 3075 marique
1519 2987 1636 3076 inierat,

350 3097 462 3160 bellum
485 3098 623 3159 molitur?
647 3117 713 3159 vera
737 3108 780 3160 est
803 3101 896 3166 euim,
920 3099 1085 3178 principes,
1115 3099 1191 3158 lama
1215 3117 1280 3177 (puae
1302 3100 1338 3158 de
1361 3100 1524 3159 i'urrarum
1548 3115 1706 3179 appa-§.ta

350 3209 417 3262 ratu
440 3202 604 3270 nuntiatum
633 3219 700 3261 vera
724 3201 858 3279 inquam,
886 3218 941 3259 uec
964 3199 1130 3260 huiusmodi
1154 3207 1185 3259 ut
1207 3220 1273 3260 cum
1296 3200 1433 3261 inanilms
1463 3209 1530 3261 ante
1559 3220 1638 3261 situi·

316 3322 470 3364 umorum
493 3303 663 3382 pontificum
687 3301 793 3362 sabulis
815 3302 946 3362 conlerri
967 3300 1088 3362 debeat:
1113 3320 1179 3360 uam
1200 3300 1241 3361 illi
1265 3303 1379 3379 quoties
1401 3304 1573 3362 inurentem
1592 3323 1639 3361 re·

351 3409 442 3467 uisset
464 3406 618 3484 pecuniam
640 3404 827 3464 aGermanis
849 3419 993 3480 exegere,
1018 3403 1074 3462 lroc
1097 3402 1253 3480 capiebant
1273 3403 1441 3471 eonsilium,
1466 3411 1497 3463 ut
1512 3403 1638 3481 aliquem

351 3510 501 3568 mitterent
527 3507 576 3587 qui
598 3523 703 3584 magno
726 3514 841 3565 terrore
863 3504 1005 3564 clamaret
1027 3505 1183 3565 adventare
1205 3505 1318 3564 Turres
1346 3524 1380 3564 ac
1409 3523 1501 3582 prope
1523 3507 1551 3564 iu
1576 3507 1638 3582 ipso

351 3610 411 3670 iam·
431 3609 514 3673 urbis
536 3616 694 3688 prospectu
717 3608 830 3668 hostem
854 3625 927 3667 esse.
974 3607 1005 3667 ld
1029 3607 1106 3684 quod
1130 3623 1188 3665 non
1211 3606 1302 3667 semel
1327 3606 1433 3667 utiliter
1456 3604 1511 3665 illis
1540 3608 1706 3674 possitne.

351 3720 446 3772 restra
469 3709 568 3789 culpa:
592 3711 659 3789 quid
684 3711 760 3771 euim
784 3710 862 3789 passi
885 3710 952 3768 estis
975 3694 1161 3784 Germaniam
1185 3702 1354 3786 conipilaril
1377 3717 1427 3768 aut
1447 3709 1470 3767 si
1487 3708 1573 3767 etiarn
1590 3727 1637 3767 vc-

320 3831 402 3874 aorus
424 3813 526 3872 luisset
553 3811 632 3872 ltalis
659 3810 776 3872 aliunde
804 3818 914 3880 metuo,
947 3809 984 3869 ob
1013 3810 1039 3868 id
1071 3811 1100 3869 in
1128 3829 1182 3870 nos
1212 3811 1379 3871 exactiones
1408 3810 1470 3870 lieri
1499 3810 1637 3886 opdrtuil,

352 3929 430 3992 quos
449 3916 473 3974 si
496 3933 529 3974 re
551 3915 630 3993 ipsa,
653 3921 687 3973 nt
707 3915 787 3973 inani
809 3914 927 3973 nomine
949 3913 1106 3991 imperium
1129 3913 1294 3972 Romanum
1318 3921 1499 3978 teneremus,
1524 3910 1560 3970 ali
1582 3910 1638 3969 lta-

352 4015 387 4076 lis
410 4018 463 4077 ista
486 4014 858 4094 accipereconrenieltat,
874 4033 933 4074 nou
957 4015 1079 4074 Romam
1103 4015 1251 4090 ingentem
1273 4015 1465 4092 pecuniarum
1481 4013 1537 4071 riui
1554 4017 1638 4090 quot·

352 4120 436 4179 annis
458 4120 590 4187 mittere,
615 4125 701 4194 atque
723 4117 779 4177 illis
801 4117 916 4178 mittere
939 4117 988 4196 qui
1011 4117 1066 4175 iam
1091 4116 1147 4193 ipsi
1170 4116 1255 4175 nimis
1278 4115 1368 4176 mulla
1391 4114 1558 4194 possident?
1586 4113 1706 4175 linco.

353 4226 458 4281 serunt
480 4237 592 4297 nuper,
615 4238 702 4298 quarn
727 4220 835 4280 vidistis
858 4236 976 4287 omneS,
1001 4216 1247 4278 consultationem
1269 4218 1305 4278 de
1327 4216 1456 4278 iucundo
1476 4215 1533 4275 lioc
1550 4213 1636 4283 bollo,

321 4321 439 4382 usimul
462 4320 696 4383 exhortationem
719 4319 755 4380 ad
776 4315 821 4390 te',
845 4318 1039 4381 lllaximiliaue
1062 4318 1167 4379 Caesar.
1212 4336 1269 4396 qua
1292 4320 1329 4380 de
1351 4338 1384 4379 re
1406 4318 1476 4396 quid
1504 4319 1638 4389 sentiam,
1703 4403 1710 4417 ο

419 4592 431 4624 ²
450 4592 600 4653 offendenti,
620 4595 645 4640 2.
664 4593 712 4643 aed
728 4595 745 4640 i.
756 4591 779 4654 s.
792 4597 932 4641 correctum
950 4597 997 4640 est.
1066 4587 1316 4654 511111111111111111]
1343 4591 1379 4639 cf.
1398 4590 1509 4638 Terent.
1529 4589 1636 4638 l’lrorm.

352 4681 478 4738 imru.
494 4694 517 4727 e.
530 4678 650 4743 interpp.
670 4676 766 4727 Graece
785 4679 878 4727 κινεῖν
895 4691 917 4725 s.
937 4675 1036 4740 θίγειν
1053 4668 1086 4726 τὸ
1106 4670 1195 4733 ἕλκος.
1260 4673 1271 4704 ⁰
1291 4675 1368 4739 queri
1386 4679 1411 4723 2.
1472 4675 1499 4723 id
1519 4679 1592 4724 esset
1611 4677 1636 4722 l.

354 4763 373 4797 ¹²
392 4765 425 4814 de
445 4762 595 4828 religione,
614 4768 673 4826 port
691 4761 827 4827 dignitate
846 4762 907 4810 add.
920 4766 950 4813 11.
1002 4758 1024 4792 ¹⁴
1041 4761 1114 4811 Vera
1133 4761 1245 4824 inqumn
1263 4761 1341 4810 deleo.
1355 4765 1383 4808 ll.
1398 4766 1423 4807 et
1436 4752 1573 4823 delerriprit
1587 4761 1639 4808 utic

351 4850 430 4901 acrba
448 4865 552 4915 pacorum
567 4863 633 4911 pore
649 4853 741 4910 postea
758 4847 872 4896 obscuro
889 4852 941 4909 est,
960 4852 986 4894 ut
1004 4849 1094 4910 tepere,
1107 4847 1246 4912 nequiverit
1265 4848 1289 4895 l.
1317 4845 1377 4905 (luce
1394 4851 1452 4909 post
1470 4860 1493 4892 o.
1507 4844 1579 4892 Vera
1598 4844 1637 4892 in·

352 4950 434 5001 qnam
453 4948 531 4998 neque
549 4933 586 4982 od
601 4933 624 4993 5.
638 4930 679 4981 28.
692 4930 769 4981 cerda
787 4932 859 4997 Ipsae
877 4945 921 4979 res
938 4936 1090 4996 sequnntur,
1110 4932 1192 4981 animia
1210 4934 1234 4980 1.
1253 4931 1343 4981 1111111.
1399 4926 1422 4960 ⁸⁴
1446 4926 1575 4993 consult]
1598 4928 1638 4977 in-

351 5022 397 5071 ire
415 5018 566 5085 repetitam
584 5014 820 5068 consultationem
838 5016 997 5096 itomanam.
1059 5045 1064 5053 ·
