4300 6059
420 734 843 790 a.l¹vccrrarosr.un.i.1carr
856 751 977 787 txaonr.
992 750 1162 787 natvsrroa.
1176 751 1285 788 corinna
1297 750 1378 789 nvnc.
1391 751 1465 789 mvn.
1474 751 1536 792 nac.
1546 745 1601 788 tart
1637 721 1709 795 145
1847 726 1856 781 .“
1869 773 1877 793 .,

421 911 496 968 inter
517 927 546 968 se
567 909 701 967 charitate
722 909 937 975 devinctos,tam
959 918 1040 967 vastae
1055 908 1121 992 moli
1137 911 1302 968 sustineudae
1318 927 1436 986 praeesse
1451 911 1550 969 debere
1566 913 1712 971 iudicatum

421 995 519 1059 luerit,
548 995 635 1052 visum
663 1002 706 1052 est
734 995 808 1068 quod
835 994 956 1052 Caesarea
984 995 1111 1052 maiestas
1139 1004 1167 1052 et
1195 996 1434 1054 christianissimus
1462 988 1632 1072 Francorum
1648 999 1711 1062 llos,

422 1081 471 1156 qui
492 1079 567 1137 ultro
589 1080 622 1136 ad
645 1079 698 1136 hoc
720 1096 748 1136 se
771 1078 945 1143 obtulerunt,
978 1087 1080 1137 tantum
1103 1080 1218 1138 subeant
1241 1098 1318 1139 onus.
1362 1080 1497 1153 Quantum
1519 1083 1551 1140 ad
1574 1082 1709 1158 quintum,

422 1166 481 1246 tria¹
497 1173 574 1222 tanto
595 1162 669 1221 bello
691 1163 810 1221 ineundo
832 1165 984 1222 necessaria
1006 1166 1062 1222 visa
1091 1174 1167 1222 sunt:
1197 1165 1300 1241 primo,
1330 1167 1403 1242 quod
1425 1167 1592 1246 placationes
1614 1168 1710 1224 divinae

384 1264 397 1303 s
421 1250 572 1307 maiestatis
593 1267 625 1306 ac
645 1265 711 1324 erga
732 1248 863 1324 populum
885 1267 963 1306 suum
985 1249 1166 1315 Christianum
1189 1251 1308 1313 ieiuniis,
1332 1252 1518 1315 orationihus,
1541 1252 1704 1329 elemosynis

423 1335 539 1410 aliisque
560 1334 671 1409 pietatis
694 1352 725 1391 ac
746 1334 861 1392 iusticias
882 1334 1049 1392 muneribus
1067 1335 1148 1401 liant;
1175 1337 1313 1398 secundo,¹
1339 1337 1410 1411 quod
1439 1338 1508 1394 ratio
1537 1337 1713 1412 pecuniarum

423 1415 495 1497 (que
516 1419 651 1477 bellorum
673 1419 748 1476 nervi
769 1421 868 1477 merito
889 1420 1090 1495 nuncupantur)
1119 1429 1274 1498 opportune
1296 1422 1503 1496 provideantur;
1527 1441 1587 1496 quae
1610 1440 1712 1481 summa

422 1505 566 1587 usquead
588 1504 730 1579 octuagies
752 1512 865 1563 centena
887 1505 975 1569 milia,
998 1506 1024 1562 id
1047 1516 1103 1570 cst,
1127 1515 1158 1564 ut
1178 1506 1260 1581 vulgo
1283 1507 1398 1588 dicitur,
1430 1516 1493 1564 octo
1516 1507 1642 1565 miliones
1664 1509 1713 1564 du·

422 1599 547 1648 catorum
568 1589 703 1654 ascendit,
725 1591 769 1647 cui
792 1589 899 1666 quidem
922 1592 1108 1667 comparandae
1131 1591 1223 1666 plures
1246 1592 1327 1648 etiam
1343 1593 1414 1649 modi
1429 1594 1540 1649 luerunt
1555 1593 1711 1667 excogitati.

390 1683 456 1732 tout
477 1692 568 1733 coram
591 1674 741 1749 magnificis
761 1675 878 1733 dominis
901 1676 1056 1733 oratoribus
1078 1676 1159 1733 latins
1188 1675 1395 1751 explicabimus;
1424 1677 1521 1739 tertio,
1551 1679 1622 1752 quod
1645 1677 1715 1734 mili·

421 1769 495 1818 tares
518 1760 604 1835 copiae
625 1760 821 1835 disponantur,
851 1778 911 1836 quae
941 1758 1079 1835 sexaginta
1101 1761 1210 1817 milibus
1232 1761 1353 1836 peditum
1375 1779 1406 1817 er
1429 1761 1576 1825 llelvetiis,
1606 1763 1714 1819 Germa·

423 1846 480 1909 nis,
503 1845 629 1921 llispanis
652 1863 682 1902 ac
697 1845 777 1902 etiam
792 1845 932 1908 bohemis,
955 1863 1059 1903 necnon
1076 1854 1208 1921 qviattuor
1222 1845 1331 1903 milibus
1345 1847 1574 1904 cathalractorum
1590 1848 1712 1922 equitum

381 1993 384 1999 ,
424 1948 457 1989 ex
480 1930 564 1999 Gallis
586 1929 730 2005 ltalisque,
759 1949 791 1987 ac
810 1931 951 1988 duodecim
974 1931 1084 1989 milibus
1111 1932 1233 2006 equitum
1261 1931 1327 1988 levis
1355 1939 1497 1990 armaturae
1527 1951 1558 1989 ex
1579 1932 1714 2019 llispanis,

422 2015 513 2079 llalis,
535 2014 662 2072 llalmatis
684 2023 766 2090 atque
789 2016 890 2073 Graecis
912 2026 1037 2073 constare
1060 2016 1190 2079 debeant,
1213 2015 1308 2073 classis
1331 2026 1463 2091 praeterea
1487 2027 1544 2074 tum
1565 2035 1616 2091 pro
1639 2035 1714 2075 eaer-

389 2113 416 2154 rs
425 2102 482 2159 citu
503 2098 678 2163 traiieienoot
701 2108 758 2157 tum
772 2109 963 2175 pro-comeatu
979 2102 1165 2178 supportando
1188 2102 1304 2176 paranda
1326 2102 1370 2157 sit.
1412 2103 1445 2159 ud
1469 2120 1549 2177 quam
1571 2102 1715 2177 parandam

426 2194 455 2243 et
476 2185 673 2262 disponendam
695 2185 832 2261 pontifex,
855 2186 949 2243 Veneti
972 2205 1003 2244 ac
1024 2188 1169 2243 lanuenses
1191 2203 1223 2260 ex
1244 2186 1335 2250 ltalia,
1358 2205 1390 2243 en
1411 2187 1552 2244 Provincia
1574 2196 1663 2243 autem
1687 2198 1715 2244 et

423 2270 562 2328 Britannia
583 2269 666 2332 Galli.
690 2288 721 2326 er
736 2271 865 2346 Hispania
887 2279 914 2327 et
936 2279 1051 2346 utraque
1065 2270 1155 2329 Sicilia
1171 2268 1297 2348 llispani,
1320 2271 1480 2347 hngliaeque
1495 2281 1523 2328 et
1537 2271 1714 2346 portugalliae

425 2373 505 2431 reges
528 2373 561 2412 ea
575 2357 669 2430 regnis
684 2355 740 2413 suis
756 2355 886 2431 optimam
901 2356 1040 2413 hominum
1055 2354 1217 2431 miliumque
1233 2357 1337 2431 copiam
1352 2357 1589 2414 'administrabunt
1621 2355 1714 2424 Quoad
1752 2405 1761 2422 ,

423 2450 529 2500 sextum
553 2449 581 2498 ct
602 2440 727 2497 ultimum
749 2442 782 2498 de
805 2442 886 2499 modo
909 2442 1114 2499 administrandi
1138 2442 1218 2497 huius
1240 2441 1303 2498 helli
1328 2443 1388 2498 tria·
1402 2443 1619 2499 consideratione
1634 2442 1716 2515 digna

391 2535 491 2584 nsunt
514 2525 619 2604 habita:
642 2526 746 2601 primo,
769 2527 842 2600 quod
865 2535 939 2583 terra
960 2528 1080 2600 marique
1103 2528 1191 2584 hostis
1214 2527 1249 2583 sit
1272 2527 1450 2590 invadendus,
1479 2529 1606 2602 quodque
1637 2528 1716 2584 mari·

423 2614 497 2670 timae
520 2610 615 2668 classis
638 2611 761 2686 preelecti
784 2620 812 2667 et
832 2612 915 2668 duces
931 2613 987 2669 sint
1001 2611 1106 2686 dugliae
1129 2610 1348 2685 etPortugalliae
1371 2629 1465 2686 reges:
1490 2613 1561 2685 quod
1584 2613 1606 2668 si
1623 2612 1716 2687 hugli-

423 2715 472 2755 cus
497 2697 533 2754 oh
556 2697 633 2771 regni
657 2697 699 2753 sui
722 2697 876 2753 distantiam
899 2698 993 2775 adesse
1015 2715 1070 2753 non
1092 2687 1195 2773 possit,
1226 2706 1289 2753 tuuc
1310 2714 1356 2754 rex
1377 2696 1552 2770 portugalliae
1574 2698 1715 2754 maritimae

423 2781 595 2858 tpeditioni·
618 2780 798 2856 praelinatum
822 2777 979 2845 secundum,
1002 2782 1049 2837 sod
1072 2781 1145 2856 qarod
1168 2798 1222 2837 non
1244 2781 1345 2844 divisis,
1368 2782 1414 2838 scd
1437 2780 1591 2837 coniunctis
1606 2782 1714 2838 insimul

425 2867 527 2923 viribus
557 2867 698 2923 invadatur
725 2866 828 2929 hostis:
857 2867 984 2928 tertium,
1014 2867 1087 2941 quod
1117 2873 1261 2924 terrestres
1288 2866 1375 2942 copiae
1405 2884 1456 2923 una
1485 2884 1546 2923 cum
1569 2861 1712 2945 Caesarea}
1820 2900 1824 2909 ·

391 2952 567 3009 emarescere
595 2960 678 3027 atque
704 2951 929 3009 christianissimo
958 2968 1022 3025 rege
1045 2951 1210 3009 Francorum
1232 2952 1264 3014 ad
1287 2951 1421 3008 civitatem
1444 2954 1562 3007 Anconae
1585 2951 1706 3007 Brundu·
1719 2952 1783 3006 tet.)

424 3038 552 3113 sitimque
573 3036 749 3099 conveniant,
778 3037 848 3094 unde
875 3037 942 3094 satis
970 3044 998 3093 et
1021 3037 1109 3094 brevis
1130 3045 1158 3094 et
1184 3037 1316 3094 comodns
1339 3037 1366 3092 in
1387 3037 1506 3111 Epyrum
1534 3043 1563 3094 et
1585 3036 1714 3093 Graeciam
1816 3084 1819 3093 .

423 3131 466 3179 est
495 3122 654 3180 traiectus..
678 3121 735 3179 lloc
763 3138 795 3178 ac
820 3120 903 3197 longe
923 3121 976 3181 alia
997 3121 1076 3196 plura
1100 3123 1127 3178 in
1150 3123 1265 3196 praelato
1280 3121 1426 3202 exemplegi
1448 3121 1631 3183 continentur,
1655 3139 1715 3196 quae

424 3225 481 3284 prae
498 3207 582 3264 nimia
598 3206 729 3281 temporis
744 3206 871 3281 angustia
893 3207 925 3264 ad
948 3206 1103 3281 magnificas
1116 3250 1121 3262 .
1134 3207 1161 3262 ll.
1179 3206 1208 3261 V.
1232 3207 1258 3262 in
1281 3207 1410 3282 praescnti
1433 3205 1552 3262 scribere
1575 3223 1629 3262 non
1652 3224 1716 3280 pos·

424 3310 535 3355 sumus,
558 3292 606 3349 sed
628 3309 689 3349 cum
712 3309 743 3348 ea
766 3292 855 3348 omnia
879 3292 904 3348 in
927 3292 1049 3367 proxima
1071 3292 1152 3348 tliaeta
1175 3290 1275 3348 eisdem
1297 3292 1325 3346 ll.
1341 3290 1371 3345 V.
1395 3300 1497 3365 quanto
1521 3291 1601 3347 animi
1617 3309 1715 3365 possu-

392 3389 486 3434 sumus
510 3377 607 3434 ellectu
629 3376 772 3439 debemus,
795 3393 923 3450 rogamus
944 3377 1084 3452 utpium,
1107 3385 1138 3432 ut
1159 3384 1315 3451 paternum,
1339 3384 1370 3432 ut
1391 3384 1512 3432 sanctum
1537 3375 1588 3433 hoc
1603 3375 1715 3433 Romani

424 3461 565 3538 pontificis
586 3461 684 3542 Leonis
706 3461 817 3530 decimi,
847 3462 931 3537 patris
960 3463 1081 3537 pastoris
1108 3461 1340 3536 conloederatique
1368 3461 1450 3517 vestri
1473 3460 1636 3517 desiderium
1659 3479 1714 3518 non

425 3546 623 3605 contemnatis:
651 3564 699 3604 vos
727 3546 828 3605 etenim
850 3547 931 3610 estis,
959 3546 1088 3610 Helvetii,
1118 3547 1151 3603 de
1179 3546 1278 3622 quibus
1300 3545 1435 3603 Sanctitas
1452 3563 1505 3612 sua
1527 3545 1606 3621 plura
1628 3555 1713 3621 optat,
1782 3563 1785 3573 ’

427 3631 506 3707 plura
529 3639 636 3708 sperat,
662 3630 741 3707 plura
770 3630 850 3690 etiam
879 3632 931 3689 sihi
953 3631 1115 3707 pollicetur,
1146 3649 1224 3706 qnam
1247 3631 1281 3689 de
1304 3649 1464 3707 quacunque
1488 3649 1548 3705 quae
1572 3630 1622 3687 sub
1645 3630 1714 3688 caelo

426 3726 469 3774 est
496 3718 608 3774 natione
631 3726 658 3774 et
685 3724 782 3791 gente,
816 3725 873 3774 tum
898 3707 1008 3774 'ratione
1036 3715 1292 3779 confederationis,
1327 3734 1385 3791 qua·
1412 3724 1508 3773 mutuo
1539 3715 1608 3773 alter
1636 3716 1715 3772 alteri

361 3872 364 3883 ¹
394 3803 560 3865 tadevincti,
588 3801 697 3859 obnoxii
726 3803 922 3876 constrictique
951 3802 1032 3864 estis,
1067 3811 1126 3859 tum
1154 3811 1279 3876 respectu
1310 3802 1382 3857 illius
1410 3800 1603 3876 gloriosissimi
1634 3801 1715 3866 tituli,

428 3906 508 3963 quem
530 3895 606 3944 tanta
627 3885 694 3950 tide,
718 3895 793 3943 tanto
816 3888 925 3962 pietatis
949 3887 1060 3948 anlore,
1085 3895 1161 3943 tanto
1184 3882 1318 3944 libertatis
1334 3886 1526 3945 ecclesiasticae
1542 3886 1715 3944 defendenda

426 3972 485 4030 zelo
509 3972 586 4048 vohis
608 3989 640 4031 ac
661 3981 757 4030 vestrae
787 3945 942 4046 posteritati
971 3974 998 4028 iu
1027 3981 1189 4047 perpetuum
1217 3973 1405 4046 comparastis.
1440 3990 1534 4045 quaeso
1562 3988 1619 4027 rem
1647 3972 1714 4029 adeo

427 4058 558 4134 grandem
579 4066 660 4132 atque
682 4057 719 4114 ita
741 4058 874 4114 universae
889 4056 1055 4132 Reipublicae
1071 4057 1231 4113 Christiane
1253 4057 1482 4132 pernecessar'mm
1498 4056 1632 4130 inspicite,
1654 4075 1716 4112 cva-

427 4143 541 4206 minate,
564 4141 737 4218 perpendite;
750 4150 788 4211 ‚et
811 4151 841 4199 ut
863 4160 969 4219 semper
992 4141 1073 4205 alias,
1098 4142 1134 4198 ita
1156 4142 1237 4198 etiam
1259 4160 1330 4198 nunc
1352 4143 1379 4197 in
1402 4149 1478 4198 tanto
1494 4159 1583 4197 rerum
1598 4140 1715 4199 articulo

397 4239 478 4285 atros
501 4244 556 4286 non
579 4226 667 4284 solum
689 4225 810 4284 ecclesiae
833 4227 1004 4291 defensores,
1027 4227 1074 4283 sed
1096 4226 1229 4283 universae
1245 4226 1459 4283 Christianorum
1474 4224 1570 4282 salutis
1586 4226 1715 4283 authores

429 4312 579 4374 ostendite',
608 4328 669 4369 cum
697 4311 849 4386 praesertim
877 4313 969 4369 caeteri
999 4329 1092 4369 omnes
1122 4310 1166 4368 alii
1189 4311 1333 4367 Christiani
1356 4311 1492 4386 principes
1515 4318 1543 4366 ct
1565 4327 1594 4366 se
1616 4320 1644 4366 et
1666 4329 1715 4368 sua

428 4399 517 4459 omnia
532 4396 664 4460 offerant,
687 4396 881 4471 polliceantur,
898 4396 1055 4460 exhibeant,
1081 4397 1258 4472 inprimisque
1274 4396 1463 4452 salictissimus
1478 4395 1604 4451 dominns
1620 4404 1716 4451 noster

428 4483 483 4540 heo
503 4482 626 4540 decimus
648 4499 699 4556 per
719 4483 767 4538 bas
790 4500 852 4539 suas
875 4491 1024 4556 presentes
1047 4482 1142 4538 literas
1164 4480 1299 4555 significet
1314 4497 1343 4536 se
1359 4481 1469 4537 omnino
1485 4481 1637 4537 decrevisse
1652 4481 1715 4536 huie

428 4577 481 4625 tarn
503 4584 625 4643 magnae,
655 4574 707 4623 tam
735 4568 896 4625 necessariae
919 4586 949 4625 ac
971 4567 1156 4624 saluberrime
1179 4565 1342 4641 expeditioni
1365 4564 1546 4640 personaliter
1575 4565 1714 4628 interesse,

398 4662 460 4710 utut
480 4650 628 4710 Christiani
650 4648 744 4709 omnies
766 4670 797 4709 re
819 4645 879 4728 ipsa
900 4653 1018 4710 sentiant
1044 4662 1071 4708 et
1099 4660 1248 4727 agnoscant
1270 4650 1444 4708 sanctitatem
1476 4666 1551 4707 suam
1579 4667 1655 4707 more
1676 4651 1714 4726 pii

428 4740 514 4814 patris
535 4735 740 4812 fidelissimique
761 4739 884 4812 pastoris
902 4754 936 4795 ne
958 4738 1021 4794 dum
1044 4736 1224 4795 substantiam
1246 4752 1367 4800 omnem,
1390 4735 1436 4793 sed
1451 4735 1589 4810 propriam
1605 4752 1715 4811 quoque

428 4825 508 4882 vitam
535 4839 587 4897 pro
617 4822 832 4898 tuendis-atque
861 4821 994 4881 salvandis
1017 4821 1177 4879 Christianis
1205 4821 1300 4879 ovibus
1330 4838 1465 4898 exponere
1493 4829 1617 4895 paratum
1645 4838 1714 4877 esse.

428 4938 632 4951 ψ

477 5005 793 5075 'procrastinatae
834 5003 1004 5058 ¹¹Bohoemis
1016 5012 1044 5057 A.
1073 5005 1304 5080 jtproutneraa·
1335 4973 1540 5056 ”Indtertr’us
1554 5019 1614 5070 pop.
1628 5000 1715 5055 nenena

427 5090 1140 5160 mmedebeboemdeaiiraeldlloeteoatluioest.
1176 5088 1421 5144 ⁸⁰debemusne-A.
1457 5085 1603 5156 “pr-om
1619 5086 1714 5154 (prop)

487 5179 621 5233 uveam
640 5177 708 5228 Orr.
728 5194 792 5230 vor..
805 5179 838 5228 V.
907 5236 914 5250 ἱ
1434 5177 1471 5236 10
1531 5236 1533 5242 ,
