4300 6059
479 735 602 772 ΒΥΤΤΙΙῙ
620 735 649 771 nt
668 735 761 772 ΜΘΗ
779 710 1056 770 wlhncmoonttoou
1075 733 1177 769 OMTIO
1196 734 1228 768 11.
1253 733 1365 769 mcviii.
1386 732 1412 770 t.
1431 728 1489 768 1517.
1577 704 1620 775 41

242 880 246 900 ’
342 912 400 972 que
423 860 550 952 minime
567 873 639 970 puto
664 898 805 969 quantum
823 909 877 969 per
898 899 926 950 te
951 898 980 950 et
1001 890 1063 949 haec
1085 890 1250 951 Germaniae
1272 889 1392 959 robora,
1423 890 1524 952 ionteis
1545 892 1626 970 prin·

341 997 443 1073 cipes,
467 992 582 1063 licebit,
605 993 774 1059 defuturum
794 991 880 1052 nobis
897 994 956 1061 ius,
982 991 1032 1053 sed
1045 993 1242 1052 ‘memineritis
1257 995 1353 1053 oninia
1370 1000 1502 1073 tempore
1522 995 1628 1055 iminu-

341 1098 398 1156 tari
420 1103 450 1155 et
472 1094 563 1155 multa
585 1095 715 1167 incidere
737 1094 833 1155 subito
854 1087 918 1174 qn'ae
940 1097 1006 1172 quis
1031 1096 1166 1172 opinatus
1186 1112 1245 1153 non
1268 1095 1318 1154 sit:
1342 1103 1438 1174 potest
1457 1099 1534 1156 enim
1552 1096 1625 1165 fieri,

342 1197 422 1277 quod
446 1181 505 1258 iam
526 1214 604 1275 saepc
625 1196 711 1278 dini,x
724 1203 756 1255 ut
776 1196 845 1257 dnm
868 1215 918 1256 vos
939 1198 1051 1257 tardius
1065 1199 1238 1258 sententiam
1255 1196 1353 1269 tertis,
1376 1197 1473 1276 aliquo
1489 1200 1542 1259 iste
1557 1216 1626 1258 casu

321 1298 488 1360 celabatur.
523 1298 602 1377 qnod
623 1305 783 1378 properato
802 1298 910 1359 iudicio
928 1299 992 1359 sieri
1007 1317 1065 1359 non
1083 1305 1193 1377 potest:
1216 1301 1323 1377 quippe
1340 1301 1471 1360 nondum
1488 1299 1546 1360 hoc
1561 1309 1697 1360 mai-nio.

324 1403 452 1461 -turavit
472 1401 639 1471 consilium,
664 1401 795 1461 nondum
815 1418 846 1460 se
873 1399 1003 1478 collegit,
1035 1403 1210 1478 imparatum
1232 1402 1320 1478 igitur
1342 1403 1526 1480 opprimetis:
1559 1402 1628 1480 quid

343 1506 423 1564 enim
449 1505 627 1582 expectatis„
644 1503 713 1564 dnm
736 1505 767 1562 in
790 1502 946 1563 concilium
969 1521 1036 1563 snas
1054 1502 1145 1562 iunias
1161 1509 1243 1579 agat,
1268 1503 1336 1562 dnm
1352 1505 1405 1564 ista
1426 1504 1530 1564 auxilia
1549 1523 1629 1564 com-

343 1613 444 1684 paret,
468 1604 538 1665 dum
560 1623 592 1664 se
614 1607 640 1665 vi
661 1623 695 1666 ac
711 1606 806 1680 ‚armis
828 1606 958 1665 muniat?
981 1603 1054 1664 Male
1078 1605 1211 1665 differtur
1233 1605 1311 1682 quod
1336 1606 1398 1667 sine
1422 1625 1509 1667 causa
1531 1608 1629 1668 ditior-

345 1716 408 1768 tur:
433 1723 505 1784 ergo
526 1714 558 1767 nt
577 1715 657 1769 recte
677 1707 773 1767 omnia
795 1713 933 1768 eventura
956 1707 1132 1785 praesciatis,
1154 1707 1341 1784 tamenqnid
1357 1711 1466 1768 morari
1482 1711 1630 1788 oportuit?

312 1812 417 1891 inquid
437 1819 554 1890 tempus
576 1811 685 1870 ducere
705 1815 734 1869 et
755 1809 873 1870 desidiae
895 1810 1090 1887 suspicionem
1111 1807 1244 1885 praebere
1273 1810 1394 1880 exteris,
1424 1807 1550 1888 quornm
1572 1813 1629 1872 iam

346 1912 446 1973 multis
468 1898 643 1991 persuasum
672 1920 716 1972 est
738 1913 834 1971 omnia
859 1913 890 1970 in
913 1912 1068 1972 Germania
1092 1917 1263 1971 cunctanter
1284 1912 1367 1971 fieri?
1396 1912 1504 1974 Demus
1526 1920 1698 1975 autentico.

344 2017 424 2092 ipsos
453 2033 570 2093 quoque
593 2012 706 2081 Gallos,
740 2015 818 2090 ipsos
845 2011 1004 2079 Helvetios,
1038 2031 1053 2072 a
1081 2011 1187 2090 quilius
1216 2011 1277 2071 haec
1305 2014 1352 2073 isti
1380 2033 1449 2093 spes
1475 2015 1630 2093 dependet,

345 2117 443 2177 odisse
462 2117 520 2177 hoc
545 2114 736 2184 maleficium,
758 2122 787 2175 et
808 2132 867 2173 non
889 2113 989 2174 dubito
1013 2114 1126 2183 odisse,
1149 2115 1246 2174 vincet
1266 2123 1363 2175 tannen
1386 2116 1530 2178 aeninlatio
1550 2126 1632 2179 etex

346 2219 437 2278 veteri
456 2219 562 2278 invidia
584 2217 711 2278 nocendi
734 2216 819 2280 nohis
840 2216 946 2294 cupido
972 2217 1097 2277 incedet.
1137 2216 1282 2277 Praetenea
1309 2217 1421 2279 nullum
1443 2226 1502 2279 ta1n
1525 2220 1632 2281 ardens

314 2327 392 2381 nest
411 2321 529 2390 odium,
552 2320 631 2398 quod
654 2337 713 2401 non
735 2336 814 2379 mora
837 2317 1004 2387 iterabat,
1026 2317 1138 2378 nulium
1154 2324 1212 2378 tam
1228 2325 1341 2380 centum
1362 2319 1530 2391 consilium,
1554 2321 1631 2399 quod

346 2441 405 2482 non
429 2421 568 2483 dilatione
590 2428 689 2482 nutet:
708 2423 815 2511 'omnia
843 2428 977 2499 tempore
1005 2420 1095 2488 finnt,
1125 2423 1221 2480 omnia
1250 2421 1315 2482 ficri
1344 2422 1493 2491 desinunt3
1522 2425 1634 2500 spargit
1679 2429 1684 2440 ’

347 2527 520 2586 occasiones
543 2524 600 2584 hoc
622 2529 651 2585 et
670 2524 833 2603 desperatis
861 2522 1015 2584 consilinm
1036 2519 1154 2599 'aperit;
1185 2540 1272 2582 nenio
1296 2525 1336 2583 ita
1364 2524 1560 2586 communitus
1580 2533 1632 2595 est,

346 2629 418 2706 quin
441 2628 464 2688 si
488 2626 640 2688 refovendi
663 2634 778 2705 tempus
799 2625 930 2694 dederis
954 2645 986 2686 se
1009 2626 1165 2693 exusn'tet;
1192 2643 1280 2684 nemo
1307 2627 1347 2685 ita
1368 2627 1493 2696 tractus,
1520 2633 1632 2687 utnon

344 2730 439 2808 possit
461 2729 660 2810 intercedente
680 2730 772 2808 spatio
794 2729 870 2789 vires
888 2729 1036 2805 recipere:
1068 2745 1106 2787 ne
1127 2733 1238 2787 cessate
1260 2727 1364 2804 igitur,
1392 2746 1429 2790 ne
1451 2730 1507 2789 hoc
1533 2727 1701 2807 negti-nn.

312 2833 404 2909 agne
428 2831 735 2898 comminationum
762 2832 861 2908 punite
887 2829 1013 2899 scetem
1044 2829 1191 2918 oeiendite
1219 2830 1432 2898 innocentiam
1461 2837 1547 2910 atque
1569 2831 1633 2891 haec
1680 2815 1683 2822 ’

346 2940 463 2994 mature
486 2940 514 2994 et
535 2935 591 2994 cito
614 2935 714 3003 facite,
747 2951 784 2993 ne
814 2934 838 2992 si
862 2933 1053 3000 cunctemini,
1091 2916 1197 3010 aliquid
1225 2932 1416 3000 inteiveniat,
1449 2951 1507 3011 qno
1537 2935 1634 2993 minus

345 3044 449 3113 postea
471 3035 558 3096 liceat
580 3034 662 3096 vobis
683 3035 904 3096 existimationis
924 3035 1069 3095 rationein
1092 3033 1202 3094 habere
1225 3039 1335 3093 t'estrae.

414 3223 425 3253 ⁶
444 3223 604 3299 oppriniatio
621 3229 651 3272 11.
706 3221 726 3254 ¹⁶
744 3219 887 3287 diletione]
908 3237 983 3271 mora
1001 3224 1023 3271 1.
1044 3221 1184 3272 delatione
1203 3227 1232 3268 11.
1251 3236 1301 3278 ccc,
1315 3224 1340 3269 2.
1354 3221 1403 3269 sed
1413 3226 1482 3270 certe
1501 3220 1633 3271 dilatione

345 3314 374 3357 Η.
392 3309 507 3373 scripsit.
