4300 6059
569 711 760 747 consumamto
773 710 934 746 GEBHANICA
948 711 1102 746 PROPOSITA
1114 711 1149 747 Aa
1163 710 1399 746 concremaretur
1412 711 1436 745 C·
1450 711 1476 744 Δ.
1492 703 1549 744 1517.
1626 679 1697 750 187

417 870 589 927 minuendum
613 869 816 944 addendumque
839 869 1045 935 existimaverit,
1074 870 1174 927 iudicio
1199 879 1280 944 atque
1301 868 1417 926 coasilio
1441 869 1574 926 ostendat.
1618 877 1646 926 et
1663 868 1699 927 lt·
1754 900 1755 906 ι

416 964 460 1012 cet
482 955 671 1011 serenissimus
694 954 783 1011 Cesar
804 955 944 1029 praeterita
967 955 1056 1011 omnia
1080 956 1130 1010 iam
1153 955 1277 1029 plurimis
1299 954 1468 1012 documentis
1481 954 1548 1011 satis
1563 972 1699 1030 superque

417 1040 542 1117 noverit,
564 1040 597 1096 de
620 1040 856 1113 praesentibusque
879 1039 960 1095 etiam
983 1039 1131 1114 multorum
1154 1039 1255 1102 literis,
1278 1039 1383 1096 nunciis
1406 1048 1434 1096 et
1456 1040 1619 1096 testimoniis
1641 1058 1699 1097 cer·
1758 1090 1762 1103 ‚

418 1126 473 1182 tior
494 1125 577 1182 luerit
599 1125 735 1187 redditus,
758 1125 893 1197 cordeque
916 1120 1011 1181 intimo
1034 1134 1061 1180 et
1083 1126 1183 1198 saepius
1207 1125 1352 1201 indoluerit
1373 1133 1400 1180 et
1415 1125 1485 1198 apud
1501 1125 1700 1182 sanctissimum

394 1210 555 1267 adomiaum
584 1218 710 1267 nostrum
738 1219 765 1266 et
794 1209 861 1266 alios
889 1210 976 1284 Reges
1003 1218 1030 1267 et
1051 1210 1190 1284 Principes
1212 1209 1379 1267 Christianos
1406 1210 1449 1266 bis
1476 1208 1553 1267 malis
1582 1211 1700 1268 remedia

416 1304 443 1352 et
465 1295 622 1369 quaesiverit
650 1304 677 1351 et
706 1295 871 1357 ostenderit,
901 1296 1055 1370 saepiusque
1082 1314 1142 1352 curn
1164 1296 1277 1353 Nationc
1300 1295 1455 1352 Germanica
1482 1304 1510 1352 et
1531 1295 1699 1355 consiliariis

416 1380 474 1437 suis
496 1398 580 1454 super
602 1380 697 1437 iisdem
719 1380 800 1456 rebus
822 1379 1029 1443 consultaverit,
1057 1399 1087 1437 ac
1116 1382 1149 1437 ab
1177 1381 1287 1437 ineunte
1309 1388 1389 1437 aetate
1411 1373 1484 1436 nibil
1501 1380 1573 1437 aliud
1595 1381 1699 1438 serven·
1788 1401 1794 1412 ¹

419 1464 473 1520 tius
496 1483 622 1539 umquam
645 1465 747 1538 optarit
769 1482 848 1538 quarn
871 1464 1015 1539 aliquando
1039 1466 1065 1521 iu
1089 1466 1222 1522 eiusmodi
1244 1465 1443 1539 expeditionem
1459 1465 1593 1539 prolicisci
1608 1482 1698 1540 posse,

417 1548 592 1606 nibilominus
614 1551 785 1623 gratissimus
807 1550 893 1616 eidem
916 1551 968 1605 luit
995 1551 1122 1614 nuncius,
1153 1551 1198 1624 qui
1227 1551 1380 1606 huiusmodi
1408 1550 1440 1606 ad
1470 1568 1500 1607 se
1521 1550 1699 1608 consultatio·

387 1649 479 1691 ionem
507 1644 535 1691 ct
565 1642 704 1692 tantorum
732 1636 851 1691 virorum
880 1636 1041 1691 sententiam
1068 1636 1169 1692 attulit.
1213 1638 1296 1702 Quam
1319 1635 1426 1709 quidem
1448 1636 1501 1692 etsi
1523 1635 1550 1692 in
1573 1636 1698 1694 omnibus

416 1719 540 1777 articulis
560 1720 784 1794 prudentissime,
807 1738 912 1776 summo
936 1721 1059 1792 iugenio,
1083 1739 1185 1777 suruma
1208 1720 1320 1777 solertia
1342 1719 1477 1777 elimatam
1499 1722 1697 1795 recognoverit,

417 1804 503 1860 voluit
526 1815 613 1863 tamen
637 1804 742 1879 singula
765 1823 781 1861 a
802 1805 970 1861 consiliariis
993 1806 1063 1875 suis,
1094 1808 1140 1881 qui
1168 1825 1219 1880 pro
1247 1815 1369 1879 ternpore
1397 1807 1467 1879 apud
1496 1826 1525 1863 sc
1548 1816 1697 1881 praesentas

416 1898 509 1953 erant,
538 1890 656 1964 perlegi,
685 1890 851 1947 considerari
878 1890 1092 1965 ponderarique,
1121 1891 1194 1947 etsi
1217 1891 1280 1964 quid
1303 1891 1335 1947 ad
1358 1908 1389 1945 ea
1411 1892 1560 1949 addendum
1583 1893 1697 1949 arbitra·

415 1984 527 2036 rentur,
550 1975 576 2031 id
600 1976 625 2031 in
649 1975 758 2049 scriptis
780 1976 861 2031 etiam
883 1975 1093 2032 committerent.
1192 1997 1194 2001 ·

385 2078 408 2117 rs
502 2060 566 2117 Cum
589 2069 679 2116 autem
700 2061 753 2134 ipsi
768 2059 1058 2133 Consiliarii‘singulis
1080 2059 1227 2134 diligenter
1249 2061 1378 2133 inspectis
1399 2061 1634 2135 consideratisque
1655 2063 1696 2119 ni·

415 2144 453 2201 hil
481 2146 632 2203 addendum
660 2145 888 2219 minuendumque
916 2144 1039 2201 arbitrati
1069 2146 1137 2208 sint,
1166 2146 1238 2219 quod
1266 2146 1298 2202 ad
1320 2146 1475 2215 huiusmodi
1498 2148 1696 2221 expeditionem

415 2231 571 2288 sumendam
593 2231 863 2305 prosequendumque
885 2231 1011 2292 attineat,
1034 2231 1057 2287 si
1079 2230 1230 2305 praesertim
1245 2226 1458 2288 Christianorum
1481 2249 1525 2288 res
1548 2233 1585 2288 ita
1605 2233 1697 2307 dispc-

414 2316 475 2373 sitae
499 2324 604 2378 essent,
635 2324 665 2372 ut
687 2315 883 2391 quamprimum
907 2316 933 2371 id
955 2315 1055 2373 bellum
1079 2317 1148 2372 sumi
1171 2323 1198 2372 et
1220 2316 1356 2390 generalis
1378 2316 1423 2372 illa
1446 2318 1581 2391 expeditio
1603 2336 1697 2377 execu-

416 2401 485 2456 tioni
507 2401 662 2458 derivandari
684 2410 791 2475 posset:
821 2401 867 2456 scd
896 2419 956 2458 curn
979 2401 1117 2474 negotium
1141 2401 1166 2456 id
1189 2401 1294 2456 maximi
1318 2402 1445 2474 ponderis
1468 2409 1495 2459 et
1517 2403 1697 2460 diuturnioris

385 2484 518 2540 solaberis
540 2487 590 2548 sit,
613 2487 746 2561 quemad
770 2488 888 2542 luturam
911 2493 1033 2542 aestatem
1054 2487 1145 2559 parari
1167 2494 1195 2541 ct
1217 2485 1336 2559 expediri
1359 2487 1461 2560 possit,
1490 2489 1696 2562 praesertimque

413 2588 474 2627 cum
497 2571 654 2629 Germanica
675 2573 764 2633 natio,
794 2589 855 2646 quae
883 2570 976 2627 multis
1004 2589 1035 2627 ac
1063 2571 1167 2644 magnis
1197 2570 1353 2648 regionibus
1383 2570 1437 2626 late
1466 2580 1557 2645 patet,
1586 2582 1613 2629 et
1636 2592 1696 2647 qum

414 2655 594 2729 plurimorum
615 2657 769 2731 Principum
797 2647 828 2712 ac
850 2656 1077 2713 communitatum
1105 2657 1188 2712 ductu
1216 2656 1295 2711 variis
1325 2655 1446 2713 moribus
1468 2666 1496 2713 et
1517 2656 1624 2730 legibus
1647 2677 1697 2732 gu-

415 2739 559 2803 bernatur.
589 2758 643 2797 non
673 2751 726 2797 tam
755 2751 867 2816 repente
890 2741 980 2798 induci
1002 2751 1029 2804 et
1052 2742 1079 2797 iu
1103 2742 1171 2797 tanti
1193 2741 1323 2797 momenti
1345 2742 1516 2816 expeditione
1538 2746 1636 2799 armari
1659 2745 1697 2800 la-

414 2824 463 2881 cde
486 2827 590 2899 possit.
619 2827 721 2883 Turcus
749 2837 838 2882 autern
865 2845 926 2883 cum
955 2827 1096 2883 maximam
1123 2826 1238 2883 classem
1259 2835 1287 2882 ct
1310 2827 1455 2882 immensos
1479 2828 1530 2882 iarn
1552 2837 1718 2902 apparatus.

383 2909 480 2966 tabelli
503 2911 607 2984 coegit,
631 2911 726 2986 procul
748 2912 831 2967 dubio
854 2930 909 2967 non
932 2913 967 2968 sit
989 2913 1146 2985 quieturus,
1171 2913 1235 2985 quin
1258 2911 1374 2985 aliquam
1397 2912 1542 2967 Christiani
1565 2913 1639 2968 orbis
1656 2932 1697 2969 re·

416 2995 523 3069 gionem
547 2996 667 3059 invadat,
691 3015 724 3052 xre
748 2997 858 3052 omnino
881 2997 1020 3070 proximus
1042 2997 1086 3052 bic
1107 3015 1193 3054 aurius
1215 2997 1341 3053 inrmuuis
1364 3004 1497 3060 transeat,
1522 2997 1587 3071 quiu
1602 2996 1697 3055 saltem

415 3080 448 3136 ad
468 3080 640 3138 divertendas
662 3082 733 3139 vires
756 3082 824 3138 tanti
847 3082 935 3140 bostis
959 3082 1097 3156 quippiam
1119 3083 1249 3156 prodesse
1272 3082 1375 3156 possit,
1400 3090 1427 3137 et
1450 3099 1482 3137 ne
1506 3082 1528 3136 is
1544 3082 1594 3138 sibi
1611 3100 1698 3157 nuper

415 3166 546 3238 acquisita
574 3183 658 3239 regna
680 3167 756 3222 lirmo
779 3185 810 3224 ac
832 3166 923 3223 stabili
944 3167 1026 3223 ductu
1050 3185 1159 3240 regere,
1190 3176 1217 3222 et
1245 3168 1273 3222 in
1300 3167 1351 3224 lide
1379 3185 1410 3223 ac
1438 3166 1626 3223 benevolentia
1649 3186 1697 3224 sua

414 3250 588 3313 confirmare,
611 3269 641 3307 ac
663 3252 785 3325 reliquos
807 3248 905 3309 Africae
928 3270 1009 3327 reges
1023 3270 1054 3309 ac
1069 3259 1241 3327 potentatus,
1266 3270 1334 3324 quos
1349 3252 1469 3308 nondxlrn
1484 3251 1601 3325 subegit,
1625 3253 1697 3310 bello

383 3334 519 3392 caiuterea
542 3336 653 3409 aggredi
677 3339 780 3412 possit,
803 3355 834 3393 ex
858 3337 957 3411 quibus
979 3337 1104 3395 onmibus
1126 3354 1222 3409 magua
1245 3336 1297 3392 sibi
1319 3345 1347 3393 et
1369 3354 1451 3410 opum
1473 3345 1502 3393 ct
1523 3338 1697 3411 pecuniarum

415 3429 443 3476 ct
464 3421 588 3493 gentium
610 3422 776 3479 incrementa
798 3431 894 3480 contra
916 3423 1084 3478 Christianos
1106 3423 1232 3478 accedere
1255 3439 1336 3495 posse
1359 3439 1413 3478 non
1435 3421 1546 3478 dubium
1568 3432 1618 3484 est,
1642 3424 1698 3480 Ca.-

415 3504 484 3560 sarei
506 3505 656 3562 consiliarii
679 3507 823 3563 nonnullas
847 3526 909 3565 suas
931 3499 1161 3570 consultationes,
1191 3507 1253 3579 quid
1284 3507 1316 3569 ad
1339 3508 1460 3562 luturum
1482 3524 1581 3562 annum
1603 3516 1697 3564 contra

416 3589 509 3646 lrostcs
534 3591 609 3664 ipsos
633 3593 729 3649 tentari
753 3611 835 3667 posse
858 3594 1025 3655 existiment,
1050 3592 1204 3667 quibusque
1227 3591 1314 3650 modis
1336 3592 1442 3648 duobus
1458 3592 1587 3665 proximis
1602 3593 1697 3650 deinde

417 3675 493 3731 annis
516 3684 614 3732 caetera
637 3677 771 3749 generalis
793 3678 929 3751 expeditio
952 3678 1083 3751 subsequi
1111 3677 1210 3739 valeat,
1238 3684 1266 3733 et
1295 3677 1393 3750 quibus
1420 3676 1547 3740 ducibus,
1577 3695 1629 3751 qna
1652 3696 1698 3753 pe·

384 3759 511 3822 ascania.
535 3761 635 3833 quibus
656 3763 744 3836 copiis
766 3780 811 3819 res
833 3764 935 3836 agenda
958 3754 1094 3825 videatur,
1123 3770 1280 3820 reverenter
1302 3763 1328 3818 iu
1350 3762 1393 3818 bis
1415 3763 1525 3836 scriptis
1547 3780 1698 3838 proposue-

416 3854 492 3907 runt,
522 3845 644 3903 volentes
677 3857 765 3904 tamen
797 3865 827 3904 ea
855 3848 963 3920 singula
992 3856 1018 3903 et
1048 3848 1211 3904 sanctissimi
1238 3847 1341 3904 domini
1369 3849 1457 3904 nostri
1478 3847 1648 3921 aliorumque
1671 3849 1698 3904 in

416 3929 487 3985 Urbe
506 3941 736 4004 congregatorum
758 3933 901 3989 Oratorum
925 3942 952 3989 ct
975 3932 1188 3989 illiristianorum
1211 3933 1291 3990 etiam
1314 3934 1415 4006 bugum
1438 3952 1469 3990 ac
1482 3933 1635 4007 Principum
1659 3935 1700 3989 iu·

415 4013 484 4070 dicio
507 4015 617 4077 subiici.
646 4035 732 4090 neque
760 4026 906 4091 propterea
928 4018 961 4074 ab
985 4019 1037 4073 iam
1059 4018 1130 4074 dicta
1159 4017 1376 4080 consultatione,
1407 4036 1467 4092 qua
1496 4017 1529 4074 ad
1551 4018 1698 4075 Caesaream

415 4182 616 4192 '...-..—

481 4283 606 4334 *inditio
624 4290 649 4334 2.
691 4291 718 4335 et
736 4289 824 4335 οιιι..ἳ.
864 4284 988 4335 ²Cmsar
1006 4291 1034 4334 et
1052 4302 1078 4350 p.
1092 4289 1152 4336 m.
1193 4283 1256 4333 ³rlc
1274 4285 1559 4350 praes....ostenderlt
1574 4287 1699 4349 postllab

410 4372 618 4433 prastaam.
659 4369 811 4435 ¹aliosque
830 4373 889 4420 2.3.
932 4369 994 4419 ¹ac
1014 4371 1289 4435 ab..posseom.d.
1331 4363 1375 4418 nil*
1388 4374 1413 4419 2.
1454 4369 1619 4434 ⁸optaverit
1638 4375 1699 4422 2.3.

412 4452 557 4510 ’nuncius
576 4455 629 4505 tuit
647 4459 673 4505 4.
714 4455 732 4487 ¹¹
754 4452 839 4518 clim]
859 4455 1031 4505 enucleatam
1051 4459 1075 4505 4.
1120 4452 1138 4485 ¹¹
1158 4454 1185 4503 id
1203 4471 1250 4505 om.
1265 4458 1288 4504 4.
1331 4452 1351 4485 ¹⁵
1369 4456 1421 4504 Hic
1440 4458 1464 4504 2,
1479 4455 1601 4506 articulos
1620 4444 1701 4506 nume·

412 4555 473 4588 rare
486 4541 573 4605 incipit
582 4544 668 4605 posito
681 4542 705 4600 2,
719 4544 756 4589 tta
768 4547 793 4589 ut
807 4542 850 4606 qai
861 4544 885 4589 ιἰι
900 4543 922 4589 1.
936 4548 994 4589 sient
1011 4544 1108 4590 raineri
1120 4539 1180 4600 1,2,
1200 4541 1225 4587 ιἰι
1237 4542 1261 4587 2.
1281 4540 1394 4601 efficiant
1412 4539 1493 4589 finem
1511 4541 1616 4590 numeri
1635 4540 1660 4589 2.
1674 4547 1702 4591 et

412 4639 511 4675 numm.
524 4623 549 4684 3,
562 4625 587 4674 4.
607 4626 672 4676 unde
690 4627 749 4675 inde
767 4642 784 4675 a
801 4642 864 4675 ιιιιιιι.
878 4625 894 4676 3
912 4625 1010 4675 binario
1029 4628 1110 4675 maior
1122 4631 1160 4674 cst
1173 4639 1288 4674 numerus
1299 4625 1325 4673 in
1338 4628 1363 4673 2.
1377 4625 1426 4673 nisi
1437 4623 1478 4673 ubi
1489 4624 1559 4675 oldad
1569 4626 1701 4676 adraotanr‘-

412 4725 472 4759 m.
508 4709 602 4775 ipsi...
616 4711 823 4775 praesertimque
843 4725 962 4761 cumam.
978 4714 1003 4759 3.
1039 4708 1400 4774 21ιιιιιιιιειιιιιιιιιιιι..ἳ.4.
1436 4706 1459 4740 ¹⁴
1478 4706 1548 4774 cum]
1568 4711 1699 4774 quim.

412 4794 557 4849 mximum
568 4780 616 4846 oni.
631 4798 654 4845 1.
689 4794 711 4826 ²⁷
729 4795 821 4859 quidp.
835 4799 859 4844 2.
874 4795 949 4859 prod.
964 4794 1055 4860 qnidp.
1071 4798 1095 4845 4.
1130 4793 1153 4827 ²⁵
1165 4794 1246 4847 fidem
1259 4811 1292 4845 uc
1305 4793 1527 4845 benevolentiam
1539 4810 1616 4845 suam
1627 4799 1701 4847 2...t.

412 4876 434 4910 ²¹
451 4877 497 4943 ac]
515 4884 544 4930 et
560 4885 616 4946 pot.
630 4883 704 4929 2...4.
739 4878 762 4911 ³¹
778 4896 862 4929 nonn.
916 4879 1031 4929 consult.
1044 4896 1091 4928 (ιιιι.
1107 4883 1131 4929 4.
1166 4878 1188 4912 ³¹
1207 4881 1281 4946 ipsos
1299 4881 1452 4945 suscipiant
1469 4881 1572 4930 tentari
1584 4885 1609 4930 2.
1618 4885 1644 4933 3.
1663 4882 1701 4946 ip-

412 4978 458 5014 sos
474 4980 523 5015 om.
536 4967 563 5015 4.
596 4962 619 4995 ³¹
637 4960 743 5031 tamen]
763 4969 818 5014 tum
838 4968 861 5014 4.
898 4965 989 5014 sancti
1008 4967 1032 5014 4.
1068 4962 1091 4994 ³¹
1109 4964 1193 5014 etiam
1208 4967 1258 5015 'ann
1273 4969 1297 5015 4.
1335 4962 1435 5030 acPr.]
1454 4966 1661 5031 principumque
1675 4970 1699 5016 4.

412 5047 462 5083 ¹⁷³¹
480 5049 580 5100 iuditio
598 5053 624 5098 2.
658 5047 680 5081 ³¹
700 5046 745 5114 ab]
764 5065 780 5099 a
799 5052 824 5100 4.
