4300 6059
567 711 760 747 cousvnrtrto
772 711 935 746 GEBUMCA
948 712 1104 748 rnoroetrn
1115 712 1151 747 ΑΒ
1164 712 1356 750 ntscrotttttvs
1368 714 1404 748 ΕΤ
1417 714 1441 749 C.
1455 715 1481 750 Δ.
1495 707 1553 749 ΙδΠ.
1634 682 1706 756 193

413 880 527 946 perator
558 880 585 927 et
613 868 790 944 Portugallire
819 870 873 926 llcx
903 888 964 927 etun
992 873 1117 945 potentia
1150 870 1280 929 Catholici
1310 872 1404 946 Regis,
1442 873 1489 946 qui
1519 873 1599 929 modo
1627 873 1708 934 etiam
1765 869 1768 873 ’

412 957 488 1013 cirea
509 973 567 1012 eam
597 955 796 1030 expeditionem
826 953 947 1018 laborat,
981 964 1010 1012 et
1037 953 1154 1014 aliorum
1176 957 1347 1031 Principum,
1377 958 1496 1032 exceptis
1527 958 1569 1013 liis
1598 959 1644 1032 qui
1675 958 1707 1014 ad

412 1042 570 1099 Polonicam
593 1041 791 1117 protectionem
813 1041 935 1115 deputati
959 1051 1037 1105 sunt,
1066 1042 1182 1099 auxiliis.
1227 1042 1280 1116 lpsi
1303 1043 1384 1098 etiam
1409 1043 1434 1097 in
1459 1042 1519 1100 aliis
1542 1044 1642 1100 suturis
1665 1061 1709 1099 ex-

413 1125 602 1202 peditionibus
624 1127 797 1199 sequentium
819 1127 934 1183 duorum
958 1145 1090 1183 annorum
1119 1145 1172 1183 una
1201 1144 1261 1185 cum
1291 1126 1352 1183 aliis
1380 1128 1592 1201 perseverabunt
1615 1139 1643 1185 et
1666 1146 1710 1184 us-

390 1228 470 1287 sque
492 1213 525 1268 ad
547 1212 628 1269 linem
649 1213 678 1267 in
699 1210 773 1267 bello
802 1213 957 1285 persistent.
1002 1213 1034 1269 Et
1057 1214 1090 1269 ad
1113 1214 1268 1269 huiusmodi
1289 1213 1431 1287 negotium
1453 1214 1637 1288 peragendum
1659 1231 1710 1287 pro

415 1297 520 1354 alendis
542 1306 570 1353 et
592 1297 778 1353 sustentandis
800 1298 965 1353 exercitibus
987 1297 1120 1372 reliquam
1143 1299 1279 1354 dimidiam
1306 1299 1461 1373 portionem
1490 1299 1629 1373 imperatae
1651 1316 1714 1354 exa·

415 1383 515 1439 ctionis
543 1382 776 1456 quinquagesimae
804 1382 957 1456 praedicto,
988 1383 1053 1439 item
1081 1393 1109 1440 et
1136 1384 1269 1456 integram
1298 1384 1429 1440 decimam
1452 1393 1479 1439 et
1502 1384 1658 1458 vigesimam
1681 1401 1710 1439 ac
1733 1376 1740 1396 '

409 1467 540 1545 ¹singulas
563 1467 680 1541 reliquas
703 1467 868 1530 taxationes,
896 1487 957 1542 qum
986 1487 1068 1542 supra
1091 1470 1222 1542 exposita.
1252 1477 1329 1530 sunt,
1359 1469 1385 1524 in
1414 1487 1493 1525 usum
1521 1471 1582 1526 eius
1603 1468 1713 1542 expedi·
1798 1461 1800 1464 ’

416 1553 502 1610 tionis
523 1561 697 1616 convertent,
727 1552 934 1627 praesertimque
957 1572 989 1610 cx
1012 1555 1135 1610 truitersa
1159 1554 1314 1616 Germaxria,
1343 1554 1413 1613 unde
1436 1555 1463 1610 in
1487 1555 1582 1628 primis
1606 1553 1712 1610 facilius

383 1650 410 1690 ro
420 1638 551 1712 imperata
573 1637 728 1694 huiusmodi
752 1639 864 1711 pecunia
887 1639 958 1713 exigi
988 1640 1106 1713 proterit,
1136 1640 1212 1695 cuius
1235 1640 1339 1695 meritis
1362 1647 1389 1695 et
1412 1639 1593 1696 emolumenta
1615 1648 1645 1695 et
1666 1655 1714 1694 an·

417 1741 489 1780 nona
519 1731 546 1780 et
577 1724 768 1784 necessitates,
804 1742 919 1798 quaeque
947 1725 1110 1781 exercitibus
1139 1724 1275 1782 alimoniae
1302 1725 1468 1798 comparari,
1497 1734 1525 1781 et
1553 1723 1654 1780 milites
1681 1740 1713 1778 ex

418 1809 580 1865 Christianis
602 1818 649 1865 aut
671 1807 835 1882 gentilibus,
859 1809 904 1866 ubi
927 1810 1126 1866 commodiores
1141 1818 1276 1884 suscepte
1293 1809 1439 1883 provincio·
1454 1809 1625 1872 videbuntur,
1648 1825 1714 1864 oon·

418 1893 480 1950 duci
504 1894 537 1950 ad
559 1910 617 1949 eam
640 1893 840 1967 expeditionem
863 1905 1002 1969 poterunt.
1047 1895 1087 1951 tu
1110 1913 1190 1969 quaxn
1213 1894 1394 1969 peragendam
1418 1894 1609 1952 serenissimus
1631 1893 1714 1950 Fran·

419 1996 514 2035 corum
536 1979 591 2036 Rex
613 1996 672 2035 eum
696 1977 757 2034 aliis
780 1979 940 2052 quibusdam
961 1979 1074 2037 classem
1098 1998 1174 2055 sporn
1197 1978 1438 2042 administrabunt,
1462 1986 1489 2034 et
1503 1997 1565 2035 curn
1580 1978 1713 2035 eiusmodi

387 2064 588 2120 mexercitilrus
610 2073 637 2119 et
660 2064 750 2119 Caesar
772 2073 800 2120 et
822 2065 996 2139 Portugalliae
1018 2067 1072 2121 llex
1095 2067 1161 2121 mari
1186 2073 1313 2140 terraque
1342 2082 1394 2121 una
1423 2081 1597 2138 permanere,
1627 2081 1714 2137 neque

419 2149 539 2224 separari
564 2148 677 2206 invicem
698 2149 844 2206 delrelruut.

505 2240 548 2294 20.
570 2233 757 2292 Necessarium
780 2245 869 2292 eutem
894 2237 1038 2311 inprimis
1061 2236 1184 2299 ducitur,
1209 2245 1240 2293 ut
1261 2235 1598 2292 sanctissixuusd'ominus
1621 2242 1717 2290 noster

419 2339 481 2378 eum
503 2319 612 2379 caeteris
635 2321 681 2395 qui
705 2321 796 2379 llomae
818 2321 850 2377 ad
873 2338 932 2378 eam
955 2339 1013 2378 rem
1034 2321 1193 2395 cougregati
1217 2332 1296 2384 suut,
1320 2322 1352 2376 ad
1375 2321 1522 2394 praedictos
1545 2320 1644 2378 Africae
1666 2319 1716 2376 lle·

419 2425 485 2480 ges,
515 2413 543 2461 et
566 2404 589 2462 si
612 2406 729 2462 fortasse
752 2405 845 2480 plures
868 2407 937 2469 sint,
968 2406 1013 2480 qui
1042 2406 1163 2462 trundum
1187 2406 1296 2461 sedilios
1319 2406 1377 2467 suis
1399 2406 1557 2468 vcesserunt,
1588 2405 1717 2461 Oratores

388 2493 532 2548 remittant
559 2492 787 2567 propositumque
816 2492 868 2547 hoc
897 2491 1037 2565 negotium
1067 2492 1107 2547 eis
1137 2490 1305 2564 significent,
1334 2509 1436 2564 cosque
1460 2491 1656 2552 adhortentur,
1687 2495 1717 2544 ut

420 2595 475 2634 una
497 2594 559 2633 cum
581 2577 654 2633 diris
677 2576 727 2632 silri
752 2577 868 2633 subditis
897 2584 924 2633 et
946 2577 1080 2632 llontanis
1103 2575 1252 2637 Arabibus,
1282 2576 1328 2649 qui
1357 2585 1462 2649 partem
1492 2576 1590 2632 dirior
1614 2581 1716 2635 tenent,

421 2672 449 2719 et
471 2663 494 2717 si
519 2679 589 2736 quos
612 2662 692 2718 etiam
715 2679 747 2717 ex
771 2662 822 2718 iam
844 2661 975 2718 subiectis
998 2660 1107 2718 allicere
1131 2669 1276 2734 poterunt,
1306 2661 1352 2733 qui
1382 2678 1444 2716 curn
1465 2678 1554 2734 nuper
1576 2679 1591 2715 a
1614 2662 1717 2716 'lurco-

421 2765 481 2804 rum
504 2757 621 2821 tyranno
643 2747 771 2804 maximas
793 2756 900 2821 strages
923 2757 950 2804 et
974 2746 1143 2803 incommoda
1166 2746 1222 2803 sint
1242 2746 1382 2820 perpessi,
1412 2745 1484 2801 lraud
1505 2745 1654 2802 difficulter
1676 2746 1718 2801 iu-

420 2832 493 2890 docti
508 2834 543 2888 ·in
565 2831 682 2889 aliorum
704 2833 865 2888 seutentiam
886 2833 1073 2889 delleetoutur.
1650 2823 1652 2825 '

389 2930 414 2968 ὃ
506 2922 549 2979 21.
573 2917 665 2974 Altera
687 2925 778 2974 autem
800 2918 936 2991 expeditio
959 2926 986 2974 et
1008 2918 1144 2974 exercitus
1166 2917 1224 2973 lieri
1247 2935 1329 2990 posse
1351 2916 1458 2972 ridetur
1480 2917 1575 2972 eodem
1591 2915 1717 2990 proximo

422 3021 492 3060 anno
515 3021 530 3058 a
553 3003 727 3060 serenissimo
750 3001 870 3059 Polonim
893 3003 965 3076 Rege
989 3022 1039 3060 suo
1063 3003 1172 3059 nomino
1195 3011 1223 3058 et
1245 3002 1285 3058 uti
1308 3009 1410 3057 vtutore
1439 3001 1607 3057 serenissimi
1629 3001 1718 3058 Ludo·

422 3089 470 3146 rici
494 3088 577 3161 Regis
599 3087 723 3162 Ungariar
745 3107 805 3145 cuin
834 3088 921 3162 copiis
944 3089 1100 3162 Reguxrrum
1122 3087 1261 3148 Poloniae.
1291 3087 1430 3160 Ungariae,
1459 3087 1607 3147 Bolremiae.
1630 3085 1718 3141 liora·

422 3175 483 3235 viae,
507 3171 613 3231 Silesiaa
634 3182 662 3230 et
685 3172 798 3230 aliarum
821 3174 962 3230 nationum
987 3175 1079 3245 regnis
1102 3173 1237 3230 eiusmodi
1260 3172 1463 3235 subiectarum
1492 3173 1556 3227 item
1579 3188 1641 3227 curn
1664 3172 1718 3227 Au·
1758 3181 1760 3185 '

422 3260 497 3315 striee
520 3258 661 3316 inferioris
683 3259 819 3315 subsidiis>
835 3268 863 3315 et
885 3258 1055 3315 conuenienti
1084 3257 1269 3315 machinarum
1298 3264 1325 3313 et
1352 3255 1552 3312 artellariarnxn
1581 3257 1718 3329 portione,

391 3355 503 3418 tequam
524 3344 566 3401 eis
588 3345 789 3401 sacratissimus
810 3344 900 3400 Caesar
923 3343 949 3399 in
971 3362 1030 3401 earn
1053 3343 1250 3418 expeditionem
1273 3342 1460 3416 impartietur,
1483 3359 1514 3397 ac
1536 3343 1617 3397 etiam
1639 3341 1721 3399 Bava-

422 3432 470 3486 riae
484 3429 656 3504 Principum,
680 3430 726 3504 qui
751 3430 823 3487 iuxta
847 3429 898 3485 silri
922 3429 1057 3504 impositae
1080 3428 1229 3486 exactionis
1245 3446 1315 3486 onus
1330 3428 1412 3484 etium
1428 3428 1564 3483 exercitus
1580 3427 1656 3500 ipsos
1671 3445 1719 3484 au·

422 3533 486 3588 gere
508 3523 663 3590 opportune
685 3523 824 3593 poterunt.
1308 3537 1310 3539 ¹
1685 3508 1687 3510 ’

507 3607 551 3660 22
579 3600 606 3656 Si
637 3600 683 3674 qui
712 3619 776 3657 vero
806 3599 987 3675 personaliter
1014 3601 1041 3656 in
1070 3617 1129 3657 eam
1158 3598 1360 3674 expeditionem
1382 3597 1519 3673 proficisci
1542 3605 1590 3654 aut
1612 3595 1719 3653 nollent

424 3694 469 3742 aut
493 3685 650 3759 nequirent.
678 3686 816 3741 debebunt
838 3703 867 3741 ea
892 3686 1018 3759 pecunia.
1047 3700 1111 3758 quae
1134 3702 1182 3740 eos
1204 3685 1360 3757 continget,
1389 3684 1434 3739 alii
1458 3681 1572 3746 milites,
1602 3690 1632 3737 ut
1656 3690 1720 3737 sum

394 3771 549 3832 nocherii,
577 3770 704 3828 conduci:
733 3770 929 3826 lautzlxnechti
958 3771 1031 3826 enixxr
1053 3770 1082 3825 in
1104 3787 1226 3844 praeseus
1249 3771 1301 3825 hoc
1323 3770 1464 3843 negotium
1487 3768 1595 3823 minime
1618 3768 1720 3822 condu-

423 3865 532 3919 centur,
555 3855 602 3912 aed
625 3856 652 3911 in
675 3855 787 3913 alteram
810 3856 962 3912 Africanam
985 3855 1184 3929 expeditionem
1206 3854 1445 3929 comparabuntur.

507 3948 550 4003 Β.
578 3940 638 3997 Nou
665 3942 755 3998 minus
778 3941 858 3998 etiam
881 3940 1025 4017 expediens
1053 3940 1206 3998 ducendum
1228 3950 1284 4003 est,
1313 3939 1337 3996 si
1364 3939 1422 4014 ipse
1451 3953 1572 3995 summus
1593 3936 1720 3993 Pontifex

493 4211 501 4242 ¹
520 4209 683 4276 Portugelie
704 4213 728 4259 4.
770 4208 839 4275 Rex]
859 4209 994 4259 Emenuel
1012 4210 1181 4259 Fortunatus
1199 4209 1217 4270 †
1236 4224 1261 4258 a.
1278 4205 1352 4257 1521.
1370 4206 1483 4256 biennio
1503 4205 1561 4256 fere
1579 4209 1642 4269 post
1659 4205 1719 4254 Mn·

425 4294 605 4347 ximilinmxnx.
659 4292 739 4344 Catu.
754 4291 834 4359 Rem]
855 4299 912 4343 tum
931 4294 1022 4345 Caroli
1043 4296 1065 4344 1.
1086 4298 1185 4359 posteo
1203 4293 1236 4341 V.
1287 4290 1483 4342 ¹ettre1...³.
1536 4288 1673 4355 ³ipsique
1692 4297 1720 4342 4.

424 4380 485 4431 ‘ae
504 4386 530 4431 4.
571 4375 711 4443 reldiml
733 4380 840 4444 reliqua
858 4379 1000 4446 stipendia
1019 4384 1044 4432 4.
1073 4379 1095 4444 ¹¹
1113 4378 1194 4428 huius
1212 4381 1238 4427 4.
1279 4374 1301 4408 ¹⁰
1319 4376 1453 4426 eiusmr.
1502 4372 1586 4440 exigi]
1607 4379 1635 4424 el
1653 4376 1678 4424 si
1696 4381 1721 4428 4,
1822 4428 1826 4435 ,

425 4470 534 4530 poteret
551 4469 575 4516 1.
628 4461 732 4531 merie]
757 4466 851 4514 nervis
869 4468 894 4514 4.
920 4467 1022 4530 leperirrt
1041 4464 1139 4529 quibua
1158 4461 1266 4519 mediis..
1316 4459 1498 4510 emolumento
1511 4463 1537 4509 4.
1586 4457 1604 4491 ¹¹
1624 4460 1720 4509 ixecee·

424 4552 508 4601 ritate
521 4553 547 4600 2.
584 4554 612 4599 et
633 4546 707 4614 nec]
733 4549 892 4599 necessarie
912 4553 937 4599 4.
974 4548 994 4581 ¹¹
1022 4545 1172 4612 slimouiae]
1197 4544 1350 4595 Alemoniae
1370 4547 1393 4595 1.
1431 4543 1451 4576 ¹¹
1470 4544 1721 4604 administrabit(

426 4633 632 4699 'werengatto
652 4636 675 4683 1.
718 4633 738 4665 ¹⁸
756 4636 813 4684 inv.
826 4648 884 4699 sep.
899 4638 925 4684 4.
965 4633 986 4666 ¹⁷
1004 4631 1059 4698 20.]
1076 4632 1117 4684 23.
1132 4635 1159 4682 2.
1199 4626 1302 4697 sanct]
1322 4635 1408 4681 serm·
1426 4633 1452 4679 4.
1492 4630 1525 4682 D.
1537 4629 1572 4678 N.
1585 4628 1617 4677 P.
1631 4633 1656 4678 2.
1675 4627 1723 4678 do·

425 4720 513 4770 minus
530 4717 762 4784 noster'popn·3.
798 4717 819 4752 ¹¹
838 4718 874 4769 ed
893 4733 955 4769 nem
973 4734 994 4767 r.
1007 4734 1053 4768 om.
1068 4721 1093 4768 4.
1130 4716 1258 4783 τομή.
1273 4719 1298 4765 4.
1334 4714 1355 4748 ¹⁰
1374 4715 1521 4766 Oratorem
1538 4715 1563 4764 t.
1603 4711 1624 4745 ¹¹
1644 4728 1721 4762 moxn-

426 4805 508 4866 ltnia,
528 4803 659 4856 etism.
700 4802 722 4836 ¹¹
741 4801 826 4868 haud]
847 4809 895 4853 aut
913 4806 938 4853 4.
979 4799 1171 4865 ¹¹21.]2⁴l.2.
1214 4801 1310 4852 eodem
1328 4800 1381 4849 hoe
1399 4815 1440 4864 pr.
1452 4802 1527 4848 2...4.
1561 4795 1718 4863 ”Pot.1t.]

425 4888 600 4955 sigismundo
618 4889 641 4939 l.
659 4893 716 4938 torn
734 4889 853 4938 Ruesico
872 4887 945 4939 bello
964 4886 1185 4950 occupatissimo.
1232 4883 1255 4917 ¹¹
1272 4886 1453 4950 Hung.2...t.
1500 4884 1722 4948 Regnenomal.

424 4972 447 5005 ¹¹
463 4973 562 5025 Slerira
580 4977 606 5025 2.
641 4970 664 5004 ¹⁹
681 4972 838 5022 Artellerioe
856 4976 929 5024 2...4.
948 4973 1090 5020 Artitterie.
1126 4967 1148 4999 ³¹
1166 4975 1301 5034 oportune
1320 4973 1345 5021 4.
1379 4967 1402 5000 ⁸⁸
1418 4966 1471 5034 22]
1494 4968 1577 5018 PM.
1617 4966 1647 5016 Si
1665 4965 1723 5031 qni]

425 5059 478 5122 Qut
495 5059 556 5110 edd.
602 5055 625 5088 ⁸¹
642 5057 854 5108 Lanntxeneclxi
868 5060 892 5110 4.
929 5055 1075 5122 negocium
1089 5057 1113 5104 4.
1148 5051 1170 5086 ⁸⁷
1188 5050 1241 5118 ee]
1260 5052 1302 5103 26.
1316 5057 1341 5104 2.
1390 5053 1451 5118 ipae
1469 5068 1516 5103 our.
1530 5055 1556 5103 4.
1670 5076 1687 5110 4

484 5142 616 5194 Hrnrnx
636 5140 704 5191 Ore.
729 5156 794 5191 vox.
814 5141 846 5190 V.
1466 5139 1502 5198 13
