4300 6059
492 709 594 745 RONIS
608 710 634 743 Χ.
649 708 758 744 cort‘tnn
772 709 922 744 Lvrttunvtt
935 708 1026 743 uveni
1040 709 1103 742 ΜΤ.
1114 703 1145 743 Γ.
1155 709 1210 744 IVN·
1225 709 1250 743 A.
1260 704 1319 742 1590.
1338 710 1362 742 C.
1377 709 1499 743 ttvrrsttt
1514 708 1602 742 noris.
1641 680 1713 750 313

507 863 578 945 [27]
603 865 721 924 Certum
748 873 804 937 est,
828 866 860 923 in
887 881 978 923 marra
997 867 1132 925 ecclcsiae
1158 874 1210 924 aut
1229 866 1325 940 Papa
1338 881 1467 939 prorsus
1485 880 1543 924 nan
1566 883 1628 924 esse
1649 877 1715 924 sta-

419 974 503 1025 tuere
526 969 668 1025 articulos
685 965 772 1038 ndai,
795 969 852 1024 imo
874 983 927 1024 nec
947 969 1026 1038 repes
1047 983 1174 1039 inarum,
1198 985 1249 1026 seu
1272 967 1411 1027 bonorum
1433 983 1565 1041 operum.

507 1064 578 1146 [28]
592 1067 635 1126 'Si
645 1084 733 1142 popa
754 1083 820 1126 cnm
842 1084 953 1140 maana
972 1076 1060 1142 parte
1082 1071 1215 1128 ccclesia
1232 1073 1276 1128 sia
1290 1072 1336 1128 uel
1352 1072 1395 1128 sic
1408 1071 1537 1142 sentiret,
1557 1087 1613 1130 nec
1627 1073 1716 1131 etiam

417 1176 555 1244 erraret,
578 1170 678 1229 adduc
698 1185 756 1227 non
774 1177 818 1228 est
833 1177 990 1245 petoritum
1013 1176 1065 1228 neit
1085 1171 1209 1230 niarasis
1230 1173 1413 1230 contrarium
1435 1173 1558 1243 sentire,
1574 1189 1716 1246 proeser-
1793 1167 1810 1193 “’

397 1275 472 1331 stim
490 1277 521 1330 in
542 1290 576 1331 ro
596 1287 655 1330 non
677 1273 845 1330 necessaria
868 1272 911 1330 ad
933 1275 1073 1344 satutem,
1104 1274 1198 1332 acutae
1222 1272 1319 1345 suerit
1337 1290 1394 1347 per
1415 1275 1570 1332 concilium
1591 1277 1715 1334 uumer-

416 1377 483 1434 sate
504 1377 629 1433 atterum
651 1373 855 1449 reprobatum,
872 1376 998 1432 atterum
1020 1373 1227 1448 approbatum.

507 1473 577 1556 [29]
600 1477 680 1535 'Via
702 1475 784 1534 nabis
803 1475 890 1547 tacta
911 1486 954 1535 cst
974 1477 1145 1535 enarrandi
1165 1477 1372 1536 authoritatem
1397 1476 1608 1551 Curiatiorum,
1630 1485 1659 1537 et
1674 1481 1714 1538 li-

418 1581 489 1639 bere
506 1578 736 1638 contradicendi
755 1594 856 1637 eorum
873 1582 977 1654 pestes,
996 1585 1025 1637 et
1045 1579 1204 1637 indicandi
1215 1595 1317 1637 cortun
1334 1578 1466 1651 decreto,
1488 1588 1517 1638 et
1533 1580 1716 1652 confidenter

417 1683 580 1755 confitendi
597 1681 740 1755 quicquid
759 1697 860 1740 aarum
883 1681 1013 1752 uidetur,
1042 1682 1103 1739 siue
1123 1680 1279 1754 probatum
1305 1679 1417 1753 fuerit,
1445 1683 1504 1740 siue
1526 1682 1714 1757 reprobatum
1764 1665 1771 1678 ’

385 1764 439 1843 t⁰a
461 1800 636 1859 quocunque
653 1782 791 1842 Concilio.

505 1883 575 1966 [39]
598 1868 717 1958 ”Aliqui
736 1877 858 1943 articuli
877 1884 1000 1942 loarrnis
1013 1883 1094 1942 Huss
1111 1884 1299 1944 condamnati
1317 1886 1348 1941 in
1362 1886 1487 1944 canentia
1501 1884 1717 1946 constantiensi

415 1996 487 2047 sunt
505 1988 761 2057 Christianissimi,
784 1988 940 2058 rarissimi,
963 1992 991 2044 et
1013 1985 1200 2058 EaanpeIici‚
1222 2002 1294 2060 quas
1315 1977 1370 2045 aec
1389 1989 1567 2047 uniuersalis
1588 1990 1713 2048 ecclesia

413 2096 514 2165 posset
529 2091 685 2149 damnare.

505 2188 575 2270 [31]
598 2191 637 2249 In
656 2193 737 2250 omni
755 2207 845 2264 apem
865 2190 938 2248 bono
959 2191 1053 2249 iustus
1069 2198 1188 2264 peccat.

385 2304 409 2342 ¹⁵
507 2290 577 2372 [32]
602 2294 680 2368 tiques
701 2293 805 2350 borium
825 2294 931 2367 optime
947 2292 1065 2364 factum
1087 2300 1130 2350 est
1147 2294 1261 2353 uaniale
1276 2300 1445 2367 peccatum.

504 2391 574 2474 [33]
598 2395 778 2453 “Hareticos
798 2394 931 2453 comburi
949 2400 992 2452 est
1013 2400 1117 2451 contra
1134 2397 1314 2474 ‘votuntatem
1335 2397 1466 2469 spiritns.

417 2649 504 2708 detur
526 2647 678 2715 habuisse,
710 2648 982 2726 (praedescripti,
1012 2665 1071 2706 nnn
1096 2665 1185 2724 super
1208 2646 1343 2714 Petrum,
1374 2647 1425 2708 sed
1448 2649 1543 2724 ipsum
1567 2650 1713 2709 Christum

417 2751 589 2810 edificatam
613 2749 778 2810 ecclesiam.
825 2750 918 2809 Parra
942 2748 1101 2826 Origenes,
1125 2748 1203 2821 Beda
1228 2756 1256 2808 et
1278 2745 1445 2824 complures
1467 2747 1516 2807 eiii
1538 2757 1570 2809 ut
1592 2749 1713 2810 halluci-

418 2853 477 2911 nati
499 2859 569 2912 sunt
597 2851 658 2911 hic!
688 2851 815 2912 Proinde
837 2852 944 2911 sumini
967 2850 1123 2932 Pantifieis¹
1146 2848 1245 2929 (super
1269 2868 1327 2926 quo
1351 2848 1490 2910 fundatur
1513 2849 1646 2929 ecclesia]
1669 2859 1714 2911 est

383 2972 532 3017 rosaceum
555 2955 731 3033 scripturam
755 2953 790 3014 ad
814 2971 899 3012 suum
923 2951 1037 3013 libitum
1060 2970 1204 3030 suamque
1233 2950 1383 3011 libidinem
1413 2948 1611 3031 interpretari.
1657 2951 1712 3022 Qui
1807 2973 1812 2981 ·

418 3062 520 3116 cantra
549 3055 669 3131 dixerit,
700 3054 857 3115 hereticus
886 3059 948 3114 asto
981 3062 1010 3114 et
1037 3053 1114 3114 filius
1144 3053 1295 3121 Sathanae,
1327 3052 1484 3131 statimque
1512 3053 1712 3116 caniburitar:

417 3176 485 3218 nam
514 3157 563 3217 hic
592 3163 693 3217 noster
722 3157 782 3216 Lea
811 3156 905 3216 iactus
933 3163 991 3224 est,
1022 3163 1050 3215 et
1080 3156 1180 3216 didicit
1208 3172 1314 3233 capere
1343 3154 1474 3233 praedam
1504 3156 1713 3234 hominemque

396 3235 582 3320 ”comedere
642 3257 766 3318 'Lector
789 3258 883 3335 ipsum
906 3258 955 3318 hic
977 3257 1139 3318 Lutherum
1163 3257 1276 3326 audiat,
1305 3276 1369 3318 rem
1399 3257 1475 3318 hanc
1503 3258 1712 3327 disserentem

415 3379 473 3420 nan
498 3366 585 3421 curet
606 3359 789 3438 deceptores.
859 3357 980 3439 hNeque
1009 3377 1067 3418 non
1099 3366 1143 3419 est
1168 3358 1225 3419 hac
1247 3377 1364 3428 verum,
1395 3364 1446 3419 eut
1473 3358 1553 3419 salus
1575 3359 1632 3420 irae
1654 3360 1712 3419 Lu-

382 3463 520 3528 utherus
548 3462 650 3530 sentit,
679 3461 730 3523 sed
760 3461 887 3539 optimus
916 3462 1040 3539 quisque
1069 3460 1184 3539 probat.
1230 3460 1324 3521 Etiam
1352 3469 1399 3531 tu,
1429 3461 1508 3538 quod
1537 3462 1613 3529 scia,
1643 3479 1711 3539 pra-

416 3563 503 3625 bares
526 3561 616 3624 multa
645 3563 707 3622 eius
735 3563 804 3630 viri,
834 3581 868 3622 ce
896 3560 962 3623 illos
990 3561 1073 3623 ratde
1102 3562 1289 3623 detestareris
1318 3561 1394 3622 male
1421 3569 1539 3622 coactas
1562 3562 1711 3633 articulos,

415 3665 512 3742 siqui
541 3672 569 3725 te
598 3682 678 3725 nunc
708 3664 857 3725 dementat
884 3663 1007 3724 nrarhns
1035 3662 1078 3723 vel
1108 3663 1143 3724 ad
1171 3671 1288 3742 tempus
1311 3665 1472 3726 desereret.
1536 3664 1712 3725 ‘Hereticas

415 3766 559 3827 comburi.
615 3766 656 3827 ita
685 3765 900 3846 existimamus,
935 3784 992 3825 non
1026 3766 1115 3825 licere
1151 3765 1203 3826 tibi
1239 3784 1416 3844 quemquem
1446 3766 1625 3837 interficere,
1660 3785 1711 3827 ne·

415 3868 484 3928 dum
513 3867 701 3935 hereticum,
738 3886 826 3946 quem
856 3868 892 3929 ab
922 3870 985 3947 ipso
1013 3869 1143 3946 primurn
1171 3868 1302 3934 Christo,
1334 3868 1439 3928 deinde
1468 3888 1483 3928 a
1514 3866 1738 3947 nautaque.
1783 3901 1788 3910 ·

385 3988 473 4048 „que
505 3971 601 4030 iussus
629 3988 675 4038 ee,
707 3971 731 4029 si
755 3971 882 4029 monitus
910 3988 968 4029 nan
999 3971 1166 4045 resipiscat,
1197 3969 1307 4030 hebere
1339 3976 1476 4048 tunquam
1506 3970 1656 4030 ethnicum
1684 3977 1713 4030 et

414 4071 620 4151 publicanum,
657 4090 690 4131 nc
724 4072 869 4140 devitare;
908 4089 1005 4148 neque
1038 4073 1106 4130 item
1141 4071 1308 4133 conducere
1343 4072 1395 4131 tibi
1429 4073 1641 4140 existimamus,
1681 4077 1712 4131 ut.

414 4175 456 4234 sic
478 4175 618 4233 atrociter
647 4174 677 4231 in
707 4173 760 4231 iias
789 4173 941 4241 consutae,
973 4191 1009 4231 ue
1039 4171 1192 4232 canidiusta
1224 4173 1357 4232 universa
1387 4172 1433 4232 itta
1463 4181 1511 4233 tua
1542 4174 1628 4233 Curia
1658 4171 1711 4251 (est

414 4276 493 4335 euim
517 4292 552 4334 ex
575 4267 727 4335 Heraios
750 4282 778 4334 et
801 4272 992 4351 nequioribus
1015 4273 1112 4333 niiiruc
1138 4272 1240 4353 multo)
1271 4281 1303 4333 tu
1334 4289 1453 4353 qnoque
1481 4274 1510 4333 in
1539 4274 1633 4335 vicina
1655 4273 1709 4334 tibi

480 4511 502 4544 ¹⁸
519 4508 662 4578 origenis]
679 4511 714 4561 ad
726 4511 777 4561 l.c.
848 4511 932 4562 Betim
950 4527 1040 4576 expos.
1061 4513 1087 4561 in
1105 4511 1199 4561 Mottli.
1214 4527 1302 4577 eaanp.
1320 4511 1362 4561 tit.
1376 4512 1427 4563 111.
1446 4513 1482 4562 art
1498 4528 1556 4576 cap.
1576 4509 1615 4561 lo.
1633 4528 1655 4561 u.
1671 4510 1710 4562 18.

412 4596 480 4658 „⁴Et
498 4611 551 4662 ego
570 4596 631 4646 dico
650 4597 717 4660 tibi,
737 4596 801 4662 quia
821 4602 850 4645 tu
864 4611 893 4646 es
905 4597 1012 4657 Petrus,
1034 4602 1061 4646 et
1080 4612 1161 4662 snper
1179 4596 1251 4646 hane
1270 4601 1377 4661 petram
1395 4596 1541 4646 aedificabo
1560 4595 1710 4646 eeclesiam

412 4682 519 4732 meam’.
538 4681 729 4746 Metaphorice
744 4681 769 4731 ei
787 4680 889 4730 dieitur
907 4680 1002 4745 ‘Super
1019 4681 1091 4730 hane
1110 4685 1236 4746 petram',
1255 4681 1283 4729 id
1303 4685 1345 4730 est
1358 4680 1530 4731 Salinatorem
1548 4695 1628 4746 quem
1647 4696 1710 4730 con-

413 4766 504 4816 fessus
523 4780 566 4828 es,
587 4765 740 4815 aedificetur
758 4765 893 4823 ecclesia,
918 4766 964 4828 qui
983 4764 1059 4815 fideli
1084 4765 1236 4816 confessori
1260 4766 1303 4815 sui
1327 4765 1444 4815 nominis
1462 4764 1639 4830 perticipium
1663 4765 1708 4815 do·

411 4852 514 4901 navit'.
539 4849 573 4899 In
585 4865 677 4913 expos.
691 4865 778 4915 euanp.
792 4866 843 4901 sec.
856 4850 950 4900 Iaaun.
963 4865 1051 4900 uersus
1065 4852 1111 4913 fin.
1125 4851 1251 4914 ipsafere
1264 4851 1402 4916 Aupusttni
1417 4850 1495 4900 uerba
1512 4867 1529 4899 a
1541 4850 1618 4900 Beda
1635 4865 1709 4914 repe·
1758 4896 1765 4910 ,

409 4937 536 4985 tuarum.
585 4932 605 4965 ¹⁹
623 4931 878 5001 hieiadttattnt.
893 4951 917 4984 e.
964 4931 986 4965 ²²
1004 4933 1047 4984 leo
1067 4934 1086 4984 s.
1102 4931 1136 4998 e]
1156 4935 1288 4985 Ezechiel
1301 4934 1438 4986 xlxso.
1486 4934 1508 4966 ²⁹
1528 4932 1649 4998 Christo]
1665 4949 1707 4985 ev.

410 5034 467 5070 tec.
480 5018 581 5070 teatin.
593 5019 716 5071 xvsti.
767 5018 859 5078 Pani]
878 5019 914 5068 ad
926 5019 981 5069 Tit.
996 5019 1045 5069 111.
1055 5017 1095 5067 10.
