4300 6059
530 706 753 744 ΟΟΠΙΜΔΒῙῩΙ
766 707 801 743 DE
814 709 927 744 evector
941 709 1050 745 turnum
1066 708 1290 746 comarrurrtonn
1304 709 1340 744 An
1353 698 1565 746 llAXlllLlAllW
1577 708 1597 744 1.
1634 679 1702 751 231

418 868 590 925 strenuiores
613 867 744 930 reddunt,
768 876 798 923 ut
821 868 1009 941 unusquisque
1030 876 1146 924 caeteros
1169 868 1329 924 fortitudine
1358 885 1486 942 superare
1514 877 1637 926 conetur.
1675 853 1778 926 [Μὶί.
1854 933 1857 945 y

418 953 505 1026 igitur
527 953 652 1009 Maiestas
680 961 770 1008 vestra
799 951 904 1026 liquido
933 970 1100 1026 cognoscere
1129 953 1218 1027 possit
1245 961 1341 1009 eontra
1364 971 1443 1027 quem
1468 954 1579 1011 bostem
1602 955 1712 1012 dimica·

419 1047 480 1094 tura
509 1038 559 1099 sit,
589 1038 644 1094 boo
670 1037 894 1093 crimmentariolo
917 1037 990 1111 stylo
1014 1039 1073 1093 rudi
1096 1048 1124 1093 ct
1145 1056 1239 1094 crasso
1262 1055 1407 1112 exponam,
1432 1039 1530 1111 quibus
1546 1040 1711 1113 magistrati-

422 1123 474 1181 bus
497 1129 586 1179 totum
609 1123 754 1196 Imperium
777 1130 805 1177 et
828 1122 888 1178 aula
911 1122 1086 1196 imperatoris
1109 1124 1256 1179 Turearum
1279 1122 1461 1196 gubernetur,
1486 1124 1580 1197 quanti
1597 1124 1652 1181 siat
1667 1143 1711 1181 or·

396 1209 523 1266 ³diuarii-
542 1208 646 1263 reditus
670 1207 790 1281 imperii,
819 1225 880 1280 quae
908 1209 963 1262 sint
993 1225 1095 1280 genera
1122 1208 1237 1263 militum
1265 1218 1293 1263 et
1322 1225 1451 1265 nutrierus
1473 1226 1583 1271 eorum,
1614 1212 1710 1267 modus

419 1294 467 1368 oui
490 1294 526 1349 sit
548 1293 724 1349 construendi
747 1294 910 1352 exercitum,
934 1310 994 1348 cum
1017 1293 1168 1366 imperator
1190 1294 1248 1366 ipse
1272 1293 1344 1348 bollo
1373 1294 1495 1349 interest.
1561 1297 1582 1348 A
1610 1295 1778 1369 guber-§.¹2-

412 1368 532 1435 'natione
555 1377 663 1451 imperii
686 1377 826 1433 exordium
848 1394 960 1433 sumam.
999 1377 1105 1433 Sorrirna
1129 1378 1213 1450 igitur
1237 1379 1320 1433 totius
1343 1378 1450 1452 huperii
1467 1380 1514 1433 tri·
1530 1388 1536 1453 Ι
1552 1374 1713 1452 {fffflfflgffl

420 1463 471 1519 bus
493 1461 701 1536 magistratibus
724 1462 905 1534 gulmrnatur,
930 1480 1045 1536 quorum
1068 1481 1189 1518 summus
1212 1464 1494 1530 omousianorum
1518 1465 1564 1536 qui
1588 1465 1710 1539 ipsorum

419 1548 513 1621 lingua
535 1547 689 1621 appellatur
712 1546 908 1603 Vesierhascia:
933 1547 959 1602 hi
982 1556 1047 1603 sunt
1068 1548 1206 1622 principes
1228 1548 1388 1607 ‹scansiliarih
1413 1549 1459 1620 qui
1483 1557 1579 1622 (perator
1602 1550 1628 1604 in
1645 1551 1711 1606 heh-

390 1633 536 1689 ¹⁰domada
558 1633 654 1689 sedent
677 1649 727 1705 pro
752 1630 894 1694 tribunali,
928 1632 955 1687 in
984 1632 1044 1688 loeo
1074 1633 1120 1706 qui
1148 1632 1247 1688 dicitur
1274 1633 1379 1694 ttiwan,
1407 1642 1439 1687 ut
1466 1634 1576 1689 audiant
1603 1634 1710 1708 legatos

421 1698 560 1774 sationdm
583 1724 610 1773 et
633 1716 772 1772 homiuum
795 1716 1026 1790 supplicationes,
1050 1735 1118 1790 qiias
1140 1718 1299 1790 Imperatori
1317 1719 1454 1774 referunt.
1485 1719 1512 1773 hi
1534 1736 1645 1792 quoque
1666 1722 1708 1777 iu·

420 1803 511 1859 dicant
532 1819 644 1858 caussas
666 1818 780 1874 quarum
802 1803 891 1874 gratia
913 1810 1089 1875 provocatum
1112 1810 1154 1856 est
1176 1803 1208 1858 ad
1231 1803 1432 1877 Imperatorem.
1459 1813 1491 1858 et
1506 1821 1566 1860 cum
1584 1806 1644 1878 quis
1660 1806 1708 1861 ho·

421 1905 480 1944 rum
502 1887 644 1960 depositus
672 1894 719 1942 aut
745 1886 890 1942 defunctus
919 1886 1015 1949 suerit,
1044 1886 1115 1943 alter
1141 1887 1230 1942 denuo
1259 1888 1451 1950 substituitur,
1481 1897 1511 1944 ut
1539 1890 1575 1943 sit
1601 1907 1709 1965 semper

421 1972 598 2047 magistratus
620 1969 854 2038 Quatuorviratus.
898 1972 964 2026 Post
987 1990 1066 2045 quun
1090 1972 1216 2044 serpiitur
1238 1973 1413 2045 magistratus
1436 1973 1637 2036 lluunniratus,
1662 1975 1777 2049 quiem.

387 2057 522 2113 ¹⁵dicitur
542 2055 737 2129 Beglerheghi,
760 2056 898 2130 principes
920 2057 1076 2130 praesidum.
1115 2057 1142 2111 bi
1169 2066 1293 2131 praesunt
1316 2057 1478 2130 presidibus
1501 2059 1709 2130 provinciarimi.

420 2151 448 2198 et
470 2149 502 2198 ut
524 2141 568 2198 hic
590 2141 767 2213 magistratus
790 2141 887 2202 irrelius
910 2140 1094 2213 intelligatur.
1117 2141 1214 2197 divisio
1238 2143 1322 2198 totius
1338 2143 1445 2216 imperii
1460 2141 1512 2198 lioc
1526 2148 1535 2218 Ι
1549 2137 1711 2223 {fflfflffgf‘ffl

420 2227 447 2282 iu
470 2226 533 2284 leco
555 2226 719 2282 recensenda
742 2234 792 2281 est.
831 2227 920 2282 omnia
949 2228 1040 2299 itaquo
1068 2228 1214 2282 Turcarum
1245 2244 1328 2299 regna
1358 2227 1385 2282 iu
1413 2227 1480 2283 eluas
1508 2236 1600 2300 partes
1627 2231 1710 2286 divisa

419 2320 498 2368 suut:
522 2310 680 2371 orientalis,
703 2328 762 2383 qum
786 2320 958 2384 nuncupatur
972 2311 1094 2374 Natalia,
1123 2319 1150 2366 et
1178 2312 1367 2373 occidentalis,
1396 2329 1456 2384 quae
1483 2312 1582 2368 diodor
1603 2320 1613 2390 Ι
1633 2330 1711 2366 saue..

419 2396 560 2453 Romania.
596 2395 702 2452 Natalia
726 2395 777 2450 sita
801 2404 842 2451 est
864 2396 937 2452 ultra
960 2396 1179 2469 Hellespontum.
1212 2415 1272 2470 quiae
1301 2397 1423 2452 cerritinet
1452 2398 1478 2452 iu
1507 2414 1537 2453 sc
1560 2397 1712 2470 provincias

385 2481 494 2538 wintra
517 2481 647 2555 scriptas:
677 2480 841 2553 Bithyniam,
866 2481 970 2542 Asiam,
994 2480 1199 2555 Cappadociam.
1229 2482 1440 2555 Paphlagoniam
1458 2490 1497 2545 ,et
1524 2481 1641 2541 Cariam,
1672 2482 1713 2536 ln·

418 2565 494 2622 sulas
517 2583 581 2621 vero
605 2563 767 2639 principales
796 2575 927 2638 quatuor,
958 2565 1091 2640 Aeoliam,
1120 2565 1234 2627 ioniam,
1265 2567 1379 2622 heduam
1409 2575 1436 2621 ct
1464 2566 1619 2639 sermenem,
1651 2583 1712 2639 qaia,

419 2651 512 2708 omnia
532 2659 631 2707 nostro
654 2648 747 2705 seculo
771 2651 917 2707 'ferrearum
941 2651 1056 2705 mironio
1079 2659 1242 2705 eoinnmtara
1266 2659 1330 2706 sarrit
1352 2660 1379 2705 et
1402 2651 1434 2705 ad
1465 2669 1560 2706 eorum
1590 2651 1710 2724 linguam

419 2735 632 2792 accommodata.
668 2735 695 2791 ln
720 2735 777 2807 ipsa
794 2736 902 2808 quidem
916 2735 1020 2790 Natolia
1044 2736 1175 2789 istasunt
1196 2735 1349 2808 linguarum
1366 2753 1479 2806 gerrera,
1508 2736 1614 2797 lirneea,
1638 2737 1780 2798 halahis.

419 2821 560 2895 Scythica,
582 2820 737 2880 Armorica,
761 2821 961 2893 Aggiaminioa,
985 2820 1137 2882 lloroasica,
1160 2820 1274 2883 Zissiea,
1299 2822 1443 2893 Eguasira,
1460 2819 1632 2892 lleuglorica,
1649 2822 1712 2876 Wa-

383 2905 524 2963 ttlacbica
545 2914 574 2960 et
595 2905 728 2962 Rutbeua.
773 2906 876 2961 Tenent
898 2907 989 2978 itaquo
1013 2913 1098 2960 totam
1120 2903 1253 2961 Natoliam
1276 2905 1375 2960 xxxvl
1404 2904 1533 2978 presides
1564 2905 1711 2965 resideres.

420 2991 467 3065 qui
492 2993 639 3046 'l'urcarum
662 2988 756 3061 lingua
778 2991 906 3046 dicuntur
929 2989 1115 3062 Sangiarc'bae:
1147 2989 1180 3045 iis
1208 2989 1279 3046 enim
1295 2990 1446 3064 imperator
1468 2989 1642 3045 autoritatem
1665 2990 1715 3045 tri-·

420 3075 482 3132 buit
503 3074 627 3147 erigendi
649 3073 745 3129 vexilla
768 3075 795 3130 iu
819 3075 938 3149 propriis
960 3075 1124 3148 provinciis,
1150 3074 1252 3148 ¹cpulms
1280 3082 1411 3149 praesunt.
1455 3074 1575 3141 Quorum
1604 3075 1712 3147 quislem

420 3160 569 3234 praesidum
590 3158 746 3215 residentiae
768 3159 828 3216 loca
851 3160 971 3237 propriis
994 3158 1150 3214 nourinihus
1172 3160 1204 3215 ad
1227 3162 1355 3216 maiorem
1380 3160 1418 3215 rei
1441 3158 1648 3230 intelligentiam
1665 3177 1715 3215 no·

420 3245 597 3305 minabimus.
622 3243 746 3299 videlicet
768 3245 888 3307 Amasia,
918 3245 1101 3318 Trapezonta,
1129 3246 1233 3318 Cepha,
1261 3245 1448 3307 Chestemoni,
1477 3244 1560 3299 llursa
1589 3244 1712 3300 homussi

384 3329 466 3387 sorel
489 3329 592 3404 Spteli,
616 3329 748 3391 Sarolran,
778 3329 922 3391 Raranian,
953 3329 1139 3390 Usunkassan,
1163 3331 1264 3403 Apdiu,
1288 3326 1404 3390 hiemes,
1432 3329 1564 3401 Longum,
1589 3329 1713 3390 llermen,

418 3415 538 3491 Euguri,
560 3412 733 3475 Roliassiria,
757 3413 889 3489 Engberi,
912 3415 976 3478 lais,
1001 3414 1213 3476 illiarasarcben,
1238 3413 1471 3474 Gbemmussolni,
1494 3414 1602 3475 ilhesse,
1626 3414 1712 3476 blitili,

419 3499 548 3562 Emittili,
572 3498 695 3572 Syscbup
718 3507 769 3554 etc.
835 3500 963 3555 Romania
986 3517 1049 3556 vero
1071 3500 1195 3555 continet
1217 3499 1369 3573 provincias
1393 3500 1473 3555 istas:
1502 3516 1564 3571 par·
1586 3496 1593 3565 1
1617 3509 1782 3558 Romuleam.

419 3595 475 3642 tem
495 3585 597 3646 llaciae,
621 3584 776 3646 Thraciam,
800 3585 971 3647 Dardaniam,
995 3585 1133 3646 Achaiam,
1156 3583 1389 3658 Peloponnesum,
1418 3584 1607 3646 Acarnaniam,
1630 3582 1715 3638 blace-

418 3670 543 3732 doniam,
566 3668 692 3742 Epirum,
716 3669 835 3725 hassiam
858 3668 996 3742 otRlyriae
1019 3660 1133 3743 partem.
1170 3679 1198 3725 et
1220 3670 1285 3744 ipsae
1308 3668 1454 3744 provinciae
1476 3663 1635 3741 gubernatae
1650 3674 1715 3722 suut

386 3763 472 3829 asper
494 3754 563 3810 lidos
585 3751 728 3808 vexillares
756 3754 796 3809 vel
820 3754 1000 3826 Sangiarchos
1028 3754 1103 3811 XXV.
1133 3773 1249 3827 qiiomm
1277 3755 1336 3811 loca
1367 3754 1522 3810 residentia
1552 3761 1616 3813 sarit
1648 3752 1714 3807 ista:

419 3839 512 3901 lliliae.
536 3830 716 3912 Nicapogliae,
738 3839 865 3913 Rdyngb‚
888 3837 1029 3912 Callipoli,
1052 3840 1147 3900 Seres,
1171 3840 1320 3914 Salonych,
1345 3839 1535 3912 Negroponte,
1552 3839 1651 3898 llorea,
1667 3839 1716 3891 Ar-

420 3932 585 3997 guocastro,
610 3923 728 3982 lamaue.
751 3924 880 3985 Presror.
903 3924 1002 3984 (lheid.
1032 3924 1211 3987 Vocetorum,
1241 3926 1383 3986 Costadin,
1413 3926 1576 3984 (hernomen,
1605 3922 1715 3994 Azigan,

420 4009 532 4070 Scauri,
561 4007 737 4069 Smederova,
766 4008 952 4071 Rosnavorbo,
981 4009 1105 4082 Ziinuya,
1136 4009 1289 4073 liruzenze,
1318 4008 1433 4066 Sionicb
1462 4009 1531 4064 circa
1560 4007 1715 4062 Taurinum.

422 4095 573 4150 Turcarum
597 4092 688 4164 itaque
711 4110 794 4165 regua
818 4095 845 4148 in
869 4093 919 4149 cxl
944 4094 1097 4167 provincias
1120 4093 1336 4155 distribuuntur.
1359 4102 1387 4148 et
1409 4094 1436 4148 iu
1453 4091 1573 4166 qualibet
1588 4100 1651 4147 sunt
1668 4091 1716 4146 iui-

388 4179 500 4241 tolites,
524 4177 624 4252 quibua
646 4177 706 4250 agri
728 4179 859 4250 assignati
882 4190 961 4240 sunt,
984 4179 1057 4234 unde
1079 4179 1185 4242 vivrint,
1209 4180 1255 4253 qui
1279 4179 1378 4235 'limari
1401 4177 1493 4252 appel·
1544 4170 1715 4248 lffiff‘lffl‘

420 4263 527 4327 latur,
549 4262 704 4335 dequibus
727 4273 824 4336 postea
846 4265 1012 4320 irreptionem
1035 4263 1173 4321 iaciemus.
1218 4264 1385 4337 lleglerbegb
1408 4280 1475 4336 ergo
1498 4262 1554 4318 sive
1577 4262 1714 4336 principes
1724 4277 1743 4326 s.
1753 4277 1787 4325 rt,

421 4349 566 4422 praesidum
591 4346 706 4420 quilibet
729 4347 756 4403 in
778 4366 827 4405 sua
850 4357 928 4421 parte
950 4348 1010 4404 sine
1033 4350 1195 4423 praesidibus
1219 4351 1348 4423 imperat,
1378 4348 1502 4403 videlicet
1525 4364 1595 4402 unsis
1618 4349 1645 4402 in
1667 4347 1718 4401 Nn·

421 4433 502 4496 tolia,
525 4432 595 4488 alter
620 4432 647 4486 in
670 4432 813 4496 Romania,
841 4441 870 4489 et
898 4433 921 4490 si
951 4451 1011 4507 quae
1038 4435 1181 4491 discordiae
1214 4435 1284 4489 inter
1306 4433 1407 4488 milites
1430 4440 1497 4490 ortae
1521 4433 1636 4492 luerint,
1665 4430 1716 4504 ipsi

420 4519 592 4580 discernunt,
629 4533 747 4590 quorum
777 4519 849 4574 iussa
880 4520 1011 4592 praesides
1039 4519 1115 4575 nullo
1144 4528 1224 4594 pacto
1260 4526 1408 4574 retractare
1437 4526 1561 4590 possunt.
1599 4516 1718 4589 ethuia

388 4602 544 4663 rsomuium
566 4603 771 4675 possessionum
794 4602 951 4659 militarium
974 4603 1086 4659 collatio
1109 4605 1140 4661 ad
1170 4603 1257 4659 solum
1280 4604 1472 4677 imperatorem
1495 4602 1627 4676 pertinet,
1657 4601 1729 4675 qui·-

421 4688 489 4744 libet
510 4686 690 4749 nihilomiuus
710 4687 879 4762 Reglerbegb
900 4689 929 4744 in
951 4689 1009 4744 suis
1031 4690 1178 4763 proviaciis
1200 4690 1326 4745 conlerre
1348 4695 1440 4762 potest
1462 4688 1505 4743 cui
1529 4686 1586 4742 vult
1608 4704 1716 4760 posses·

419 4775 526 4831 sionem
547 4772 582 4829 ad
602 4789 735 4830 summam
757 4774 877 4848 asprium
901 4773 1022 4847 quinque
1045 4773 1134 4837 mille,
1164 4776 1216 4832 boc
1244 4785 1286 4830 est
1314 4775 1473 4830 ducatorum
1503 4781 1621 4845 centum,
1665 4772 1716 4828 l’er

469 4936 644 5021 ”Drepana
696 4953 717 4988 ¹¹
730 4960 879 5020 quemnam
933 4953 953 4986 ¹⁸
970 4954 1128 5006 orientalia
1142 4964 1167 5005 et
1186 4955 1425 5008 Occidentalialt.
1478 4954 1500 4988 ’ὅ
1518 4954 1715 5005 Sandsebekae.

422 5038 713 5106 ”bilin-lmentaelt.
746 5038 770 5072 ⁸⁵
786 5056 837 5107 per
853 5040 1015 5107 pertaeso.
1087 5047 1089 5049 ’
