4300 6059
701 1636 936 1713 ¹VLRICHI
967 1639 1038 1715 DE
1065 1640 1283 1718 HVTTEN

827 1776 977 1839 EQVI'I'IS
1000 1777 1167 1842 GERMANI

659 1876 697 1938 IN
735 1878 923 1941 vtulfflrvu
960 1877 1340 1942 Wluruurssucuusuu

857 1997 994 2049 ORATIO
1013 1999 1136 2049 PRIMA.

328 2179 342 2218 ι
438 2164 468 2226 Si
490 2167 554 2245 quis
576 2176 720 2246 unquam,
749 2167 845 2228 ecsar
875 2167 1086 2239 Maximilianc,
1112 2187 1222 2249 vosque
1249 2172 1398 2250 principes
1424 2190 1459 2232 ac
1487 2173 1540 2233 uiri
1569 2175 1641 2234 Ger·
1653 2179 1725 2233 tt..

349 2269 445 2338 mani,
467 2270 496 2328 iu
517 2287 550 2329 re
573 2267 696 2347 simplici
719 2278 748 2330 et
770 2268 857 2348 plana
880 2287 1057 2350 omnemque
1080 2270 1164 2333 facila
1182 2274 1296 2351 copiam
1314 2272 1554 2335 subministrante
1575 2276 1643 2354 quid

350 2369 461 2429 diceret
488 2369 644 2440 dubitavit,
675 2371 702 2433 id
727 2372 798 2432 milri
825 2374 967 2450 imprimis
997 2373 1114 2434 accidit:
1142 2390 1201 2433 nou
1237 2376 1385 2453 quianon
1415 2395 1482 2437 eum
1509 2395 1593 2438 rcum
1615 2380 1643 2438 in

349 2471 489 2532 iudicium
510 2454 668 2544 adducam,
689 2474 726 2534 de
749 2476 832 2535 cuius
855 2475 973 2536 nelariis
995 2474 1177 2536 facinoribus
1198 2477 1307 2536 certius
1328 2478 1365 2537 sit
1387 2495 1474 2556 quam
1492 2486 1524 2539 ut
1544 2479 1643 2540 timide

350 2575 416 2653 quis
437 2581 568 2643 accuset,
591 2582 641 2636 aut
663 2594 710 2638 me
732 2575 836 2656 aliquis
858 2577 953 2656 pudor
975 2585 1157 2646 remoratum
1178 2596 1296 2639 omnem
1319 2581 1396 2640 euim
1417 2587 1485 2640 aute
1501 2599 1642 2642 verecun-
1672 2586 1676 2594 '

317 2676 429 2736 rodiam
449 2675 534 2737 dolor
557 2679 699 2748 excussit,
721 2680 784 2757 ipse
808 2697 856 2739 me
879 2680 1056 2740 conscicntia
1078 2680 1206 2740 firmavi:
1230 2680 1281 2740 scd
1304 2682 1371 2759 quia
1386 2682 1547 2742 timendum
1564 2683 1698 2744 vide-tt.

349 2777 452 2848 batur,
476 2796 542 2856 quas
561 2796 611 2840 ros
633 2782 763 2841 omnium
783 2781 890 2843 iudicio
912 2783 1092 2859 permaxima
1114 2787 1267 2851 censetur,
1294 2783 1402 2862 nequid
1429 2784 1466 2843 de
1495 2785 1641 2845 culstima·

347 2882 429 2941 tione
451 2899 503 2941 sua
525 2881 680 2960 perderet,
712 2884 737 2943 si
764 2885 827 2945 eius
848 2883 1041 2962 magnitudini
1070 2891 1169 2944 nostra
1193 2885 1290 2944 miuus
1316 2885 1510 2962 responderet
1531 2890 1640 2956 oratio:
1724 2867 1733 2891 ’

348 2981 574 3062 cogitabamque
595 3003 711 3046 mecum
739 2987 802 3070 ipsc
830 2987 931 3065 quanti
957 2986 1054 3063 operis
1074 2987 1112 3046 sit
1138 3003 1238 3047 rerum
1262 2985 1393 3064 pondera
1416 2986 1574 3049 verborum
1598 2991 1641 3049 in·

348 3085 457 3145 onitate
485 3103 617 3165 aequare;
640 3106 695 3150 nec
712 3087 889 3165 ignorabam
913 3088 976 3149 deri
998 3105 1101 3166 posse,
1131 3093 1164 3148 ut
1191 3088 1214 3147 si
1236 3093 1340 3147 vestrae
1366 3090 1560 3166 cxpectationi
1583 3109 1642 3151 uon

317 3187 549 3249 issatislacerem
576 3205 630 3266 ego
659 3189 798 3260 dicendo,
827 3190 889 3269 ipsa
917 3187 1009 3250 leuior
1037 3189 1344 3268 contemptibiliorque
1373 3208 1461 3251 causa
1486 3191 1585 3261 fleret,
1608 3211 1643 3253 ac

348 3297 463 3350 tantum
484 3308 532 3350 res
553 3291 615 3369 ipsa
628 3290 790 3354 'vilesceret
810 3298 950 3371 quantum
968 3308 1033 3351 mea
1049 3290 1198 3352 laboraret
1217 3290 1346 3351 facultas.
1380 3291 1558 3355 Praesentins
1574 3293 1654 3361 boc,

347 3391 424 3451 siin
446 3393 613 3471 apparando
635 3395 766 3455 oratioue
790 3412 894 3473 parum
916 3411 1014 3472 opera
1036 3393 1273 3472 insumpsissem,
1293 3392 1446 3455 ridebatur
1467 3395 1663 3472 periculum,

347 3493 428 3554 uude
447 3495 472 3553 si
492 3512 540 3555 me
557 3496 701 3556 extricare
720 3494 838 3565 vellem,
862 3494 933 3556 illud
949 3494 1100 3565 obstabat,
1123 3495 1388 3575 quod'existimare
1406 3495 1510 3574 aliquis
1527 3505 1644 3574 poterat

347 3612 408 3654 nou
431 3596 473 3655 sic
495 3595 665 3657 damnatum
688 3599 791 3667 istum,
814 3599 868 3659 nisi
892 3614 947 3675 ego
970 3599 1011 3658 sic
1036 3596 1190 3666 dixissem,
1213 3603 1389 3676 auctumque
1409 3598 1436 3657 ei
1457 3579 1641 3659 accusatione

315 3696 514 3775 opericulum
536 3704 566 3758 et
590 3701 740 3778 quaesitam
766 3700 863 3761 studio
883 3718 918 3760 ac
941 3707 1003 3761 arte
1025 3699 1227 3760 calamitatem.
1266 3698 1379 3769 Quibus
1400 3719 1448 3760 mc
1473 3700 1561 3777 igitur
1583 3705 1695 3760 ter-sa.

919 3802 1071 3822 ..,-....

348 3871 363 3919 l
375 3886 410 3911 =
421 3867 480 3918 hul.
495 3868 622 3934 bibliogr.
636 3885 663 3918 n.
677 3870 794 3921 XXIIII.
811 3869 833 3920 l.
847 3871 877 3935 g).
913 3873 975 3919 2:
987 3868 1120 3934 (Miinch.)
1133 3869 1194 3919 Ind.
1206 3869 1271 3920 bibl.
1284 3870 1468 3920 nummo.
1507 3870 1640 3922 u=IIut·

347 3953 407 4002 teni
426 3968 523 4003 manus
541 3970 574 4003 ex
592 3953 779 4020 descriptione
797 3954 979 4016 machiones,
1000 3955 1033 4004 de
1052 3968 1106 4019 qua
1124 3953 1226 4003 dictum
1246 3960 1287 4004 est
1305 3955 1363 4004 Iud.
1378 3954 1444 4004 bibl.
1459 3953 1640 4005 n.xx[111.5.
1704 4001 1712 4017 ,

347 4036 429 4086 Hanc
447 4037 593 4089 Miiucbius
612 4039 669 4089 iere
688 4038 787 4103 ubique
806 4039 836 4088 in
854 4025 958 4088 textum
977 4039 1096 4104 recapit,
1116 4052 1171 4087 ιιοιι
1184 4039 1311 4104 cogitans
1324 4039 1476 4089 orationem
1488 4045 1518 4088 ut
1530 4039 1640 4104 publice

350 4157 353 4161 «
386 4121 537 4174 baberetur
559 4124 689 4190 scriptam
708 4123 756 4173 sed
775 4138 828 4174 non
847 4122 970 4173 hsbitsm
989 4127 1051 4189 post
1068 4122 1161 4188 plnres
1179 4112 1290 4172 demun!
1305 4139 1390 4174 sanos
1409 4123 1511 4173 editam
1531 4138 1600 4173 csse.

416 4258 956 4326 ⁴Il1enss1ulioscriptsfuithaec‘in
976 4261 1126 4310 occisorem
1145 4261 1305 4322 accusatio',
1330 4266 1406 4310 utet
1431 4260 1594 4326 ‘deploratio
1612 4261 1642 4309 ἰιι

346 4345 470 4394 occisum
488 4345 639 4396 Huttanum
658 4360 739 4396 versu
756 4345 868 4394 heroico
888 4341 951 4408 [vol.
964 4340 1030 4409 111.J
1046 4350 1073 4393 et
1093 4343 1211 4408 epIstols
1224 4344 1258 4393 sd
1271 4344 1458 4396 Ludovicbum
1472 4361 1564 4395 senem
1579 4360 1641 4394 con·

344 4429 490 4479 solatoris'
510 4425 649 4496 [v01.1.n.
664 4430 777 4481 xxvlt.
790 4447 815 4495 p.
828 4428 934 4480 eumad
949 4429 975 4478 d.
987 4426 1029 4476 29.
1043 4429 1101 4477 Ιιιιι.
1116 4443 1142 4477 ιι.
1158 4426 1251 4493 ialal,
1271 4434 1300 4477 ut
1319 4446 1361 4495 sp.
1377 4430 1410 4479 od
1424 4430 1589 4480 Michaelam
1607 4428 1641 4478 ds

345 4513 501 4577 Sensbeym
518 4514 543 4564 d.
559 4515 582 4565 l.
594 4516 664 4581 Aug.
678 4532 702 4568 a.
719 4513 791 4565 1515.
807 4513 873 4564 dats
891 4513 1020 4564 ostendit.
1039 4512 1104 4561 vide
1122 4512 1177 4562 vol.
1191 4513 1210 4561 1.
1224 4529 1250 4577 p.
1264 4512 1306 4563 53.
1320 4516 1343 4575 ξ.
1357 4516 1381 4564 ⁶2.
1412 4515 1469 4563 lam
1488 4515 1513 4563 d.
1526 4513 1568 4563 96.
1580 4512 1640 4563 Ιιιιι.

346 4614 371 4649 ι
383 4597 457 4648 lbll.
477 4597 699 4650 Pirckheimsrus
711 4599 834 4649 Hntteno
852 4599 1017 4664 scripserat:
1036 4596 1162 4659 „Scribis
1180 4601 1208 4646 ts
1226 4612 1280 4646 non
1299 4603 1377 4667 extrq
1396 4599 1546 4663 pericnlum
1565 4613 1640 4648 esse:

345 4689 375 4733 st
394 4687 472 4733 reete
490 4682 611 4747 quidem:
629 4684 707 4734 novit
726 4685 799 4734 enim
816 4684 864 4735 ille
885 4680 952 4751 [due
972 4679 1086 4750 Istriana]
1111 4688 1139 4732 ts
1158 4682 1297 4732 orationes
1316 4683 1514 4732 acerbissimos
1532 4684 1560 4732 in
1580 4697 1640 4732 eum

345 4766 572 4833 conscripsisset
591 4766 656 4832 (rol.
669 4767 691 4822 1.
704 4779 730 4834 p:
745 4765 802 4819 137.
815 4769 839 4830 5.
852 4767 889 4831 7.)
908 4767 992 4833 quod,
1016 4773 1048 4818 ut
1066 4768 1125 4817 fere
1144 4769 1232 4833 ipsum
1249 4765 1426 4818 homicidium
1444 4770 1530 4831 negat
1546 4765 1640 4816 Ascle·

344 4854 409 4919 pins
427 4852 567 4913 qubstus
585 4853 614 4902 in
632 4868 666 4903 cs
685 4853 821 4915 oratione,
846 4853 924 4902 cuius
947 4858 1053 4917 psrtem
1076 4850 1130 4901 hnc
1150 4853 1299 4902 facientem
1317 4848 1441 4901 dedimds
1459 4850 1512 4901 vol.
1525 4852 1547 4901 1.
1567 4865 1640 4900 num.

344 4934 502 4986 cxxxlu.
519 4952 546 5001 p.
558 4935 618 4986 att.
631 4952 689 5002 sqq.
770 4936 780 4969 ⁵
798 4936 987 4987 blaximilione
1006 4937 1097 4987 deiecit
1115 4943 1144 4986 11.
1225 4934 1279 4968 ’Μ’
1297 4936 1481 4987 aestimatione
1500 4936 1596 4986 emend.
1609 4940 1639 4984 11.

344 5021 365 5053 ”
385 5021 413 5071 ei
431 5021 529 5075 emend.
541 5025 570 5072 11.
589 5020 633 5070 illi
645 5024 669 5071 1.

1376 5105 1417 5164 11
