4300 6059
555 715 676 750 levarem
696 704 727 750 Illv
745 716 836 750 DVCEll
856 715 1135 751 waltruurrtttddttstatt
1154 717 1257 751 ennato
1275 718 1333 751 1111.
1353 718 1381 754 tt,
1395 717 1458 754 AVG.
1473 716 1499 751 Δ.
1515 714 1572 757 leli.
1667 691 1713 789 69

945 828 952 850 t

381 918 385 925 ,
419 869 654 947 gubernatione,
686 871 768 948 quasi
790 887 824 930 ex
847 873 983 932 auctione
1006 876 1056 932 aut
1082 870 1137 930 sub
1161 857 1386 933 lrasta'emisses
1405 871 1501 944 illam,
1530 876 1628 935 omnia
1659 894 1714 935 vcc-
1770 859 1774 867 ’

420 971 501 1033 nalia
530 971 672 1040 habuisti,
705 990 806 1033 rerum
833 972 1000 1050 capitalium
1029 974 1222 1050 questiones,
1251 973 1351 1042 exilia,
1385 977 1630 1054 proscriptiones,
1663 995 1714 1038 ne·

421 1092 489 1142 ees,
519 1073 738 1152 deportationes
766 1091 825 1134 uon
853 1075 1016 1136 secundum
1045 1073 1125 1151 leges
1153 1075 1204 1136 sed
1235 1076 1273 1136 ad
1301 1083 1383 1135 tumn
1410 1075 1525 1137 libitum
1547 1080 1713 1149 exercuisti,

421 1175 539 1235 illicitas
562 1193 629 1236 cum
652 1179 711 1235 reis
733 1177 886 1254 pactiones
907 1177 1018 1246 iecisti,
1049 1176 1200 1237 redemisti
1222 1178 1342 1247 iniuste,
1371 1176 1513 1240 damnasti
1542 1178 1712 1252 crudeliter,

390 1290 402 1326 ὁ
423 1276 574 1339 absolvisti
597 1276 847 1347 libidinosissime;
871 1285 937 1339 tuos
959 1277 1150 1356 depeculatus
1172 1297 1219 1346 cs,
1248 1276 1359 1340 alienos
1382 1280 1542 1358 diripuisti;
1571 1284 1713 1344 insonteis

421 1358 589 1447 occidistis
603 1380 694 1441 sacris
716 1380 843 1440 notariae
864 1398 970 1441 manus
992 1379 1147 1465 admolitus
1171 1398 1211 1441 es.
1249 1389 1337 1459 atque
1357 1380 1464 1442 borum
1490 1382 1546 1443 tibi
1575 1386 1710 1446 conscius
1720 1392 1778 1441 §.aa

420 1500 545 1560 sperare
568 1490 665 1542 umen
687 1481 778 1542 audes
800 1488 882 1542 otte
904 1483 947 1542 tui
969 1481 1011 1542 sic
1033 1481 1086 1542 abs
1109 1489 1137 1542 te
1165 1481 1258 1541 babiti
1286 1488 1380 1542 tutum
1410 1483 1513 1552 velint,
1548 1504 1645 1565 neque
1674 1505 1710 1547 cx

421 1601 458 1644 eo
480 1582 534 1645 tibi
556 1589 652 1643 metus
674 1590 718 1644 est
740 1583 817 1662 quod
841 1590 870 1645 te
892 1584 1005 1652 odium,
1029 1583 1218 1644 acerbitatem
1235 1573 1275 1643 ⁴ac
1298 1603 1453 1646 commune
1468 1585 1564 1647 scelus
1578 1605 1637 1646 non
1651 1589 1711 1649 iam

421 1687 604 1754 existimant,
624 1684 680 1746 sed
702 1684 799 1764 palam
821 1685 1020 1764 proclamant:
1050 1702 1086 1745 an
1115 1683 1236 1744 alicuius
1266 1684 1425 1746 obscurum
1454 1687 1491 1748 dc
1520 1696 1547 1749 te
1571 1689 1710 1753 iudicium

389 1795 483 1854 uest.
508 1805 576 1848 cum
597 1785 715 1866 publice
737 1789 846 1866 scripta
867 1789 897 1847 in
920 1795 948 1848 te
971 1789 1101 1847 carmina
1124 1787 1187 1865 ipse
1209 1785 1331 1863 legeris,
1354 1788 1420 1865 ipse
1441 1789 1570 1850 audieris
1592 1797 1621 1850 te
1644 1809 1707 1851 car-

420 1889 539 1950 nificem
564 1889 866 1968 Wirteupergensem,
890 1907 949 1949 non
971 1907 1026 1968 per
1048 1888 1223 1948 calumniam
1245 1888 1331 1965 fingi,
1361 1891 1413 1950 sed
1444 1892 1500 1951 tuis
1522 1894 1657 1970 pessimis
1680 1895 1707 1953 in

421 2008 475 2051 nos
498 1992 609 2052 meritis
629 1997 711 2064 recte
733 1998 762 2051 et
783 1990 922 2068 graphice
945 1989 1090 2051 describi?
1114 1989 1216 2050 Vivere
1238 1991 1326 2067 igitur
1349 1992 1432 2070 cupis
1453 1994 1503 2071 qui
1521 2012 1557 2052 ox
1572 1995 1777 2073 principetur.

421 2093 553 2154 carnifex
576 2111 607 2153 es
630 2092 739 2153 lactus?
762 2102 893 2153 autnon
916 2090 960 2153 vel
983 2098 1096 2152 tanturn
1119 2092 1149 2149 in
1173 2097 1201 2151 tc
1216 2091 1339 2170 pudoris
1353 2093 1474 2164 residet,
1499 2100 1531 2153 ut
1545 2094 1624 2154 banc
1638 2114 1707 2156 con·

421 2194 587 2263 tumeliam,
611 2212 667 2272 qua
690 2195 832 2271 insignior
853 2195 963 2255 nemini
985 2177 1042 2253 boc
1063 2191 1131 2252 loco
1154 2195 1205 2270 qui
1228 2200 1306 2254 esset
1328 2197 1465 2271 contigit,
1496 2198 1598 2274 quovis
1628 2215 1707 2256 mor·

391 2312 412 2351 rs
423 2299 458 2357 tis
479 2313 592 2373 genere
613 2293 685 2356 velis
707 2296 855 2372 elingere?
879 2296 1014 2356 Proiecto
1036 2296 1094 2355 nisi
1115 2300 1147 2355 tu
1169 2297 1250 2356 rivus
1272 2304 1393 2373 propter
1415 2298 1501 2357 insita
1517 2297 1570 2356 tibi
1585 2298 1705 2368 scelera,

370 2396 373 2403 ’
420 2396 588 2476 perfidiam,
612 2396 828 2467 crudelitatem,
852 2398 982 2458 sororem
1006 2414 1039 2456 ac
1061 2386 1258 2475 pestilentiam
1280 2396 1417 2459 omnibus
1438 2399 1587 2462 formidini
1616 2419 1704 2470 esses,
1729 2440 1731 2445 .

420 2499 511 2560 credo
532 2500 679 2578 neminem
708 2500 748 2561 ita
771 2498 823 2560 tibi
845 2500 1004 2566 intensum,
1037 2499 1076 2559 ita
1101 2505 1246 2559 commoto
1268 2500 1296 2558 in
1320 2504 1349 2559 te
1371 2502 1483 2570 animo,
1518 2502 1567 2579 qui
1595 2509 1623 2561 te
1645 2520 1704 2562 non

419 2603 461 2673 sic
484 2602 582 2662 virere
604 2620 691 2680 quam
713 2609 862 2680 utcunque
884 2601 958 2660 mori
980 2599 1068 2660 malit.
1112 2596 1182 2660 llaec
1211 2599 1337 2661 obscure
1365 2582 1469 2669 sentis,
1498 2609 1548 2661 aut
1575 2607 1773 2681 uriquamtm.

404 2714 478 2764 'non
501 2703 604 2765 audis‘t
631 2710 681 2764 aut
703 2722 771 2765 cnm
792 2703 890 2785 audis,
918 2702 1014 2762 rivere
1036 2704 1138 2779 potest
1167 2700 1310 2762 Ominus
1338 2721 1409 2782 ergo
1438 2704 1561 2764 miseros
1582 2724 1633 2764 cos
1656 2706 1705 2783 qni

388 2824 453 2866 rese
475 2823 542 2868 esse
564 2798 624 2865 non
646 2807 786 2875 sentiunt,
815 2805 995 2880 teomnium
1017 2805 1230 2874 miserrimum,
1259 2805 1309 2882 qui
1337 2823 1403 2865 cum
1427 2824 1491 2879 esse
1512 2811 1541 2865 tc
1564 2808 1704 2867 miserum

420 2909 545 2977 sentias,
569 2925 628 2986 quo
649 2908 746 2970 minus
766 2908 820 2972 sis,
842 2915 891 2967 aut
914 2912 945 2966 ut
967 2905 1141 2968 miserabilis
1158 2905 1263 2966 saltem
1279 2906 1346 2974 tias,
1369 2905 1450 2966 nullo
1466 2907 1602 2977 consilio,
1625 2907 1711 2968 nulla

419 3009 597 3087 cogitatione
618 3009 734 3070 efficere
756 3014 855 3087 potes:
885 3025 1003 3086 quoquo
1031 3014 1060 3067 te
1088 3009 1177 3068 vertis
1205 3010 1298 3078 enim,
1333 3008 1432 3068 odium
1461 3009 1502 3068 tui
1530 3017 1587 3078 est,
1617 3017 1704 3088 atque
1772 3024 1782 3033 ·

417 3113 528 3172 iccirco
549 3113 644 3187 magis
665 3129 698 3172 es
718 3110 807 3169 miser
829 3109 867 3168 ob
891 3109 920 3169 id
943 3109 1021 3186 qnod
1045 3127 1081 3170 eo
1103 3128 1187 3170 cares
1210 3111 1295 3170 unico
1318 3109 1435 3178 solatio,
1460 3117 1492 3171 ut
1510 3109 1635 3189 aliquem
1651 3110 1702 3170 lra-

419 3212 490 3275 beas
512 3213 560 3273 cui
581 3219 647 3273 tuos
669 3213 817 3272 intraneos
839 3210 957 3271 dolores
980 3213 1194 3280 eonimunices,
1223 3212 1319 3289 quisi
1343 3218 1439 3272 tecum
1468 3211 1578 3282 doleat,
1608 3214 1702 3272 mitio-

384 3334 484 3377 esrem
506 3314 560 3381 tibi
573 3312 697 3386 ,dolendi
719 3313 908 3374 acerbitatem
930 3312 1035 3373 efficiat
1058 3313 1185 3373 derivata
1207 3314 1237 3372 in
1259 3330 1291 3372 se
1313 3312 1423 3373 doloris
1444 3322 1543 3390 parte,
1572 3314 1719 3393 undique

415 3403 559 3486 'alitionis
582 3414 690 3493 ubique
712 3416 813 3482 miser,
836 3420 914 3474 totus
935 3413 1044 3475 inlelix.
1083 3413 1167 3484 Quod
1190 3432 1257 3474 cum
1280 3415 1315 3474 sit
1338 3421 1366 3475 et
1388 3421 1419 3474 tu
1442 3415 1483 3473 sic
1505 3434 1569 3475 esse
1585 3419 1700 3488 sentias,
1710 3432 1770 3482 ceo.

417 3526 467 3579 tua
491 3526 588 3581 tamen
610 3518 726 3578 interim
748 3517 824 3576 mala
846 3515 1010 3577 dissimules
1031 3535 1064 3576 ac
1088 3533 1142 3595 per
1164 3516 1293 3593 speeiem
1315 3514 1472 3577 alacritatis
1500 3516 1585 3577 nobis
1612 3518 1701 3579 insul·
1760 3520 1768 3573 ἰ

419 3629 478 3692 tes,
502 3627 531 3681 et
551 3627 580 3680 te
602 3613 773 3679 adsecutum
793 3618 872 3698 quod
894 3618 1037 3686 volueris,
1065 3625 1098 3677 ut
1124 3617 1324 3678 insidiatorem
1346 3620 1444 3696 (quern
1468 3620 1561 3699 vocas)
1586 3621 1700 3680 occide-
1741 3617 1745 3625 '

417 3723 474 3790 ris,
499 3720 592 3789 dicas,
615 3719 810 3799 despiciamus
832 3720 903 3788 boc,
925 3727 1031 3779 ‚uuum
1059 3720 1178 3779 taudem
1200 3719 1304 3780 melius
1324 3720 1435 3781 babeas
1457 3739 1543 3799 quam
1567 3722 1591 3779 is
1613 3740 1700 3799 quem
1762 3779 1765 3783 ,

382 3830 449 3885 totu
471 3825 611 3884 miserum
633 3821 759 3898 reddere
779 3822 928 3889 studuisti,
958 3839 994 3880 an
1024 3839 1094 3881 sero
1122 3822 1206 3900 peius
1234 3821 1381 3900 affligaris.
1427 3824 1499 3883 Cum
1528 3841 1563 3902 er
1586 3822 1767 3890 duabusqor.

417 3925 550 4004 partibus
572 3924 662 3987 bomo
683 3931 812 3993 constet,
836 3925 933 3984 animo
957 3931 985 3983 et
1007 3941 1147 4000 corpore,
1171 3923 1344 4002 digniorque
1367 3925 1481 3984 animus
1503 3925 1554 3993 sit,
1578 3923 1655 4001 quod
1670 3925 1699 3982 in

418 4027 466 4087 illo
489 4026 540 4087 tibi
561 4025 658 4095 licuit,
683 4043 790 4105 corpus
812 4025 955 4095 afflixisti,
978 4026 1040 4102 ipse
1062 4026 1152 4087 animi
1175 4025 1312 4086 morbum
1334 4027 1517 4086 contraxisti:
1548 4023 1625 4103 quod
1649 4044 1700 4084 au·

417 4136 476 4188 tem
499 4127 632 4207 corporis
653 4125 829 4206 supplicium
851 4148 919 4189 cum
941 4128 1029 4188 animi
1051 4128 1182 4189 cruciatu
1204 4126 1416 4188 conterendum
1440 4128 1501 4187 est?
1529 4124 1569 4185 illi
1592 4123 1700 4185 doloris

417 4219 505 4290 tinem
527 4247 609 4288 mors
630 4229 717 4298 lecits
736 4230 793 4289 tuis
815 4229 952 4290 crucibus
974 4228 1071 4290 nullus
1093 4232 1198 4291 modus
1221 4238 1278 4291 est:
1303 4248 1370 4288 nam
1393 4228 1471 4306 quod
1488 4229 1517 4287 in
1532 4225 1581 4285 illo
1598 4225 1698 4296 (tulerit,

383 4332 562 4392 aseadueum
586 4329 636 4391 luit
660 4337 689 4391 et
710 4331 788 4411 quod
810 4330 846 4391 ad
867 4337 984 4407 ternpus
1012 4338 1104 4399 esset;
1134 4333 1163 4390 in
1192 4338 1219 4390 to
1247 4348 1317 4389 vero
1342 4329 1421 4407 quod
1451 4328 1555 4388 morbo
1584 4335 1700 4389 tenetur

417 4439 560 4493 aeternum
583 4437 627 4492 est
648 4438 677 4491 et
698 4431 935 4512 inextinguibile,
964 4450 1114 4522 nunquqm
1138 4433 1317 4510 periturum,
1346 4447 1496 4507 nunquam
1524 4429 1624 4490 dolere
1651 4436 1701 4491 etit

417 4535 550 4614 torqueri
577 4533 721 4594 desinens.
758 4535 803 4595 lac
832 4535 920 4612 igitur
948 4553 1011 4594 rem
1039 4533 1135 4614 nobis=
1153 4534 1310 4610 ingratam,
1348 4531 1483 4592 omnibus
1517 4532 1696 4602 invidiosam,
1707 4545 1767 4595 tce.

417 4640 512 4716 ipsum
534 4643 564 4697 te
586 4635 700 4714 iugnla,
728 4636 888 4714 suspende,
911 4637 1091 4714 praecipitem
1114 4635 1166 4704 da,
1191 4652 1248 4694 non
1271 4633 1443 4711 adsequeris
1465 4642 1562 4694 tamen
1584 4641 1616 4695 ut
1632 4652 1698 4694 cru·

417 4738 505 4799 ciatui
526 4738 592 4798 sinis
614 4738 664 4797 sit:
688 4754 759 4815 orgo
782 4736 870 4815 igitur
892 4737 998 4808 semel,
1022 4755 1077 4798 nec
1099 4737 1257 4798 admodum
1278 4735 1328 4796 diu
1350 4736 1439 4796 miser
1453 4734 1500 4796 ille
1515 4737 1583 4806 tuit,
1607 4755 1699 4816 quan·

425 4924 435 4955 ‘
483 4940 624 4991 ²venatie
636 4943 662 4990 2.
726 4938 876 4991 linsontes
894 4944 921 4990 2.
984 4939 1005 4971 ²³
1023 4940 1126 4990 ideirco
1144 4942 1169 4989 2.
1222 4940 1256 4989 ob
1275 4938 1303 4988 id
1321 4941 1399 4990 deleo.
1411 4944 1442 4988 11.
1505 4937 1527 4972 ²⁵
1544 4946 1602 5005 poet
1621 4927 1729 5006 parte,

417 5028 513 5094 aliquid
529 5027 629 5076 eddidit
642 5011 670 5075 tl.
689 5028 738 5076 ced
754 5030 838 5091 tepere
856 5028 964 5092 nequivit
982 5029 1006 5074 2.
1068 5023 1091 5055 ³¹
1108 5027 1187 5074 malim
1204 5028 1331 5090 torquere
