4300 6059
452 681 499 753 90
577 712 699 748 sverans
719 713 746 748 in
766 713 858 749 urceis
878 712 1153 750 wiurrnrsuunnseu
1171 714 1273 750 orario
1293 715 1318 750 v.
1338 701 1604 765 iv.mi1.(?)a.1ata.

451 869 533 938 lacile
555 870 683 948 patimur
705 870 837 943 interim,
868 874 901 929 nt
921 875 990 963 sunt
1011 875 1158 948 tempora,
1192 872 1224 930 in
1252 888 1306 931 nos
1334 870 1405 939 dici,
1434 870 1512 950 quod
1535 871 1604 932 belli
1627 872 1732 932 virtute

451 973 668 1035 coercuerimus
690 988 778 1049 quem
800 969 897 1049 legum
918 970 1043 1031 vinculis
1065 974 1225 1050 constringi
1247 975 1393 1051 oportuit,
1418 972 1497 1052 qnod
1512 990 1661 1034 armorum
1677 975 1731 1034 im-

450 1080 520 1152 petu
541 1080 705 1161 prostratus
717 1074 764 1133 'sit
784 1075 835 1151 qui
858 1073 1032 1134 indiciorum
1054 1071 1174 1136 fulmine
1197 1075 1282 1135 deiici
1304 1074 1419 1142 debuit:
1442 1075 1570 1153 satisque
1593 1093 1731 1152 magnum

449 1176 628 1254 adsequutos
649 1192 703 1234 nos
725 1177 880 1253 praemium
902 1175 1047 1246 arbitror,
1070 1176 1149 1254 quod
1172 1195 1187 1236 a
1210 1176 1320 1253 iugulis
1341 1179 1449 1236 nostris
1471 1175 1536 1235 illos
1550 1177 1600 1237 diu
1616 1178 1672 1238 iam
1688 1179 1732 1238 in·

450 1283 544 1340 tentos
566 1277 724 1337 reiecimus
746 1276 871 1355 gladios,
894 1276 977 1338 illum
999 1278 1028 1338 iu
1050 1277 1145 1338 bonos
1168 1278 1244 1338 viros
1266 1278 1427 1339 districtum
1457 1297 1629 1339 mucronem
1652 1285 1769 1339 retu-⁶·

449 1379 560 1448 dimus,
584 1379 662 1457 quod
685 1378 762 1440 illam
786 1378 877 1440 multo
900 1388 967 1441 ante
989 1388 1147 1458 concepto,
1177 1380 1256 1457 qnod
1283 1382 1313 1440 in
1336 1381 1501 1441 Germaniae
1523 1381 1641 1458 exitium
1664 1400 1731 1441 evo-

449 1488 557 1550 meret,
580 1499 693 1543 veneno
716 1489 857 1543 armatam
880 1488 992 1560 pestem
1015 1482 1038 1541 si
1061 1500 1122 1542 non
1144 1481 1338 1553 confecimus,
1363 1482 1467 1560 (neque
1487 1482 1563 1543 enim
1580 1496 1654 1560 opus
1669 1490 1733 1543 erat

448 1580 548 1643 semel
561 1582 707 1644 conficere
729 1601 815 1661 quem
838 1586 945 1644 misere
966 1583 1016 1643 diu
1039 1586 1137 1644 vivere
1159 1585 1249 1643 satins
1272 1587 1324 1662 est)
1340 1585 1364 1644 si
1384 1601 1445 1643 non
1468 1585 1664 1653 confecimus,
1688 1584 1731 1643 in·

450 1702 551 1762 quam,
575 1691 655 1746 certe
677 1686 905 1753 exarmavimns,
929 1687 1016 1763 vique
1039 1703 1073 1746 ac
1095 1684 1206 1745 viribus
1228 1685 1288 1744 suis
1304 1685 1447 1745 omuibus
1468 1685 1626 1755 nudatam,
1649 1704 1731 1746 man-

382 1787 514 1846 ill-cam
537 1791 566 1846 et
586 1786 752 1853 destitutam
776 1786 854 1848 loras
875 1787 1058 1866 propulimus
1081 1793 1111 1848 et
1131 1785 1367 1854 exturbavimus;
1391 1806 1456 1866 qum
1479 1787 1573 1848 donec
1594 1789 1623 1847 in
1638 1803 1766 1865 regnora

450 1888 517 1957 urit,
540 1906 600 1948 non
622 1887 706 1949 aliter
727 1889 880 1950 sollicitam
902 1889 1004 1949 babuit
1026 1889 1213 1950 Germaniam
1235 1907 1322 1968 quam
1346 1890 1375 1948 in
1398 1891 1462 1949 sinu
1484 1907 1538 1949 suo
1560 1896 1733 1950 venenatam

449 1998 630 2067 serpentem,
654 1989 837 2068 pestilentem
860 1993 1009 2069 scorpium
1030 1993 1054 2050 si
1070 1992 1135 2069 quis
1151 1999 1263 2053 teneat:
1286 1989 1334 2051 ille
1350 1992 1459 2051 eiectus
1475 1993 1635 2069 anigitur,
1660 1993 1733 2052 Ger·

450 2093 542 2161 mani,
571 2090 619 2153 ille
641 2091 752 2152 tractus
774 2099 803 2153 et
825 2100 981 2161 contusus,
1005 2095 1054 2171 qni
1076 2094 1228 2154 interitum
1249 2091 1348 2153 multis
1377 2091 1590 2162 meditabatur,
1620 2092 1732 2153 cladem
1788 2121 1792 2125 ·

450 2192 625 2263 intentabat,
654 2194 813 2271 perniciem
841 2194 1024 2263 minabatnr;
1054 2196 1105 2273 qui
1132 2213 1187 2254 nos
1213 2200 1343 2271 segetem
1372 2193 1518 2254 latrocinii
1548 2196 1593 2255 sui
1615 2195 1732 2273 quando

451 2295 567 2375 qnando
591 2303 667 2355 esset
688 2297 803 2355 occasio
826 2302 939 2357 metere
960 2295 1098 2374 parabat;
1129 2297 1212 2356 cuins
1239 2295 1287 2356 illa
1315 2295 1464 2356 horribilis
1493 2303 1522 2357 ct
1543 2295 1630 2374 plena
1652 2303 1768 2356 atro-vs

382 2401 440 2452 ttt·
452 2398 545 2457 citatis
567 2415 622 2457 vox
644 2396 749 2457 audita
765 2404 822 2466 est,
847 2416 950 2460 omnes
972 2397 1116 2459 Huttenos
1138 2400 1162 2458 si
1190 2396 1296 2458 habeat
1323 2398 1562 2466 interlecturnm;
1591 2400 1621 2458 in
1650 2398 1734 2458 cuins

450 2497 585 2559 cubiculo
608 2480 806 2559 memorabilis
829 2498 876 2560 ille
898 2501 1045 2560 rationum
1069 2501 1204 2560 inventus
1227 2506 1270 2559 est
1293 2499 1367 2560 liber
1389 2503 1440 2578 qui
1456 2500 1688 2578 proscriptorum
1705 2507 1734 2560 et

450 2619 552 2663 corum
575 2618 648 2680 qnos
670 2600 762 2661 furori
784 2600 832 2661 ille
854 2619 909 2660 suo
931 2601 1140 2668 destinaverat,
1164 2603 1282 2660 nomina
1305 2602 1490 2672 continebat,
1520 2600 1733 2662 comitum'ali·

389 2758 393 2766 .
451 2708 538 2779 quot.
567 2704 697 2780 equitum
721 2702 786 2780 plus
808 2703 1022 2771 ducentorum,
1052 2710 1158 2762 nostran
1187 2701 1303 2762 familiae
1330 2707 1379 2782 qni
1407 2722 1487 2765 arma
1510 2704 1589 2764 lerre
1611 2711 1733 2782 possent

382 2805 596 2874 §.nomnium
618 2805 736 2882 meique
757 2805 833 2865 iuter
860 2806 971 2883 primos
994 2806 1100 2882 patris;
1131 2804 1180 2865 ille
1203 2804 1375 2882 profligatus
1398 2814 1457 2874 est,
1486 2808 1620 2889 inquam,
1650 2806 1769 2890 cujusao

449 2908 543 2967 omnis
564 2908 594 2965 in
616 2907 673 2967 boc
696 2924 755 2968 uno
779 2906 931 2968 constabat
952 2907 1110 2973 industria,
1139 2914 1172 2966 ut
1199 2907 1367 2966 nniversam
1394 2907 1580 2968 Germaniam
1609 2915 1732 2967 conten·

367 3038 371 3046 «
449 3008 592 3078 tionibus,
621 3009 775 3069 discordiis
804 3015 833 3070 et
859 3008 1050 3069 seditionibus
1071 3007 1224 3085 impleret,
1255 3014 1287 3068 ut
1314 3011 1463 3086 occupatis
1490 3011 1626 3069 intestino
1654 3007 1733 3069 bello

449 3112 560 3171 circum
583 3109 720 3171 omuibus
741 3111 887 3188 ipse'tnto
910 3111 1005 3180 caede,
1028 3111 1131 3188 rapina
1154 3117 1183 3170 et
1205 3110 1357 3171 latrocinio
1379 3129 1467 3189 quam
1489 3109 1626 3171 latissime
1649 3127 1734 3187 gras-

449 3217 581 3281 sarctur;
604 3213 654 3289 qui
676 3229 745 3271 suos
767 3213 859 3272 ternis
882 3212 1037 3288 quotannis
1059 3211 1259 3276 exactionibus
1281 3211 1448 3281 divexabat,
1479 3212 1556 3273 cives
1578 3211 1733 3290 depecula-

450 3312 552 3383 batur,
575 3312 734 3393 populares
757 3295 947 3391 compilabat,
971 3315 1021 3391 qui
1044 3313 1153 3374 cuidem
1177 3320 1206 3373 et
1229 3314 1360 3392 rapinam
1383 3311 1477 3382 vultu,
1501 3312 1614 3390 lingua,
1643 3326 1768 3374 mannas

380 3422 614 3494 conpromptam
637 3415 754 3483 habuit:
778 3416 827 3493 qui
851 3414 1059 3476 nobilissimam
1083 3434 1117 3475 ac
1138 3414 1372 3476 honestissimam
1396 3415 1541 3475 lurminam
1564 3434 1646 3476 suam
1661 3434 1733 3476 con-

448 3519 544 3595 iugem
567 3517 670 3578 mortis
693 3525 771 3577 nictu
794 3517 881 3578 clomo
903 3519 1015 3594 exegit,
1039 3519 1267 3596 impurissimam
1289 3516 1451 3586 moecbam,
1474 3518 1558 3578 cuius
1573 3516 1610 3576 ob
1626 3517 1656 3577 id
1672 3530 1733 3578 ma·

386 3678 390 3683 .
448 3620 535 3681 ritum
557 3626 625 3680 ante
646 3601 811 3687 occiderat,
839 3627 966 3696 quatuor
988 3620 1066 3679 iuxta
1090 3636 1182 3678 airrios
1205 3619 1233 3678 in
1256 3637 1310 3679 suo
1333 3617 1485 3685 cubiculo,
1517 3619 1545 3679 in
1575 3617 1624 3678 illo
1646 3618 1733 3679 viduo

447 3720 534 3782 tboro
552 3720 627 3797 ,levit
648 3728 677 3780 et
699 3720 868 3799 complexus
890 3728 949 3788 est;
973 3722 1023 3800 qui
1045 3739 1128 3781 snam
1150 3719 1271 3780 domum
1294 3719 1440 3798 probitate
1463 3739 1531 3780 cum
1554 3730 1731 3789 evacuasset,

448 3821 608 3884 sceleribus
630 3820 812 3900 adimplevit:
842 3840 908 3883 nam
932 3823 1050 3899 quicum
1074 3823 1127 3883 luit
1148 3821 1189 3882 illi
1211 3840 1268 3899 pax
1290 3829 1319 3882 ot
1345 3822 1526 3883 consuetudo
1555 3840 1642 3900 quarn
1665 3841 1769 3886 cumvo

449 3926 537 3985 meris
560 3921 709 3992 veneticis,
732 3922 910 3993 latronibus,
933 3925 1062 3992 sicariis,
1086 3924 1254 4010 parricidis,
1277 3922 1433 3993 adulteris,
1463 3924 1584 4001 perditis
1606 3924 1733 4002 denique

380 4026 603 4094 §.nomnibus
626 4032 713 4104 atquc
735 4024 791 4086 illis
812 4025 886 4085 adeo
908 4025 1070 4087 tortoribus
1094 4033 1123 4086 et
1145 4025 1351 4087 carnificibus?
1379 4025 1434 4086 nisi
1464 4026 1520 4086 boc
1547 4026 1617 4102 fingi
1646 4045 1662 4085 a
1685 4045 1733 4087 me

450 4134 537 4206 putat*
552 4126 656 4206 aliquis
663 4173 680 4211 ⁹.
695 4134 724 4187 ct
745 4127 854 4188 audivit
875 4111 991 4188 interim
1014 4146 1083 4188 eum
1104 4130 1155 4206 qni
1169 4127 1294 4207 probam
1310 4126 1464 4188 mulierem
1479 4145 1562 4188 snam
1578 4128 1733 4205 coniugem

447 4230 505 4289 iam
539 4237 601 4291 tum
629 4228 779 4307 gravidam
807 4247 864 4294 una
895 4248 961 4291 cum
989 4229 1162 4309 pedissequa
1190 4230 1308 4307 gravida
1339 4237 1368 4291 et
1395 4228 1504 4290 famulo
1537 4246 1596 4289 uno
1630 4229 1733 4289 eadem

443 4519 447 4528 “
513 4517 524 4551 ⁸
543 4518 626 4569 delici
645 4521 671 4568 1.
689 4518 787 4586 proiici
805 4534 874 4569 corr.
887 4524 918 4568 Η.
941 4534 949 4544 „
971 4500 1008 4549 Μ’
1021 4517 1171 4568 retradimus
1190 4521 1214 4567 l.
1233 4517 1381 4590 repulimus
1394 4535 1463 4568 corr.
1477 4524 1506 4567 11.
1559 4516 1660 4582 lquod
1673 4525 1733 4568 ante

448 4602 525 4655 illam
543 4605 613 4654 omis.
628 4607 651 4654 1.
670 4605 730 4654 add.
745 4610 773 4652 H.
827 4605 837 4635 ⁷
856 4604 928 4654 enim
947 4603 975 4652 in
993 4607 1099 4651 tantum
1119 4605 1142 4651 1.
1161 4604 1208 4652 sed
1225 4604 1280 4653 doee
1298 4605 1346 4653 duo
1365 4603 1444 4653 verta
1461 4605 1540 4654 deleo.
1554 4609 1584 4651 11.
1649 4600 1669 4634 ¹⁶
1688 4602 1731 4652 cf.

448 4691 530 4753 Hepd
546 4690 568 4739 Ι.
588 4705 613 4754 p.
629 4687 688 4739 553.
745 4686 767 4720 ¹⁹
785 4691 886 4738 nostrae
905 4679 933 4755 (i)
952 4689 975 4735 1.
993 4678 1018 4750 (ij
1036 4688 1114 4737 deleo.
1129 4691 1158 4735 11.
1217 4687 1240 4719 ²⁰
1257 4687 1334 4749 Quod
1355 4689 1472 4739 senioris
1490 4688 1597 4739 Ulricbi
1616 4687 1733 4736 Hutteni

449 4790 549 4824 nomen
567 4775 639 4823 inter
656 4774 756 4839 primos
774 4774 955 4839 proscriptum
978 4772 1063 4822 luisse
1082 4773 1214 4835 retertur,
1233 4788 1287 4822 non
1305 4772 1359 4822 nisi
1378 4789 1411 4822 ex
1429 4774 1504 4823 senis
1522 4777 1605 4822 aetate
1620 4787 1674 4836 quc
1687 4788 1732 4821 ce·
1754 4785 1757 4794 ’

448 4865 524 4911 ieros
542 4858 661 4923 gentiles
680 4863 834 4924 superaret,
854 4857 1060 4923 explicaverim.
1130 4855 1152 4890 ²⁴
1169 4855 1347 4923 depeculab.]
1374 4859 1412 4920 Cf.
1428 4859 1507 4921 llepd
1523 4858 1560 4908 11.
1579 4872 1606 4921 p.
1622 4856 1660 4906 lu.
1674 4871 1733 4921 sqq.

448 4941 471 4974 ²⁵
489 4941 547 5009 qui]
567 4934 639 5005 Quid
657 4948 681 4995 1.
700 4945 769 5009 qvcod
784 4945 895 4994 mandram
913 4947 967 5006 ipae
984 4948 1015 4991 ll.
1032 4946 1141 4993 eontulit.
1210 4941 1233 4974 ⁸⁰
1251 4943 1369 5003 Quicum
1423 4959 1476 5008 pax
1495 4943 1603 4991 enim·1.
1622 4943 1693 4992 Nem
1706 4977 1733 4994 ...

451 5043 505 5097 pax
522 5042 591 5079 corr.
603 5033 634 5077 11.
686 5027 707 5058 ³³
726 5023 798 5095 eum]
819 5027 1038 5078 Reischachium.
1060 5028 1099 5091 Cf.
1112 5042 1212 5077 cannen
1230 5026 1283 5076 vol.
1296 5027 1318 5077 1.
1336 5043 1362 5092 p.
1375 5028 1434 5077 244.
1448 5029 1471 5088 θ.
1486 5026 1525 5078 14.
1544 5043 1571 5092 p.
1584 5025 1643 5078 ²58.
1656 5041 1699 5092 aq.
