4300 6059
552 736 676 772 ΗΨΙἭΜ
696 738 724 771 lat
744 735 837 772 DVCH
856 737 1133 773 WIBTENPEBGEMH
1152 738 1255 772 ORATIO
1273 739 1317 774 111.
1336 739 1449 776 tttlvu‘r.
1467 739 1493 774 Δ.
1510 733 1568 773 1517.
1656 710 1698 779 5¹

416 892 601 951 necessitatis
622 891 775 969 adigamur
797 892 945 970 prolecto,
969 893 1024 951 nisi
1047 892 1100 952 ista
1122 897 1191 952 tnox
1213 894 1375 954 severitatis
1397 901 1501 953 vestrae
1516 892 1618 954 aculeo
1634 912 1705 954 con·

356 988 359 992 “
417 992 548 1054 fodiatur
570 995 668 1070 pestis.
712 992 798 1071 dtqui
820 1011 871 1077 vos
894 995 1031 1070 ignorare
1054 1011 1114 1054 noa
1137 994 1268 1064 debetis,
1298 995 1461 1073 principes,
1489 1015 1553 1075 quae
1583 996 1706 1057 desertis
1715 1008 1774 1060 §.aa

418 1093 505 1154 nobis
527 1093 679 1154 bominum
702 1095 817 1173 opinio,
848 1095 928 1173 quod
949 1095 1088 1157 iudicium
1111 1114 1162 1155 vos
1183 1104 1314 1157 maneat:
1343 1098 1488 1158 irascetur
1516 1101 1611 1158 omnis
1633 1100 1706 1161 Ger·

416 1195 643 1284 maniaeplebs,
666 1195 810 1273 lugebunt
832 1196 967 1275 Equites,
996 1205 1160 1276 querentur
1183 1217 1287 1259 omnes
1308 1197 1395 1260 liberi
1420 1199 1569 1270 homines,
1599 1200 1705 1278 passim

395 1298 456 1359 ade
478 1297 616 1376 superbia
640 1305 669 1358 et
691 1298 862 1359 erudelitate
885 1301 974 1359 vestri
996 1300 1107 1361 ordinis
1122 1299 1368 1378 proclamabitur;
1391 1303 1501 1381 quippe
1516 1301 1594 1362 baud
1609 1303 1707 1362 minus

416 1402 448 1460 in
470 1418 638 1479 quenquam
661 1399 875 1461 vestrum-bec
896 1401 1001 1462 recidit
1023 1403 1170 1463 accusatio
1192 1403 1242 1501 qui
1265 1403 1363 1472 sertis,
1392 1420 1479 1480 quam
1506 1406 1538 1481 iu
1567 1422 1634 1464 eum
1657 1404 1706 1482 qui

417 1504 600 1581 perpetravit
621 1500 747 1575 scelera,
771 1503 852 1581 quod
874 1504 927 1564 iste
949 1504 1074 1575 audere,
1098 1522 1149 1564 vos
1170 1504 1336 1584 approbare
1358 1505 1541 1572 videbimini;
1569 1522 1624 1565 nec
1647 1504 1773 1568 allatas.

416 1604 554 1665 audietur
576 1606 724 1665 excusatio
746 1622 807 1665 non
829 1606 996 1666 restitutum
1024 1625 1041 1666 a
1068 1605 1151 1666 vobis
1178 1625 1262 1668 reum
1292 1615 1424 1668 extreme
1452 1625 1547 1685 nuper
1570 1606 1704 1677 fractum,

417 1725 534 1766 summe
556 1717 757 1784 peremptum:
781 1725 818 1767 au
840 1724 900 1772 non
922 1707 971 1768 diu
993 1725 1050 1786 pro
1065 1708 1286 1770 damnatissima
1301 1710 1356 1770 luit
1369 1710 1443 1770 iste?
1465 1717 1515 1770 aut
1530 1708 1600 1787 quid
1615 1708 1707 1769 relect

386 1823 472 1868 usam
488 1808 612 1887 quisque
628 1809 820 1877 conscientia,
843 1811 906 1870 suis
921 1808 1005 1868 lactis
1021 1809 1192 1881 damnetur,
1208 1829 1245 1871 an
1262 1811 1391 1872 iudicum
1405 1812 1559 1879 sententia,
1576 1811 1706 1872 omnium

417 1909 573 1970 hominum
596 1911 732 1988 opinione
760 1929 797 1970 an
827 1929 885 1971 uuo
913 1910 1041 2000 quodam
1069 1910 1209 1971 verbulo?
1236 1914 1259 1972 ll
1288 1911 1370 1973 vobis
1397 1915 1443 1974 aio
1471 1914 1624 1973 restitutus
1652 1913 1706 1973 iste

417 2011 587 2091 putabitur;
618 2011 672 2088 per
694 2030 745 2071 vos
767 2013 881 2073 stetisse
904 2031 962 2091 quo
985 2015 1083 2073 minus
1105 2012 1247 2091 supplicio
1270 2015 1391 2076 allectus
1404 2006 1455 2074 'sit
1481 2015 1705 2076 nocentissimus

417 2131 502 2183 reus,
524 2112 683 2199 loquentur
705 2113 848 2211 homipes.
892 2113 944 2176 Cui
967 2116 1197 2176 incommoditati
1219 2118 1366 2178 occurrite
1394 2134 1493 2197 quaeso
1520 2123 1774 2193 xesuamquessa.

418 2216 542 2285 lamam,
566 2223 692 2276 vestram
716 2217 959 2277 existimationem
983 2216 1100 2278 salvate.
1144 2217 1205 2279 Nee
1231 2220 1291 2280 iam
1320 2220 1408 2279 vestri
1438 2220 1493 2279 iste
1520 2218 1636 2281 ordInis,
1654 2224 1705 2286 cst,

387 2319 470 2396 isqui
493 2336 552 2396 quo
575 2317 622 2377 die
644 2317 701 2378 hoc
724 2319 864 2379 consciu't
887 2319 984 2390 netas,
1008 2338 1068 2380 non
1091 2320 1146 2379 bac
1167 2327 1281 2380 tantum
1303 2320 1458 2398 dignitate,
1481 2320 1533 2382 sed
1556 2321 1706 2380 consortio
1743 2401 1745 2408 Α
1826 2335 1836 2356 ·

418 2437 538 2498 quoque
562 2427 591 2483 et
613 2422 819 2481 communione
841 2421 962 2482 humani
983 2423 1101 2500 generis
1123 2420 1267 2481 abdicavit
1288 2439 1367 2492 sese,
1391 2430 1420 2484 et
1439 2424 1469 2482 iu
1484 2420 1565 2484 nullo
1580 2439 1705 2482 numero

418 2539 483 2581 esse
505 2523 622 2582 meruit.
667 2522 820 2583 Neminem
841 2525 974 2601 vitupero
996 2532 1110 2592 tamen,
1134 2524 1182 2583 cui
1204 2525 1399 2584 mausileum
1422 2523 1473 2584 illo
1496 2522 1613 2584 laederis
1631 2539 1773 2589 eeu-§.sn

419 2622 507 2692 ditio;
531 2631 575 2694 te,
599 2623 749 2685 Saxonum
771 2627 911 2704 princeps
932 2624 1119 2695 Frideriche,
1144 2624 1334 2685 vehementer
1356 2624 1534 2686 laudandum
1552 2632 1633 2704 puto,
1657 2627 1726 2703 qui‘

418 2727 561 2804 tantisper
583 2727 739 2787 amicitiam
763 2726 814 2787 tibi
836 2727 912 2787 hane
935 2726 1089 2817 colendam
1111 2734 1192 2787 ratus
1214 2744 1260 2796 es,
1285 2726 1379 2788 donec
1402 2728 1537 2787 humanae
1559 2728 1707 2787 societatis

384 2829 570 2907 aoparticeps
591 2829 646 2889 iste
668 2828 841 2907 putabatur3
864 2836 1019 2909 postquam
1041 2844 1079 2891 se·
1095 2848 1164 2890 vero
1179 2828 1284 2890 sceleri
1300 2848 1334 2889 ac
1349 2827 1527 2906 improbitati
1542 2827 1706 2896 obstrinxit,

419 2937 448 2988 et
471 2948 504 2989 ea
528 2931 707 3008 perpetravit
729 2949 795 3009 quae
817 2932 841 2991 si
863 2933 893 2991 in
915 2929 1029 2992 nullum
1051 2949 1183 3010 unquam
1204 2931 1344 2992 iudicium
1361 2931 1521 2997 veubmnt,
1544 2937 1648 3008 suapte
1663 2936 1706 2989 ta·

419 3048 488 3091 men
511 3034 538 3091 vi
561 3051 595 3092 ac
617 3039 721 3093 natura
748 3033 776 3093 id
805 3033 986 3103 effecissent,
1021 3041 1054 3093 ut
1083 3031 1162 3093 nullo
1191 3035 1245 3094 iste
1273 3032 1426 3093 hominum
1455 3004 1656 3092 coutubernio
1679 3039 1709 3093 et

376 3181 383 3211 ,
419 3135 570 3201 convictu,
604 3134 713 3195 nedum
736 3137 878 3213 principis
900 3137 953 3195 riri
976 3134 1188 3196 cousuetudine
1211 3135 1333 3210 dignus,
1367 3133 1419 3193 sed
1447 3140 1529 3193 extra
1556 3134 1631 3194 lines
1652 3132 1707 3194 bu-

420 3236 498 3294 mani
521 3236 638 3313 generis
660 3237 835 3308 eiiciendus,
859 3238 1099 3298 exterminandus
1122 3255 1156 3297 ac
1179 3236 1214 3296 ad
1238 3236 1316 3296 ieras
1337 3233 1446 3295 bestias
1467 3232 1643 3312 relegandus
1658 3241 1708 3293 aut

383 3338 450 3395 sain
472 3334 599 3415 aliquem
623 3338 771 3399 desertum
793 3337 907 3407 locum,
935 3338 985 3400 ubi
1014 3356 1100 3399 nemo
1123 3357 1158 3398 ex
1181 3337 1258 3397 laedo
1281 3355 1441 3415 congressu
1463 3335 1560 3396 labem
1581 3339 1622 3397 ae‘
1637 3354 1708 3397 con-

419 3438 532 3516 tagium
554 3439 668 3509 trabat,
692 3440 912 3518 protrudeudus
934 3441 1099 3506 rideretur,
1123 3438 1289 3499 continuisti
1311 3447 1340 3498 te
1363 3447 1392 3499 et
1413 3439 1631 3499 existimationis
1653 3438 1705 3498 ba·

419 3517 547 3602 bendani
569 3549 627 3602 tuae
649 3543 793 3603 rationem
816 3543 932 3619 putasti.
976 3542 1018 3603 Te
1041 3542 1130 3618 igitur
1152 3549 1232 3601 recte
1253 3541 1430 3621 prudentem
1452 3558 1487 3600 ac
1502 3537 1608 3598 lortem
1625 3540 1775 3616 prin-§.sa

419 3645 515 3722 cipem
543 3651 574 3704 et
599 3644 719 3721 dignum
748 3646 812 3704 eius
842 3644 935 3721 gentis
963 3644 1102 3721 imperio,
1131 3662 1196 3721 quae
1223 3641 1285 3702 sola
1314 3642 1529 3703 Germanarum
1556 3641 1707 3700 nationum
1819 3630 1821 3635 ’

418 3763 537 3823 semper
560 3747 664 3805 invicta
688 3744 765 3806 bello
788 3746 882 3813 stetit,
905 3763 970 3822 quae
993 3762 1051 3804 una
1073 3752 1227 3805 externum
1249 3762 1399 3824 nunquam
1414 3743 1529 3804 admisit
1544 3742 1705 3811 dominum,

386 3848 681 3925 aoqnmlortissimos
704 3847 789 3908 nobis
811 3838 1005 3925 imperatores
1028 3845 1122 3913 dedit,
1144 3846 1401 3924 praestantissimos
1423 3845 1529 3913 duces,
1553 3843 1632 3903 unde
1646 3850 1708 3902 tres

420 3948 566 4017 Othones,
594 3949 648 4008 tria
671 3950 835 4010 Germaniae
863 3947 987 4016 lumina,
1016 3946 1197 4025 prodierunt.
1242 3948 1279 4008 Et
1306 3947 1362 4007 boc
1390 3955 1421 4007 tu
1449 3946 1622 4022 integritatis
1649 3951 1776 4005 tuere.

419 4050 631 4112 documentum
654 4050 786 4120 dederis;
815 4057 1003 4118 vosautem,
1034 4048 1141 4128 reliqui
1163 4050 1317 4117 Germani,
1346 4067 1384 4110 ue
1410 4050 1496 4109 sinite
1519 4048 1627 4107 trustra
1651 4046 1707 4105 boc

419 4152 504 4212 vobis
526 4154 710 4231 propositum
733 4150 916 4229 exemplum,
947 4160 975 4212 et
1003 4151 1154 4220 tortissimi
1184 4152 1236 4212 riri
1259 4152 1367 4211 lactum
1390 4152 1549 4211 imitatione
1571 4166 1707 4227 compro·

420 4254 497 4316 bate.
542 4254 624 4332 Nego
652 4262 774 4333 propter
802 4253 928 4332 aliquem
958 4257 1068 4332 optime
1097 4253 1133 4313 de
1162 4253 1218 4314 hoe
1245 4253 1368 4329 imperio
1391 4253 1528 4312 meritum
1550 4250 1588 4311 ab
1610 4249 1707 4310 officio

389 4375 457 4419 asae
478 4356 618 4433 dignitate
640 4355 784 4417 decedere
807 4372 857 4415 vos
879 4356 1061 4433 oportuisse,
1084 4362 1193 4433 quanto
1216 4355 1313 4412 minus
1334 4355 1364 4411 in
1388 4354 1559 4413 tractatione
1580 4352 1643 4412 eius
1658 4350 1708 4430 qui

422 4460 464 4518 sic
485 4477 570 4528 reus,
593 4460 636 4518 sie
658 4457 811 4518 damnatus
834 4445 896 4517 est?
919 4457 969 4535 qui
989 4458 1015 4516 si
1036 4454 1116 4518 aliud
1131 4454 1202 4515 nilril
1218 4454 1412 4514 commisisset
1426 4472 1514 4533 quam
1530 4452 1608 4532 qnod
1623 4469 1706 4512 suam

420 4578 560 4631 uxorem,
584 4557 794 4620 nobilissimam
816 4557 1084 4631 tennemonn
1100 4557 1188 4617 animi
1203 4575 1237 4616 ac
1251 4557 1384 4633 corporis
1398 4554 1615 4633 pulchritudine
1630 4571 1706 4631 prae-

422 4661 590 4732 cellentem,
623 4668 683 4722 tam
709 4677 832 4738 spurce,
861 4667 922 4721 tam
948 4660 1037 4738 impie
1064 4659 1213 4728 tractavit,
1242 4657 1393 4734 indignum
1416 4656 1534 4736 quicum
1556 4656 1706 4731 negotium

488 4881 660 4932 ¹incumbat
676 4887 735 4945 post
752 4880 846 4945 opinio
864 4881 952 4930 addid.
964 4884 993 4928 11.
1063 4882 1123 4937 nos]
1142 4893 1191 4929 vos
1210 4881 1234 4928 2.
1257 4862 1349 4928 eontra
1365 4891 1475 4927 aenaam.-
1541 4873 1603 4924 ⁵ac
1626 4876 1648 4922 t.
1679 4877 1707 4922 et

421 4971 532 5017 cornil.
586 4966 668 5016 ‘non
686 4966 898 5023 restitutum:
911 4966 990 5028 quasi
1009 4978 1056 5014 vos
1074 4977 1129 5012 non
1147 4963 1339 5012 restituissstis
1390 4959 1412 4993 ¹²
1431 4957 1496 5023 iste]
1513 4960 1629 5008 coarcat·
1646 4958 1706 5007 edd.

422 5053 475 5101 isto
527 5048 549 5081 ²³
569 5066 602 5100 ae
622 5054 644 5101 1.
664 5052 831 5099 atcere&
859 5047 881 5080 ²⁰
900 5063 932 5096 ac
952 5053 975 5098 1.
995 5055 1023 5098 et
1041 5051 1152 5098 comit.

1430 5129 1485 5189 4*
1571 5178 1594 5203 ‚,
