4300 6059
435 555 443 593 m
476 536 482 547 Ι
519 552 535 590 '.

426 734 429 738 Δ
458 656 529 728 104
540 652 672 730 ,uxrraxx
685 685 877 721 hermacorae
890 685 974 720 onan.
982 686 1018 721 vr
1031 686 1142 720 naccum
1155 684 1253 721 ovacra
1267 682 1407 718 iurentur
1420 682 1643 718 aanonrxrome,
1654 665 1737 732 (tate.)

455 842 595 911 sortasse,
620 857 785 919 quanquam
808 841 920 910 sciam,
938 857 995 899 non
1011 840 1104 900 ausim
1119 839 1232 899 dicere:
1253 837 1340 899 laudo
1356 838 1523 916 pontificem
1538 856 1599 899 suae
1614 839 1645 898 iu
1660 856 1737 899 rem·

412 927 415 931 ’
454 941 605 1023 publicam
621 936 813 1002 Christianam
830 940 999 1018 diligentia,
1023 960 1057 1002 ac
1072 942 1143 1002 istos
1157 939 1240 1001 valde
1254 940 1351 1019 probo
1366 939 1644 1009 Reverendissimos,
1659 940 1737 1018 quod

455 1062 572 1105 mecum
601 1041 695 1103 nolint
723 1042 831 1104 diutius
859 1045 987 1120 grassari
1013 1044 1141 1113 Turcas,
1178 1042 1257 1122 quod
1286 1041 1375 1104 velint
1401 1041 1575 1103 subventum
1602 1040 1738 1120 imperio,

456 1160 629 1209 succursum
651 1143 802 1222 religioni,
831 1145 910 1222 quod
932 1144 1017 1205 uobis
1042 1144 1264 1214 dissidentibus,
1293 1143 1527 1223 quandoquidem
1557 1144 1740 1205 eversionem

387 1246 576 1308 §.vomantur
598 1246 705 1316 hostis,
729 1247 789 1325 ipsi.
805 1248 994 1326 prospicient
1038 1265 1107 1307 nam
1130 1247 1198 1326 quid
1221 1246 1256 1307 ad
1280 1264 1327 1307 me
1350 1246 1450 1307 attinet
1472 1262 1605 1324 quarere
1621 1263 1657 1305 an
1673 1243 1738 1304 illo·
1760 1260 1772 1299 s

455 1367 523 1410 rum
545 1348 602 1409 hoc
624 1347 753 1409 officium
777 1349 879 1419 luerit,
913 1367 947 1409 ac
977 1355 1076 1410 utrum
1105 1350 1198 1424 magis
1228 1367 1278 1409 eos
1307 1347 1439 1408 decuerit
1466 1363 1569 1414 orare,
1603 1344 1738 1425 psallere,

456 1449 635 1528 supplicare,
660 1468 719 1528 quo
742 1451 899 1529 propitium
922 1450 1007 1512 nohis
1029 1452 1131 1518 deum,
1166 1451 1216 1529 qui
1238 1467 1325 1510 omne
1347 1467 1363 1508 a
1387 1449 1447 1509 suis
1469 1446 1578 1509 malum
1606 1455 1740 1511 avertere

455 1554 532 1632 potis
556 1558 613 1622 est,
637 1551 795 1612 redderent
818 1570 905 1630 quarn
929 1552 964 1612 de
988 1550 1065 1613 bello
1088 1552 1242 1613 intexendo
1266 1551 1308 1611 vel
1329 1552 1474 1628 cogitare,
1498 1550 1607 1611 nedum
1623 1549 1740 1627 publice

457 1652 623 1714 consultare
646 1671 680 1712 ac
703 1653 788 1713 nohis
810 1660 902 1714 artem
925 1652 1081 1714 militarem
1104 1672 1163 1713 non
1186 1655 1320 1733 imperite
1343 1651 1516 1713 callentibus
1535 1650 1663 1714 bellandi
1680 1653 1739 1713 lor·

388 1766 521 1817 §.ramas
542 1753 753 1832 prescribere?
781 1774 815 1815 ac
838 1754 908 1815 illud
931 1756 966 1816 ad
989 1774 1036 1816 me
1058 1755 1129 1834 quid
1151 1756 1253 1816 attinet
1275 1755 1373 1816 dicere
1401 1753 1507 1834 quibus
1535 1755 1667 1816 moribus
1685 1736 1774 1835 'quin

456 1855 590 1917 homiues
614 1854 713 1915 noma
734 1858 848 1917 vivant?
882 1876 947 1918 cum
970 1877 1017 1919 me
1040 1856 1124 1918 facile
1147 1857 1312 1918 contineam
1335 1855 1399 1925 ibi,'
1413 1874 1447 1917 ac
1469 1858 1614 1935 patienter
1635 1856 1738 1926 leram,

457 1976 521 2036 quau
544 1956 631 2018 lartius
653 1951 840 2019 blaximiliani
863 1959 1003 2037 principis
1026 1976 1096 2019 cura
1120 1976 1184 2019 esse
1206 1958 1308 2028 debet,
1331 1959 1494 2019 adsummi
1517 1958 1662 2037 pontilicis
1685 1977 1738 2019 nu·

455 2065 517 2118 tum
541 2058 670 2120 Caesares
692 2058 749 2136 legi
771 2059 935 2140 horumque
958 2060 1101 2138 capitibus
1123 2058 1239 2119 illorum
1263 2079 1277 2119 a
1300 2059 1424 2138 pedibus
1439 2063 1541 2121 tiaram
1557 2060 1737 2139 imperialem

456 2161 581 2238 apponi;
605 2166 633 2221 et
655 2177 834 2240 magnopere
856 2161 998 2222 sollicitus
1020 2180 1080 2222 non
1103 2164 1161 2221 sim'
1181 2161 1250 2239 quid
1274 2169 1407 2240 oporteat
1428 2162 1485 2222 hoc
1502 2162 1590 2222 modo
1605 2162 1737 2225 diadema

456 2268 642 2340 sumpturum
665 2261 874 2340 Imperatorem
897 2263 1030 2324 Pontifici
1050 2261 1166 2342 largiri,
1190 2265 1219 2322 in
1242 2281 1306 2342 quae
1329 2263 1415 2324 verba
1431 2265 1547 2332 iurare,
1571 2282 1644 2343 quas
1658 2264 1774 2348 leges¹⁵

387 2383 405 2433 v.
417 2384 446 2429 rs.
457 2362 666 2440 praescribente
689 2362 737 2422 illo
760 2366 909 2458 accipere,
932 2367 961 2425 in
984 2384 1071 2444 quam
1088 2367 1254 2442 servitutem
1270 2383 1335 2426 seso
1350 2364 1503 2426 addicere:
1526 2385 1593 2427 nam
1609 2368 1645 2428 de
1662 2367 1737 2428 Con-

454 2465 572 2524 stantini
595 2464 750 2526 donatione
772 2485 831 2527 uon
854 2468 995 2528 audemus
1018 2486 1055 2528 oe
1078 2468 1185 2527 mutire
1207 2466 1340 2545 quidem:
1371 2484 1537 2547 quanquam
1560 2470 1658 2529 animo
1681 2470 1737 2530 sim

381 2552 385 2568 '
454 2566 721 2644 impatientissimo,
745 2569 851 2629 iniuria
874 2570 1012 2640 tortasse,
1037 2569 1089 2630 sed
1112 2575 1208 2629 tamen
1231 2569 1332 2647 patriae
1354 2569 1465 2654 studio,
1489 2568 1538 2630 ubi
1559 2571 1644 2631 video
1660 2570 1739 2631 mille

454 2670 624 2753 excogitatis
647 2669 741 2731 modis
763 2669 950 2731 Germaniam
972 2671 1107 2750 expilari,
1131 2669 1216 2748 pallia
1240 2671 1358 2730 maioris
1379 2688 1467 2749 quam
1483 2673 1526 2732 las
1541 2680 1604 2733 erat
1619 2666 1760 2741 vaeuire,'

387 2820 393 2833 .
454 2770 644 2831 ecclesiarum
666 2778 833 2832 nostrarum
856 2772 1019 2851 vectigalia,
1049 2773 1075 2833 id
1107 2780 1150 2833 est
1175 2771 1313 2833 sudorem
1343 2779 1430 2851 atque
1457 2773 1531 2862 adeo
1560 2776 1772 2851 sangumemu

453 2879 607 2950 pareutum
631 2881 817 2943 nostrormn,
854 2875 889 2935 ad
913 2875 1016 2936 urbem
1039 2875 1163 2935 Romam
1186 2875 1334 2953 pensionis
1356 2876 1474 2936 nomine
1502 2875 1614 2944 redire,
1651 2883 1739 2955 atque

384 2989 404 3040 a,
414 2991 442 3036 vs.
454 2973 517 3034 haec
532 2977 629 3035 omnia
645 2975 700 3035 sub
716 2976 830 3054 pietatis
844 2983 988 3054 prmtextu
1004 2978 1076 3037 hori.
1107 2983 1308 3036 verumtamen
1323 2976 1424 3036 frivole
1440 2978 1518 3037 circa
1534 2994 1581 3037 res
1597 2978 1738 3040 maximas

453 3092 561 3152 angor,
585 3078 727 3139 cum-ista
751 3084 864 3139 mutare
887 3096 941 3139 nec
963 3080 1073 3157 possim
1097 3096 1152 3139 nec
1180 3077 1319 3147 debeam,
1350 3085 1383 3137 ut
1410 3080 1459 3158 qui
1487 3096 1564 3138 anuo
1591 3080 1738 3156 superiori

452 3175 609 3246 Bononiae,
640 3179 717 3256 quod
745 3178 935 3241 Franciscum
964 3179 1086 3240 Mariam
1116 3199 1152 3241 ex
1182 3179 1408 3249 cousuetudine,
1445 3197 1504 3239 non
1537 3180 1737 3242 novandarum

450 3296 551 3339 rerum
574 3280 669 3341 studio
694 3280 806 3342 ‘Urbini
821 3281 935 3342 ducem'
959 3280 1002 3360 (ac
1017 3287 1173 3359 antequam
1189 3280 1379 3350 deiiceretur,
1403 3281 1464 3362 luit)
1488 3282 1640 3351 dixissem,
1663 3299 1772 3361 quo-aa

451 3383 528 3441 niam
552 3381 608 3441 hoc
630 3390 761 3444 vetuerat
788 3385 988 3461 sanctissimus
1017 3383 1094 3452 Leo,
1123 3385 1200 3443 inter
1229 3385 1579 3445 excommunicatossim
1610 3383 1737 3447 habitus.

450 3482 550 3543 Visum
574 3483 644 3544 mihi
666 3489 764 3543 tamen
787 3484 855 3545 olim
878 3493 922 3546 est
943 3485 979 3545 ad
1003 3484 1195 3563 apostolicum
1219 3485 1367 3563 pertinere
1384 3486 1513 3546 oldcium
1529 3487 1675 3547 seminare
1691 3488 1738 3549 dei

451 3584 588 3655 verbum,
612 3603 671 3645 non
694 3585 846 3647 hominnm
869 3588 1042 3665 patrimonia
1065 3592 1193 3653 metere;
1222 3605 1344 3665 pascere
1373 3606 1441 3648 oves
1464 3586 1588 3658 Christi,
1618 3605 1678 3648 non
1700 3589 1737 3650 ad

450 3686 556 3747 tamem
580 3694 609 3746 ot
630 3689 785 3764 penuriam
807 3689 924 3767 adigere
947 3685 1105 3768 populum;
1134 3705 1236 3766 pacem
1266 3706 1353 3750 orare
1382 3707 1506 3768 eamque
1535 3688 1647 3757 colere,
1678 3710 1737 3751 non

451 3789 488 3849 ad
509 3787 619 3864 bellurn
642 3788 754 3850 hortari
777 3797 805 3850 et
820 3789 927 3852 militiae
942 3776 1063 3869 operam
1080 3790 1165 3858 dare;
1189 3790 1370 3868 evangelium
1385 3792 1562 3871 praedic-are,
1586 3809 1644 3851 non
1661 3790 1771 3852 elas-sc

381 3893 543 3961 §.aesicum
566 3891 719 3960 occinere;
743 3890 830 3953 caelos
852 3894 1016 3971 suspicere,
1040 3911 1099 3953 non
1121 3900 1239 3954 terrena
1262 3892 1398 3971 amplecti
1421 3895 1552 3972 imperia.
1590 3892 1642 3954 sed
1658 3892 1737 3955 aliud

449 4001 549 4072 postea
573 3993 694 4054 edoctus
716 4012 796 4062 sum,
824 3996 963 4058 nimirum
992 3995 1070 4055 haud
1099 3994 1135 4054 ab
1165 3995 1232 4054 unis
1252 3993 1332 4055 Petri
1360 3993 1489 4055 claribus
1519 4013 1583 4056 rem
1606 3994 1737 4058 ecelesia

448 4097 592 4174 pendere,
615 4096 666 4156 sed
690 4104 718 4156 et
738 4093 820 4156 Pauli
843 4114 916 4175 opus
939 4114 1003 4158 esse
1027 4095 1136 4174 gladio,
1161 4095 1305 4174 probante
1328 4095 1401 4156 lulio
1423 4097 1569 4167 secundo,
1593 4098 1643 4176 qui
1663 4117 1736 4176 pau·

448 4216 498 4258 coa
520 4206 588 4259 ante
616 4215 708 4259 annos
736 4196 839 4257 orbem
867 4196 1063 4259 Christianum
1094 4199 1236 4259 intestinis
1264 4199 1423 4259 connexuit
1452 4197 1551 4268 bellis,
1579 4217 1614 4259 ac
1642 4197 1735 4269 illum,

446 4317 534 4378 quem
557 4316 645 4359 nemo
667 4316 755 4360 ausus
778 4309 823 4360 est
843 4299 1028 4361 ambitiosum
1051 4298 1215 4378 appellare,
1246 4299 1402 4378 triumphis
1430 4300 1490 4376 suis
1519 4299 1635 4361 titulum
1658 4319 1770 4379 prae-at

446 4397 510 4460 tulit
532 4420 619 4461 [vcro
644 4419 783 4462 suovxuo
807 4422 979 4463 axevusonx
1002 4421 1219 4462 rrnanxonvu.
1261 4410 1348 4478 atque
1376 4402 1431 4461 hac
1461 4403 1489 4461 in
1516 4403 1655 4481 opinione
1684 4402 1735 4464 ali-

513 4652 710 4727 ⁹·¹⁰Cf.infra
729 4655 856 4719 repetitae
875 4653 999 4704 Consult.
1019 4653 1203 4705 liom.e.5.6.
1253 4653 1273 4687 ¹⁸
1292 4655 1410 4705 thiaram
1429 4658 1454 4704 2.
1512 4653 1534 4687 ¹⁴
1552 4655 1732 4725 dyadema-2.

444 4737 467 4771 ²⁴
485 4739 522 4789 cf.
540 4740 624 4803 Pasq.
644 4738 713 4794 extxl.
732 4740 772 4800 ἐξ.
781 4737 820 4790 15.
829 4754 887 4804 sqq.
923 4737 1037 4788 Exhort.
1051 4754 1086 4788 ne
1098 4739 1212 4790 deciman
1230 4741 1253 4802 ξ.
1267 4739 1308 4789 21.
1378 4737 1400 4771 ²⁵
1422 4737 1564 4807 dixissem]
1589 4757 1636 4791 ore
1658 4747 1733 4808 puto,

444 4839 497 4875 non
516 4823 656 4890 publicato
675 4822 768 4889 aliquo
781 4838 872 4888 opere.
919 4820 941 4854 ²²
959 4823 1523 4875 cf.Matth.xl11.3.cumatarc.1v.lt.
1569 4822 1590 4856 ³¹
1610 4825 1695 4877 coelos
1708 4831 1734 4878 4.

443 4906 466 4941 ⁸²
482 4905 573 4976 Petri]
587 4908 623 4960 ci.
637 4907 736 4958 Metth.
749 4907 822 4982 XVI.
837 4905 877 4957 19.
928 4904 951 4937 ⁸⁸
968 4905 1061 4975 Pauli]
1077 4909 1114 4958 es.
1127 4908 1188 4957 Act.
1202 4913 1290 4974 apost.
1303 4909 1351 4959 1x.
1367 4907 1549 4960 l.XXV1.10.
1562 4925 1622 4975 sqq.
1640 4913 1735 4964 Victo·

444 4993 504 5045 rell.
517 4995 546 5044 in
558 4991 684 5044 ciaconii
696 4992 764 5044 vict.
778 4991 888 5043 Pontiff.
901 4993 966 5042 tom.
979 4992 1031 5044 111.
1045 5009 1070 5057 p.
1085 4991 1144 5043 243.
1162 4992 1250 5055 „Quis
1269 4992 1364 5044 credet
1377 4993 1447 5058 quod
1464 4993 1518 5060 ipsi
1535 4985 1669 5060 gerrinixt,
1688 4997 1733 5049 lu·
