4300 6059
454 697 526 770 354
547 727 649 763 onmo
663 729 830 764 consrunrn
845 729 947 764 svnvnl
959 729 1117 764 nonnarum
1130 729 1166 764 DE
1179 729 1300 765 vittam
1313 729 1437 765 CLAVIV!
1450 729 1484 763 ΒΤ
1497 729 1586 765 BVLM
1600 729 1703 767 uetus
1713 729 1743 767 Σ.

452 898 515 962 ‘qun
538 888 653 944 habeant
676 887 801 942 notitiam
823 886 925 961 leprosi
949 893 976 941 et
998 904 1052 941 non
1075 887 1177 960 leprosi
1199 896 1227 942 et
1249 889 1356 961 possint
1378 888 1533 946 discernere
1555 890 1602 962 qui
1624 890 1742 946 mundns

452 974 540 1047 ‘quive
562 973 716 1028 immundus
740 972 783 1027 sit.
828 970 969 1038 Quomodo
1000 988 1066 1044 ergo
1094 972 1131 1026 ibi
1160 971 1299 1046 leprosum
1327 974 1456 1030 sacerdos
1474 975 1607 1030 mundum
1628 974 1668 1030 vel
1693 976 1743 1031 im·

452 1058 588 1113 ‘mnndum
611 1056 689 1117 lacit,
719 1057 758 1112 sic
787 1064 814 1110 et
841 1056 885 1111 hic
914 1055 1006 1127 alligat
1035 1056 1076 1111 vel
1105 1055 1186 1112 solvit
1215 1058 1361 1130 opiscopus
1384 1057 1425 1114 vel
1447 1058 1592 1133 presbyter
1613 1077 1669 1115 non
1693 1077 1742 1115 eos

450 1144 507 1215 ‘qni
528 1143 650 1198 insontes
673 1151 737 1197 sunt
759 1140 798 1194 vel
821 1141 908 1202 noxii,
932 1141 980 1197 sed
1002 1159 1053 1213 pro
1076 1140 1167 1197 officio
1190 1159 1255 1203 sno,
1278 1160 1340 1198 cum
1362 1151 1536 1216 peccatorum
1558 1144 1676 1200 audierit
1698 1161 1743 1200 ra·

450 1228 583 1289 ‘rietates‚
606 1228 659 1282 seit
681 1227 726 1300 qni
749 1225 874 1298 ligandus
897 1225 933 1280 sit
955 1225 1035 1299 quive
1056 1223 1220 1282 solvendus'
1749 1241 1763 1278 a

383 1317 442 1367 §.w-
535 1312 570 1367 Et
598 1313 660 1385 qnia
690 1311 832 1367 incidimus
860 1311 888 1366 in
915 1311 985 1367 hanc
1011 1311 1221 1385 disputationem
1250 1313 1283 1367 de
1315 1314 1508 1386 episcoporum
1536 1314 1742 1371 sacerdotumve

450 1398 626 1458 auctoritate,
651 1413 785 1456 errorem,
809 1395 984 1451 invictissime
1007 1397 1156 1469 imperator
1179 1396 1413 1470 illustrissimique
1434 1399 1587 1473 principes,
1609 1400 1637 1454 iu
1660 1416 1741 1471 quem

451 1501 500 1538 nos
523 1482 651 1538 meretrix
673 1480 718 1537 illa
739 1491 906 1555 purpurata,
937 1498 997 1554 quae
1024 1481 1154 1554 poculum
1176 1499 1289 1538 aureum
1318 1481 1453 1556 superbie
1480 1500 1561 1539 manu
1590 1492 1681 1546 tenet,
1708 1499 1742 1538 er

450 1586 504 1641 quo
526 1568 652 1623 conlusio
675 1567 776 1628 omnis,
804 1564 957 1622 babilonica
979 1566 1048 1621 enim
1071 1574 1127 1627 est,
1156 1575 1247 1625 ortum
1269 1567 1360 1628 duxit,
1391 1566 1456 1623 libet
1480 1568 1507 1622 in
1536 1568 1654 1624 medium
1677 1586 1742 1642 pro·

450 1653 538 1708 lerre:
568 1653 744 1727 episcopatus
774 1651 799 1706 in
823 1650 961 1723 evirngelio
986 1649 1086 1706 Christi
1109 1650 1283 1708 fundamento
1307 1660 1395 1713 earet,
1419 1651 1534 1708 bumana
1560 1662 1603 1708 est
1628 1653 1777 1709 instita-¹⁰

451 1739 498 1792 tio.
542 1737 576 1793 de
598 1754 666 1810 quo,
694 1752 728 1792 ne
750 1734 830 1791 nudis
851 1735 940 1792 verbis
968 1736 1093 1792 incedere
1121 1736 1225 1797 videar,
1254 1736 1344 1792 divum
1368 1736 1514 1793 audiamus·
1529 1738 1741 1811 Hieronymum:

450 1822 530 1878 ‘Idem
558 1831 601 1878 est
629 1822 705 1894 ergo'
733 1821 823 1894 inquit
851 1820 1002 1895 ‘presbyter
1031 1822 1078 1893 qni
1105 1821 1265 1895 episeopus,
1293 1830 1322 1878 et
1349 1830 1494 1895 antequam
1516 1821 1618 1878 diaboli
1642 1823 1741 1879 instin-

449 1916 505 1964 ‘etn
532 1908 622 1963 studia
650 1908 677 1962 iu
700 1906 833 1979 religione
861 1906 958 1962 fierent
980 1914 1007 1961 et
1029 1906 1168 1962 diceretur
1190 1907 1217 1962 iu
1239 1903 1350 1980 populis
1381 1915 1452 1979 “ego
1480 1924 1540 1963 sum
1562 1907 1655 1969 Pauli,
1685 1924 1740 1981 ego

343 2054 346 2062 ¹
450 1991 573 2066 ‘Apollo,
596 2010 648 2065 ego
665 1992 786 2066 Cephae’',
810 1990 946 2047 communi
968 1990 1192 2064 presbyterorum
1214 1990 1330 2048 consilio
1353 1990 1475 2048 ecclesiae
1497 1991 1738 2064 gubernabantur:

448 2085 601 2151 ‘postquam
629 2094 692 2132 rere
720 2075 907 2149 uuusquisque
934 2091 983 2132 eos
1011 2093 1081 2149 quos
1109 2075 1302 2150 baptisaverat,
1333 2094 1399 2133 suos
1427 2076 1540 2150 putebat
1566 2094 1641 2142 esse,
1678 2083 1776 2132 nonl⁶

450 2162 573 2224 Christi,
602 2161 630 2216 in
660 2169 718 2218 toto
742 2160 807 2216 orhe
829 2160 967 2216 decretum
991 2168 1033 2216 est
1055 2168 1086 2215 ut
1108 2177 1178 2216 uuus
1200 2160 1233 2217 de
1255 2160 1423 2235 preshyteris
1445 2160 1548 2218 electus
1570 2178 1740 2236 superpone·

451 2255 537 2303 ‘retur
557 2246 677 2307 caeteris,
706 2246 738 2303 ad
767 2263 847 2318 quem
870 2245 958 2302 omnis
980 2262 1045 2301 eura
1066 2244 1188 2303 ecclesia
1210 2247 1360 2320 pertineret
1382 2254 1410 2301 et
1431 2245 1606 2302 schismatum
1635 2247 1740 2302 semina

381 2330 641 2388 t.¹t.·tollcrentur.’
685 2330 712 2386 Si
734 2331 910 2387 autoritatem
932 2330 1068 2403 quaeritis,
1092 2330 1232 2387 audiamus
1254 2330 1373 2405 apostoli
1395 2329 1471 2385 Pauli
1493 2331 1525 2387 ad
1547 2329 1739 2404 Philippenses

448 2417 529 2473 rerba
557 2415 672 2473 dicentis
701 2415 810 2472 ‘Paulus
839 2424 867 2470 et
895 2415 1068 2477 Timotheus,
1098 2417 1169 2470 servi
1197 2416 1259 2472 lesu
1286 2415 1402 2479 Christi,
1432 2415 1557 2472 omnibus
1585 2417 1687 2472 sanctis
1709 2416 1739 2471 in

449 2502 566 2557 ‘Christo
589 2502 662 2563 lesu,
687 2502 732 2574 qni
756 2508 820 2557 sunt
834 2499 968 2574 Philippis
982 2518 1043 2556 cum
1066 2500 1202 2574 episcopis
1225 2510 1252 2558 et
1274 2500 1403 2562 diaconis,
1426 2501 1514 2574 gratia
1535 2500 1613 2557 vobis
1634 2509 1664 2557 et
1685 2509 1777 2576 part·

450 2584 509 2644 ‘dic
544 2585 678 2660 Philippis
701 2603 752 2641 urta
774 2585 869 2642 civitas
890 2593 933 2641 est
955 2584 1133 2646 blaeedoniae,
1164 2595 1191 2640 et
1213 2594 1286 2642 certe
1310 2587 1337 2641 iu
1360 2603 1412 2640 una
1435 2584 1543 2641 civitate
1565 2602 1622 2643 non
1644 2585 1740 2659 plures

449 2679 536 2728 ‘erant
558 2671 697 2746 episcopi.'
740 2671 858 2727 Rursus:
882 2671 918 2725 ‘in
941 2670 1009 2725 actis
1031 2669 1220 2743 apostolorum
1244 2672 1376 2743 seriptum
1398 2677 1454 2731 est,
1478 2672 1552 2744 quod
1574 2687 1634 2727 cunr
1649 2671 1741 2726 venis·

451 2764 502 2812 ‘set
524 2755 669 2830 apostolus·
687 2755 821 2816 Miletum,
851 2755 955 2810 miserit
976 2755 1111 2828 Ephesum
1139 2763 1169 2810 et
1193 2756 1329 2811 vocaverit
1355 2756 1500 2828 episcopos
1522 2754 1644 2812 eeclesiae
1666 2757 1741 2811 eius·

399 2842 404 2852 '
450 2843 536 2904 ‘tlem,
566 2841 666 2916 quihus
694 2850 789 2914 postea
812 2841 884 2895 inter
905 2847 1005 2896 caetera
1027 2840 1066 2896 sic
1089 2838 1197 2896 locutus
1220 2840 1377 2895 “Attendite
1404 2839 1482 2896 vobis
1504 2848 1532 2895 et
1555 2840 1627 2895 omui
1650 2841 1740 2913 gregi,

450 2928 487 2983 ‘in
509 2944 564 3000 quo
586 2944 635 2982 ros
656 2926 770 3000 spiritus
791 2933 901 2981 sanctus
923 2924 1030 2997 posuit,
1053 2925 1198 2998 episcopos
1220 2942 1331 2999 pascere
1353 2924 1494 2981 ecclesiam
1516 2924 1633 2987 domiui,
1656 2933 1775 2999 quam²⁸

382 3015 437 3067 l.¹²·
450 3012 601 3085 ‘acquisivit
621 3029 672 3084 per
692 3011 851 3084 sanguinem
874 3009 979 3066 sunm.’'
1015 3007 1047 3064 Et
1069 3009 1113 3065 hic
1134 3008 1294 3083 diligentins
1316 3009 1472 3072 observate,
1495 3010 1633 3083 quomodo
1656 3010 1740 3066 unius

447 3097 574 3154 ‘civitatis
596 3095 695 3169 Ephesi
717 3095 894 3169 presbyteros
916 3111 1013 3150 vocaus
1036 3102 1132 3166 postea
1153 3095 1262 3151 eosdem
1286 3089 1450 3170 ‘episcopos‘
1472 3095 1588 3152 dixerit!
1631 3095 1741 3152 ‘Petrus

450 3191 584 3255 ‘quoque
608 3181 655 3254 qui
678 3197 710 3237 er
732 3180 858 3235 lirmitate
881 3178 942 3235 fidei
965 3195 1064 3234 nomen
1087 3179 1206 3252 aceepit,
1237 3179 1263 3235 in
1286 3178 1403 3253 epistola
1426 3197 1476 3236 sna
1497 3179 1623 3253 loquitur
1644 3180 1739 3236 dicens

449 3266 660 3339 '‘Presbyteros
682 3281 749 3338 ergo
773 3267 800 3321 iu
823 3263 899 3320 robis
921 3264 1036 3319 obsecro
1058 3264 1263 3338 compresbyter
1289 3273 1317 3321 et
1340 3265 1418 3320 testis
1440 3264 1541 3320 Christi
1569 3265 1739 3339 passionum,

450 3341 505 3425 ‘qui
528 3359 555 3407 et
578 3351 638 3407 eins
660 3349 756 3423 gloriar
779 3367 841 3423 quae
864 3350 891 3403 in
914 3349 1007 3405 futuro
1030 3348 1171 3404 revelanda
1193 3358 1250 3412 est,
1272 3350 1363 3405 socius
1386 3367 1460 3412 sum,
1483 3350 1587 3422 pascite
1609 3367 1671 3405 eum
1687 3350 1774 3423 quio

449 3438 485 3491 ‘in
509 3436 585 3491 vobis
614 3444 670 3497 est,
699 3452 809 3508 gregem
839 3434 955 3496 domini,
985 3451 1041 3489 non
1071 3434 1148 3506 quasi
1175 3452 1236 3490 eum
1264 3436 1441 3496 necessitate,
1470 3435 1519 3491 sed
1549 3430 1739 3490 voluntarie''.’

429 3520 525 3588 ‚Quod
547 3537 611 3576 vero
635 3521 662 3575 iu
685 3518 801 3592 singulis
823 3518 946 3575 ecclesiis
968 3517 1197 3592 superintendens
1226 3519 1329 3577 electus
1358 3528 1400 3575 est
1428 3518 1492 3590 (hoc
1521 3520 1594 3576 enim
1616 3512 1737 3575 §nouo

449 3607 516 3662 πεῖν
539 3623 596 3679 prm
619 3623 649 3659 se
672 3603 739 3665 lert,
763 3622 778 3658 a
801 3621 855 3677 quo
877 3596 1037 3670 ἐπίσκοπος
1059 3611 1175 3672 tractum
1199 3603 1264 3677 est),
1293 3612 1428 3678 utsupra
1451 3603 1584 3667 diximus,
1614 3605 1641 3659 in
1665 3604 1740 3661 sebi·

450 3691 544 3747 sinatis
567 3689 714 3745 remedium
737 3691 916 3750 estfactum,
946 3706 979 3744 ne
1003 3689 1189 3762 uuusquisque
1212 3689 1244 3745 ad
1272 3706 1302 3745 se
1331 3689 1442 3751 trahens
1463 3688 1563 3745 Christi
1593 3687 1737 3746 ecclesiam

381 3778 400 3829 l.
410 3780 440 3822 ¹³-
451 3784 603 3848 rumperet:
627 3782 696 3829 ‘nam
718 3783 747 3830 et
768 3774 934 3830 Alexandriae
958 3793 972 3830 a
994 3773 1084 3830 hlarco
1105 3773 1205 3846 (verbis
1226 3772 1365 3847 loquimur
1385 3774 1441 3829 divi
1456 3772 1623 3848 Hieronymi)
1646 3783 1773 3831 ‘eran-ss

450 3860 557 3934 ‘gelista
578 3876 666 3932 usqne
688 3858 721 3914 ad
743 3858 882 3915 licraclam
904 3868 932 3915 et
945 3859 1102 3932 lliouysinm
1123 3858 1269 3932 episcopos
1291 3858 1443 3932 presbyteri
1466 3877 1575 3934 semper
1597 3876 1681 3916 unum
1703 3876 1737 3917 ex

448 3955 486 4002 ‘se
509 3945 625 4002 electum
648 3943 675 3999 in
698 3944 838 4001 excelsiori
861 3944 947 4017 gradu
961 3944 1125 4001 collocatum
1148 3943 1323 4017 ‘episcopum'
1345 3943 1535 4006 nominabant,
1558 3946 1697 4017 quomodo
1712 3945 1737 4001 si

449 4030 592 4087 ‘exercitus
616 4030 807 4103 imperatorem
829 4028 919 4085 iaciat.
963 4029 1028 4103 quid
1056 4030 1128 4084 enim
1157 4028 1222 4084 lacit
1248 4037 1359 4102 excepta
1387 4029 1560 4086 ordinatione
1588 4031 1737 4104 episcopus

449 4117 530 4190 ‘quod
559 4114 701 4189 presbyter
730 4132 782 4170 non
812 4114 910 4170 saciat?
939 4132 989 4170 nec
1014 4113 1099 4170 altera
1121 4114 1245 4169 llornanae
1273 4113 1387 4170 ecelesia
1415 4113 1504 4176 urbis,
1533 4113 1618 4171 altera
1648 4115 1736 4173 totins

449 4200 534 4255 ‘orbis
556 4200 731 4255 existimanda
754 4208 809 4255 est:
832 4208 860 4254 et
881 4197 974 4255 Galliae
997 4208 1024 4254 et
1047 4198 1195 4254 Germaniae
1217 4207 1245 4254 et
1259 4198 1405 4254 britanniae
1427 4207 1454 4254 et
1469 4199 1567 4255 hlricae
1588 4208 1616 4255 et
1639 4210 1771 4256 omnestt

449 4284 580 4341 ‘barbarie
602 4284 726 4340 nationes
749 4301 832 4339 unum
854 4283 990 4340 Christum
1013 4283 1127 4338 adorant
1154 4292 1181 4339 et
1209 4301 1288 4339 unam
1318 4292 1428 4340 servant
1448 4283 1571 4356 regulam
1593 4286 1733 4341 veritatis:

448 4371 481 4425 ‘si
503 4368 635 4427 autoritas
659 4369 801 4443 quaeritur,
830 4370 917 4424 maior
943 4376 985 4424 est
1008 4368 1081 4423 orbis
1104 4385 1183 4442 quam
1206 4367 1290 4424 urbis.
1335 4369 1487 4442 ubicunqne
1516 4368 1599 4424 luerit
1627 4371 1735 4443 episco-

448 4535 650 4544 .....---.--

517 4637 528 4670 ⁸
545 4634 665 4702 merem]
678 4635 844 4702 apocalyps.
857 4636 959 4686 XVIII.
973 4637 998 4685 4.
1034 4633 1098 4669 ¹¹···⁸¹
1112 4636 1270 4701 liierenym.
1284 4652 1382 4687 comm.
1395 4637 1425 4688 in
1438 4651 1479 4702 ep.
1494 4637 1530 4687 ed
1541 4636 1597 4689 Tit.
1611 4656 1634 4690 c.
1644 4638 1733 4692 1.v.5.

448 4720 521 4785 (Vll.
533 4719 592 4771 694.
604 4718 660 4787 sq.)
708 4719 1131 4784 ¹³Pou1.ep.1.a‹100r.1.12.
1183 4721 1247 4772 *tut
1263 4726 1383 4773 om.1.2.
1432 4720 1452 4754 ¹⁸
1471 4722 1731 4778 rennuente.

448 4805 471 4837 ²⁰
488 4805 614 4855 diaconis
631 4813 656 4855 et
673 4804 810 4869 Philippis
829 4808 853 4853 1.
871 4804 993 4870 Philippi
1010 4821 1065 4856 una
1083 4813 1126 4856 est
1142 4807 1251 4860 Hieron.
1321 4805 1343 4838 ²¹
1361 4807 1423 4859 het.
1436 4812 1525 4873 apost.
1538 4808 1597 4857 XX.
1620 4808 1658 4859 ¹5.
1672 4825 1732 4874 sqq.
1760 4859 1765 4869 ,

449 4887 564 4955 Rursus]
578 4891 726 4954 Ilieronym.
739 4892 755 4938 1.
769 4905 790 4938 c.
836 4887 859 4920 ²⁴
876 4890 936 4939 Act.
951 4896 1038 4955 apost.
1052 4892 1111 4940 XX.
1124 4889 1165 4940 28.
1211 4889 1233 4922 ²⁵
1250 4895 1376 4956 pascere]
1395 4907 1492 4956 regere
1514 4893 1617 4956 Vulpot.
1656 4891 1679 4925 ²⁷
1697 4894 1734 4943 Et

447 4989 504 5039 sqq.
524 4989 559 5023 ex
571 4976 679 5025 Hieron.
691 4979 791 5037 sumpte
807 4978 872 5021 sunt.
921 4975 996 5023 Petri
1008 4976 1029 5027 1.
1044 4991 1085 5040 ep.
1099 4975 1130 5026 V.
1147 4974 1205 5025 Η.
1252 4975 1274 5008 ⁸⁸
1292 4967 1447 5029 ἐπισκοπόσ
1460 4980 1483 5026 1.
1503 4975 1547 5030 Oi.
1560 4977 1673 5028 Hieron.
1687 4995 1732 5045 ep.

450 5074 510 5108 mox
523 5058 644 5108 citando.
695 5057 717 5090 ⁸⁶
735 5057 893 5121 Hieronym.
906 5059 984 5123 epist.
1001 5057 1058 5109 tte.
1078 5059 1113 5121 (Ι.
1126 5075 1153 5125 p.
1168 5057 1253 5123 1082.)
1271 5060 1308 5110 el.
1321 5060 1408 5113 eined.
1422 5061 1456 5112 de
1475 5062 1526 5113 vir.
1538 5061 1638 5113 illustr.
1652 5079 1676 5115 c.
1689 5065 1733 5115 5⁴1.
