4300 6059
452 670 526 742 256
564 700 698 735 triennum
712 700 885 735 BARTHOLIM
898 700 1001 734 ORATIO
1015 701 1049 748 DB
1063 701 1252 735 nxrssntrtoun
1266 699 1375 734 CONTRA
1388 699 1493 736 Truces
1507 700 1701 736 svscu’tnm.

334 870 337 879 ’
383 869 440 918 §.aa
452 862 541 934 parvis
568 858 727 935 provinciis,
757 857 812 913 illic
842 858 874 912 dc
903 858 1025 913 maximis
1054 858 1175 932 imperiis
1202 858 1365 914 decertatur.
1411 858 1506 914 Patere
1534 876 1613 933 aequo
1635 860 1736 922 animo,

449 944 628 1007 sacratissime
645 944 805 1016 imperator,
830 942 936 998 brevem
951 943 1019 998 banc
1035 960 1120 998 meam
1142 943 1348 1016 digressionem.
1394 943 1560 1000 'llrurcarum
1584 944 1736 1018 imperium,

450 1031 521 1104 quod
553 1028 586 1085 ab
615 1029 691 1084 initio
720 1037 767 1084 aut
789 1026 893 1082 nullum
916 1036 963 1083 aut
985 1045 1095 1101 parvum
1118 1029 1228 1084 omnino
1251 1028 1316 1088 luit,
1347 1044 1417 1083 nume
1440 1047 1454 1084 a
1477 1030 1664 1102 septentrione
1688 1046 1737 1102 per

449 1124 597 1171 extreruum
611 1113 690 1170 Ponti
713 1114 801 1170 sinum
825 1113 856 1168 ad
873 1105 986 1168 Colchos
1009 1130 1098 1187 usqne
1117 1112 1287 1174 etadlhanos
1310 1113 1498 1186 protenditur:
1520 1132 1535 1169 a
1558 1115 1671 1170 meridie
1685 1115 1736 1187 Ly-

448 1218 505 1256 caeo
522 1200 601 1260 mari,
624 1199 783 1274 Pamphylio
800 1206 827 1252 et
842 1197 925 1253 lssico
941 1199 1002 1254 sinu
1018 1198 1094 1271 prius
1109 1197 1292 1260 claudebatur,
1316 1214 1387 1253 nunc
1402 1200 1468 1255 mari
1485 1199 1569 1254 rubro
1584 1207 1613 1254 et
1627 1198 1757 1254 AEtlrio·s

450 1286 494 1359 pia
517 1284 623 1347 finitum
646 1283 679 1340 ab
702 1284 807 1339 oriente
830 1291 964 1357 quatenus
986 1284 1113 1340 Armenia
1135 1283 1167 1340 ad
1190 1282 1353 1359 Euphratem
1377 1285 1481 1356 vergit:
1510 1284 1544 1341 ab
1567 1301 1664 1341 occasu
1686 1290 1747 1358 per

450 1369 655 1444 Propontidem,
678 1368 801 1442 AEgaeum
823 1376 851 1424 et
873 1368 1006 1442 Myrtoum
1029 1386 1102 1424 mare
1118 1368 1222 1430 blinsia,
1245 1368 1408 1430 lllacedouia,
1431 1369 1522 1442 Epiro,
1545 1368 1653 1443 lllyrico
1676 1369 1735 1424 dni·

380 1464 439 1514 §.tlt
451 1465 504 1511 tur.
542 1474 557 1511 a
573 1455 632 1509 sinu
648 1469 712 1509 vero
729 1453 811 1509 lssico
827 1453 860 1510 ad
873 1452 998 1509 Gnidiam
1013 1470 1099 1527 usquc
1116 1454 1334 1525 promontorium
1350 1452 1443 1527 plures
1459 1472 1538 1527 quam
1555 1453 1736 1527 quadraginta

448 1539 528 1596 urbes
550 1538 691 1597 maritimae
712 1545 905 1600 numerantur:
928 1558 941 1594 a
965 1537 1062 1593 Gnidio
1085 1537 1255 1611 Bosphorum
1271 1538 1413 1594 'lbracium
1437 1556 1523 1611 usque
1546 1547 1573 1594 et
1589 1537 1735 1594 Chalcedo-

447 1642 507 1681 nem
530 1623 643 1681 totidem
667 1624 724 1680 lere
747 1631 826 1687 sunt;
849 1641 863 1678 a
886 1623 1028 1697 Bosphoro
1051 1623 1084 1679 ad
1107 1626 1242 1697 Apsorum
1264 1633 1292 1679 et
1314 1622 1531 1698 sebastopolim,
1554 1641 1616 1697 qne
1640 1624 1667 1678 in
1691 1624 1769 1679 ul·io

448 1712 514 1766 timo
535 1709 640 1766 Pontici
668 1708 750 1765 uraris
779 1710 840 1764 sinu
871 1708 968 1782 positar
997 1717 1074 1770 suut,
1103 1725 1153 1782 par
1181 1709 1289 1765 urbium
1317 1726 1445 1765 numerus
1476 1710 1621 1782 reperitur.
1665 1708 1735 1775 Ouid

448 1804 537 1852 autem
560 1794 631 1851 ultra
646 1794 759 1851 Colchos
781 1802 810 1850 et
824 1793 955 1857 Albanos,
979 1801 1025 1851 aut
1047 1794 1112 1867 quid
1135 1810 1207 1850 nuuc
1229 1794 1255 1849 in
1270 1792 1391 1868 AEgypto
1405 1793 1572 1868 AEtbiopiam
1594 1802 1622 1848 et
1637 1794 1735 1868 alphri-

391 1893 503 1937 .·t.cam
526 1898 619 1936 versus
641 1879 819 1953 occuparint,
839 1896 893 1952 uon
915 1879 981 1936 satis
996 1879 1061 1935 mibi
1077 1887 1246 1952 compertum
1268 1887 1318 1934 est.
1363 1881 1495 1936 Ceterum
1517 1896 1578 1952 qnae
1601 1878 1735 1953 inpriore

446 1965 547 2021 ambitu
572 1974 704 2021 terrarum
727 1964 872 2039 provinciae
893 1963 1068 2020 continentur
1092 1961 1154 2037 (non
1178 1964 1248 2019 enim
1271 1961 1380 2037 singula
1402 1964 1433 2019 ad
1463 1981 1582 2037 unguem
1611 1964 1755 2019 secuturi

446 2045 650 2122 snmuslssheae
673 2049 729 2104 lere
751 2057 828 2104 sunt:
857 2048 885 2104 in
907 2049 995 2104 Ponto
1018 2056 1046 2104 et
1068 2048 1189 2121 Bithynia
1213 2049 1358 2122 provincie
1380 2048 1446 2110 llll,
1470 2049 1552 2105 urbes
1574 2049 1768 2104 mediterrats

446 2153 504 2191 neae
526 2134 620 2208 plures
643 2133 741 2190 .xxx.:
764 2135 790 2188 in
814 2133 884 2189 alsia
906 2135 1051 2206 provinciae
1074 2132 1145 2195 ult,
1169 2132 1251 2189 urbes
1273 2135 1478 2192 mediterraneae
1493 2133 1550 2189 lore
1573 2133 1661 2188 mn.
1686 2151 1736 2189 uu·

447 2228 599 2282 merentum
619 2216 784 2292 Pamphyliae
800 2226 827 2273 et
841 2218 929 2292 Lycias
943 2219 1096 2295 provincias
1112 2219 1245 2291 quinque,
1262 2219 1343 2276 urbes
1365 2220 1576 2276 mediterraneas
1592 2218 1648 2273 lere
1664 2218 1735 2280 nx..

445 2304 564 2361 Ciliciam
587 2320 663 2365 vero,
687 2321 747 2377 quae
770 2303 803 2360 iis
824 2304 953 2376 contigua
976 2312 1033 2365 est,
1057 2304 1203 2377 provinciis
1227 2302 1302 2366 .llll.,
1326 2304 1440 2361 urbibus
1462 2322 1532 2359 vero,
1550 2303 1657 2359 ,xxxii
1679 2303 1734 2360 cla·
1801 2345 1807 2356 .

447 2407 502 2445 ram
525 2389 641 2451 iaciunt:
664 2388 843 2468 Cappadocia,
867 2406 927 2462 quaa
941 2389 1087 2445 Antitanro
1109 2398 1201 2444 monte
1223 2388 1257 2446 ab
1279 2390 1403 2446 Armenia
1425 2389 1566 2450 dividitur,
1589 2388 1735 2462 praelectu-

446 2474 483 2529 ris
507 2472 545 2529 .v.
568 2483 595 2529 et
616 2473 721 2529 rluahus
744 2473 901 2547 provinciis.
931 2473 1044 2530 urbibus
1073 2490 1136 2529 vero
1164 2474 1366 2530 mediterraneis
1388 2473 1513 2548 pluribus
1536 2472 1640 2529 lxxx.
1662 2473 1769 2529 cele-ae

447 2558 503 2614 liris
525 2565 581 2621 est;
603 2559 735 2616 Armeniae
757 2567 846 2615 antem
870 2558 981 2621 minori,
1013 2577 1073 2632 quaa
1095 2559 1163 2616 citra
1185 2557 1311 2633 ultraque
1334 2560 1470 2615 Antitauri
1501 2559 1562 2632 iuga
1593 2558 1734 2632 usquead

448 2643 611 2717 Bupbrntem
629 2642 800 2707 extenditur,
830 2644 998 2717 praefecturae
1020 2652 1151 2717 quatuor,
1184 2644 1328 2719 provinciae
1351 2643 1411 2707 ‚vt.‚
1434 2643 1517 2700 urbes
1538 2653 1627 2701 auteur
1650 2643 1736 2703 medi·

377 2734 578 2786 §.rotonaneae
600 2728 693 2802 plnres
709 2728 792 2784 dxx.
809 2729 1004 2786 attribuuntur.
1049 2729 1076 2783 Si
1100 2746 1166 2802 ergo
1189 2738 1217 2785 et
1239 2730 1436 2803 provinciarum
1458 2738 1487 2787 et
1509 2729 1616 2785 urbium
1639 2719 1735 2785 nume·

446 2832 492 2870 rus
515 2822 670 2888 reputetur,
694 2814 847 2887 provincias
869 2813 931 2888 plus
954 2814 1043 2870 nriuns
1066 2814 1136 2876 hl...
1159 2813 1241 2870 urbes
1262 2832 1404 2872 verocurn
1425 2814 1574 2871 maritimas
1595 2831 1657 2871 enm
1678 2829 1736 2870 rne-

421 2899 611 2958 diterraneas
638 2898 733 2955 0000.
763 2899 937 2973 reperiemus.
981 2916 1036 2955 uon
1064 2899 1136 2954 euim
1164 2899 1196 2955 de
1223 2898 1365 2973 Europaeis
1392 2917 1424 2956 ac
1452 2899 1648 2960 florentissimi¹
1667 2896 1770 2955 olima

444 2984 600 3041 creonam
624 2984 729 3058 imperii
753 2983 925 3057 regionibus,
954 2975 1050 3058 utpote
1078 2983 1158 3041 nobis
1180 2984 1268 3047 notis,
1297 2982 1410 3060 loquor,
1441 3002 1554 3059 quarum
1576 2984 1599 3039 si
1622 2983 1736 3057 praela·

444 3069 557 3126 rissimae
585 3069 731 3144 provinciae
759 3068 912 3143 urbesque,
942 3086 1009 3142 quas
1037 3069 1191 3133 amisimus,
1220 3079 1442 3132 recenserentur,
1473 3069 1551 3127 lacile
1580 3067 1736 3140 intelligere

444 3155 563 3228 possetis
585 3161 707 3210 nostram
722 3153 866 3217 desidiam,
889 3161 1024 3216 nostram,
1048 3154 1175 3227 inquam,
1198 3155 1329 3229 ignaviam
1344 3163 1453 3212 centurn
1467 3154 1635 3228 provincias,
1659 3151 1737 3210 mille

446 3239 528 3296 urbes
550 3240 681 3296 hactenus
704 3238 867 3312 perdidisse;
891 3239 963 3295 unde
984 3256 1040 3296 uon
1061 3238 1150 3295 solum
1172 3240 1296 3313 pristinae
1319 3239 1397 3296 uobis
1425 3239 1536 3312 gloriae,
1566 3239 1615 3295 sed
1644 3238 1735 3294 incra·
1771 3272 1773 3277 ,

375 3323 535 3386 §.audibilis
558 3324 684 3381 utilitatis
707 3325 810 3380 iactura
838 3323 912 3380 illata
940 3333 996 3380 est:
1025 3342 1119 3380 ornnes
1147 3325 1280 3398 siquidem
1308 3325 1435 3398 regiones
1462 3323 1504 3396 (ut
1532 3322 1613 3380 Tullii
1641 3322 1770 3381 verbisne

443 3409 514 3482 utar)
538 3412 575 3466 ita
598 3410 695 3483 opimae
717 3427 747 3466 ac
771 3409 873 3466 fertiles
896 3417 978 3473 snut,
1003 3417 1033 3465 nt
1055 3418 1083 3464 et
1105 3409 1229 3466 ubertate
1250 3427 1379 3483 agrorum
1402 3418 1430 3466 et
1449 3410 1579 3465 varietate
1594 3407 1736 3465 fructuum

378 3497 380 3501 ’
443 3503 470 3548 et
493 3495 679 3569 magnitudine
702 3495 856 3568 pastionum
879 3503 907 3551 et
929 3494 1102 3556 multitudine
1125 3512 1218 3551 earum
1241 3513 1332 3552 rerum
1355 3513 1416 3569 quae
1438 3502 1630 3569 exportantur,
1654 3490 1735 3549 facile

443 3578 570 3635 omnibns
593 3581 674 3636 terris
696 3578 848 3635 antecellat.
888 3587 963 3636 taceo
985 3578 1166 3642 creberrimos
1188 3588 1286 3654 portus
1309 3587 1428 3654 utroque
1452 3579 1591 3643 inlitum,
1614 3586 1643 3634 et
1658 3578 1736 3634 tata·

445 3666 498 3720 tico
520 3674 548 3721 et
571 3664 721 3739 Europaeo,
749 3662 791 3721 vel
813 3673 909 3722 natura
931 3663 973 3720 vel
995 3664 1110 3721 artificio
1134 3664 1288 3721 mortalium
1315 3665 1468 3727 conlectos,
1498 3664 1530 3721 ad
1560 3680 1630 3738 quos
1657 3670 1735 3722 tanta

445 3750 573 3807 mercium
596 3750 711 3805 varietas
733 3749 869 3812 delentur,
893 3758 945 3805 tam
968 3768 1064 3823 magna
1087 3760 1279 3824 comparantur
1305 3749 1447 3824 vectigalia
1474 3767 1505 3806 ac
1533 3748 1672 3823 portoria,
1702 3755 1770 3805 ntes

375 3834 523 3898 §.solacile
546 3835 606 3891 inde
629 3836 754 3908 ingentes
775 3835 862 3908 copiae
890 3844 917 3892 et
946 3836 1041 3891 armari
1071 3843 1100 3890 et
1127 3834 1162 3891 ali
1190 3835 1306 3909 possint.
1350 3835 1406 3892 lluc
1435 3852 1502 3908 ergo
1532 3833 1648 3898 bellum,
1680 3833 1734 3889 buc

444 3921 661 3993 potentissimum
684 3921 831 3975 exercitum
855 3927 930 3976 tuum
952 3938 1034 3994 para,
1057 3920 1238 3976 sacratissime
1253 3919 1418 3994 imperator,
1442 3919 1495 3975 lruc
1516 3918 1631 3974 divinam
1653 3918 1733 3974 istam

442 4007 568 4061 virtutem
593 4012 664 4061 tuam
688 4023 717 4061 ac
740 4003 863 4060 bellicam
886 4004 1054 4080 disciplinam
1077 4006 1180 4078 dirige;
1208 4005 1262 4062 buc
1288 4005 1442 4061 dominandi
1471 4003 1651 4078 cupididatem
1674 4019 1735 4057 rer·
1768 4044 1772 4052 .

444 4091 505 4152 tite,
536 4089 714 4147 illustrissimi
744 4089 890 4164 principes
927 4108 987 4146 nam
1015 4091 1037 4145 si
1065 4089 1107 4162 (ut
1136 4090 1216 4146 etiam
1246 4090 1427 4147 homanorum
1455 4084 1584 4163 encrnplis
1613 4087 1733 4163 utamur)

442 4193 515 4249 saepe
538 4174 735 4232 mercatoribus
763 4194 793 4231 ac
822 4174 1053 4231 naviculatoribus
1082 4175 1240 4230 iniuriosius
1270 4175 1391 4232 tractatis
1420 4173 1491 4230 hclla
1518 4182 1679 4249 gesserunt,
1708 4173 1770 4228 stu

442 4261 615 4322 Corinthum,
640 4260 724 4316 totius
747 4260 857 4317 Graecina
880 4260 986 4322 lumen,
1014 4260 1163 4318 extinctum
1192 4277 1253 4315 csse
1282 4259 1441 4322 voluerunt,
1470 4277 1518 4315 vos
1545 4275 1593 4314 eos
1621 4258 1733 4334 inopinae

442 4362 558 4418 regnare
578 4344 731 4419 patiemini,
756 4346 803 4419 qui
828 4353 881 4402 tam
904 4346 997 4420 inique
1020 4345 1137 4418 populos
1160 4344 1327 4411 Christianos
1357 4353 1488 4411 tractam,
1517 4344 1564 4418 qni
1594 4351 1637 4400 tot
1666 4359 1733 4417 pro-

442 4431 588 4487 vinciarum
612 4430 774 4504 urbiumque
796 4439 945 4489 vestrarum
968 4430 1028 4486 iura
1050 4429 1102 4486 sibi
1124 4439 1152 4486 et
1175 4428 1318 4487 utilitatem
1334 4429 1489 4491 vendicant,
1513 4428 1558 4505 qni
1574 4425 1643 4485 nibil
1658 4426 1734 4485 aliud

470 4669 476 4682 ι
509 4696 649 4749 *Turcz
702 4695 861 4762 ‘Lyceoz
881 4698 970 4762 chr'o.
1023 4694 1207 4762 ⁶Parnphilio
1219 4701 1244 4747 2.
1293 4696 1512 4762 ⁷hlyrthon1nt.
1529 4673 1687 4760 Myrrhinam
1705 4699 1732 4748 2.

441 4782 533 4848 Epyro
547 4785 571 4832 1.
612 4783 717 4834 Illirico
731 4787 754 4833 2.
790 4780 812 4815 ¹2
829 4786 912 4842 nunc]
931 4780 1168 4835 deoictffiotdiaro.
1188 4781 1309 4842 acuto
1337 4781 1402 4831 dir.
1417 4787 1445 4832 et
1457 4781 1579 4848 AEtlniop.
1588 4784 1612 4830 2.
1649 4778 1671 4813 ¹⁴
1687 4796 1732 4831 ne·
1784 4816 1787 4822 ,

443 4870 532 4919 canturi
544 4872 570 4920 2.
591 4928 594 4935 .
617 4867 638 4901 ¹⁵
656 4867 700 4917 lua
712 4870 737 4916 2.
784 4867 918 4931 Bytlrinin
930 4871 952 4922 1.
1005 4865 1026 4899 ¹⁸
1045 4867 1169 4918 Numeros
1186 4865 1270 4916 uerbis
1286 4869 1418 4931 expressit
1435 4870 1462 4917 2.
1515 4865 1536 4898 ¹'
1553 4863 1733 4930 Pamphila.

443 4950 464 4984 ¹⁸
481 4956 575 5012 xm]
593 4952 711 5017 triginta
723 4955 748 5001 2.
785 4948 806 4982 ³⁰
825 4952 862 5002 cl.
877 4950 1249 5018 Gtckprolegeblnnilwt.
1285 4948 1308 4984 ⁸⁸
1325 4950 1477 5003 littoreP..
1502 4947 1525 4984 ⁸⁸
1542 4954 1618 5000 tuem
1630 4950 1693 5000 virt.
1704 4953 1732 5001 2.

442 5033 463 5067 ⁸⁰
482 5037 518 5087 cl.
534 5037 584 5087 Cic.
598 5037 616 5086 l.
629 5037 721 5099 ean.
756 5033 779 5067 ⁴⁰
796 5050 869 5102 naepe
888 5039 967 5088 orna.
1002 5033 1025 5070 ⁴²
1038 5050 1098 5088 esse
1116 5039 1199 5088 orna.
