4300 6059
449 678 522 749 2411
569 708 673 742 nudent
687 707 814 743 virtum
828 708 932 742 eremo
944 708 1078 743 AVGVS'I'AE
1091 708 1205 742 virtum..
1220 708 1245 743 D.
1259 701 1293 742 20.
1307 707 1410 743 11111.
1425 702 1483 743 1518.
1497 707 1613 742 uentre.

364 905 375 929 .
450 867 522 923 lerro
545 875 574 923 et
594 867 725 940 sauguine
748 866 927 921 debacchatus
950 866 993 921 sit.
1032 884 1083 922 nos
1111 874 1199 922 tamen
1228 869 1291 922 latis
1320 868 1359 923 sic
1389 866 1542 923 volentibus
1565 866 1654 922 omnia
1676 864 1736 921 baec

450 970 508 1025 1111
530 951 653 1007 ultimum
678 951 803 1007 orrrnibns
825 951 936 1007 exitium
959 952 1109 1013 rninantur,
1133 952 1275 1008 ridiculum
1298 960 1439 1026 putamus.
1463 952 1568 1007 utiam
1592 950 1659 1006 illud
1682 950 1735 1006 divi

450 1038 521 1092 Petri
544 1037 753 1110 naufragantes,
776 1037 839 1092 ulum
861 1036 911 1090 sihi
936 1037 962 1090 in
984 1037 1111 1091 lluctihus
1133 1038 1269 1093 alexteram
1291 1038 1348 1093 dari
1371 1038 1496 1112 poposcit
1512 1044 1539 1091 et
1560 1037 1673 1097 meruit.
1697 1035 1737 1090 di·

395 1139 514 1191 pacere
536 1122 619 1178 libeat
641 1120 726 1177 ‘Salva
748 1139 812 1183 nos,
835 1122 955 1183 domine.
979 1122 1115 1195 perimus’.
1153 1122 1305 1196 tlollcgerat
1328 1123 1442 1179 similem
1465 1130 1627 1178 conventum
1650 1120 1737 1176 lelicis

450 1207 644 1263 recordatiouis
666 1207 841 1263 charissimus
863 1208 973 1279 genitor
995 1216 1058 1263 tuus
1081 1215 1144 1281 pest
1168 1209 1331 1281 insperatam
1353 1207 1485 1263 tlarniolae
1509 1225 1565 1264 suae
1586 1205 1757 1280 depopulat

451 1294 564 1347 tionem:
588 1292 672 1347 multa
695 1291 749 1347 illic
771 1293 797 1346 iu
820 1309 877 1347 eam
900 1293 1063 1347 sententiam
1085 1311 1101 1347 a
1123 1293 1188 1348 viris
1209 1294 1373 1349 doctissimis
1387 1293 1535 1349 declamata
1549 1302 1628 1355 sunt,
1651 1290 1736 1347 multa

449 1377 529 1432 setiam
552 1377 713 1450 propontico
736 1377 850 1451 quodam
872 1377 971 1451 spiritu
994 1377 1137 1451 praedicta,
1166 1378 1218 1433 nisi
1242 1381 1306 1434 tunc
1328 1379 1492 1434 instantibus
1520 1386 1549 1434 et
1569 1377 1738 1432 evidentissi-

449 1462 499 1516 mis
522 1462 650 1535 periculis
673 1460 751 1519 aliter
773 1463 911 1536 provisum
935 1462 1046 1525 luisset;
1075 1480 1135 1536 quae
1163 1463 1252 1518 omma
1280 1463 1378 1518 llebilis
1402 1464 1507 1519 tandem
1532 1463 1643 1519 edoctus
1665 1479 1738 1517 com·

450 1547 547 1621 plevit.
571 1565 632 1602 eum
654 1545 727 1602 mdla
749 1546 873 1603 consulta
896 1547 1022 1608 invicem.
1045 1555 1074 1603 et
1096 1548 1244 1603 constituta
1267 1548 1340 1603 nulla
1363 1566 1413 1604 suo
1437 1549 1544 1609 aritine,
1568 1556 1599 1602 ut
1620 1547 1739 1602 necessi·

451 1641 492 1688 tas
520 1630 690 1707 postulabat,
722 1632 821 1689 debite
851 1631 1003 1688 executioni
1033 1633 1242 1695 mandarentur,
1275 1641 1304 1689 et
1333 1634 1420 1689 omnis
1447 1633 1487 1688 rei
1516 1633 1584 1687 bene
1611 1632 1737 1706 gerendae
1749 1644 1773 1683 m

391 1720 436 1769 17.
452 1716 629 1774 commoditas
651 1716 731 1773 simul
753 1735 814 1773 cum
837 1724 959 1792 tempore
981 1718 1080 1773 amissa
1102 1718 1155 1774 luit
1177 1718 1295 1792 turpiter
1316 1726 1363 1774 aut
1384 1718 1517 1792 neglecta.
1540 1718 1616 1774 Nunc
1631 1718 1739 1776 iterum.

452 1803 539 1860 Caesar
561 1802 750 1866 invictissime,
773 1821 823 1877 pro
844 1803 978 1876 dignitate
1000 1811 1028 1858 ct
1048 1802 1141 1859 debito
1165 1812 1213 1860 tuo
1234 1811 1397 1860 conventum
1424 1803 1497 1859 hunc
1526 1803 1597 1859 bono
1619 1811 1738 1877 caeptum

452 1889 541 1943 emine
568 1887 714 1962 diligenter
740 1888 931 1962 prosequeris.
968 1896 997 1943 ut
1024 1887 1124 1944 labenti
1156 1888 1310 1963 reipublicae
1338 1889 1496 1946 Christianae
1523 1887 1625 1944 elhcaci
1655 1904 1739 1962 opera

452 1972 593 2028 subvenire
615 1972 714 2047 possis.
759 1980 785 2028 et
809 1972 878 2028 iuste
902 1972 1024 2046 quidem:
1052 1973 1092 2028 sic
1114 1973 1185 2029 euim
1208 1973 1421 2029 Christianorum
1445 1974 1594 2047 imperator
1616 1990 1645 2027 rc
1667 1972 1741 2046 pari-

454 2067 496 2113 ter
516 2057 654 2114 constabis
677 2066 704 2112 et
726 2057 845 2119 nomine,
868 2057 931 2114 dum
954 2057 990 2112 hii
1015 2058 1060 2131 qui
1085 2066 1133 2114 tuo
1154 2058 1270 2114 subsunt
1294 2059 1421 2132 irnperio.
1450 2076 1465 2113 a
1487 2058 1590 2115 lbesare
1618 2074 1669 2112 suo
1691 2056 1738 2112 ad·
1752 2070 1774 2109 11

393 2150 437 2199 tt.
453 2143 502 2199 iuti
525 2143 627 2198 luerint
649 2150 677 2198 et
698 2142 811 2197 (leiensi.
849 2160 927 2215 quam
956 2143 1080 2216 equidem
1109 2142 1331 2199 deliberationem
1360 2143 1446 2199 irrulto
1470 2143 1520 2198 iam
1544 2151 1665 2216 tempore
1688 2159 1741 2216 pro

452 2235 567 2284 connata
590 2228 670 2283 arriani
695 2227 733 2282 tui
757 2227 941 2299 magnitudine
969 2245 1148 2302 conceperas,
1177 2229 1224 2303 qui
1252 2229 1330 2284 annis
1358 2229 1400 2284 his
1429 2229 1559 2302 proximis
1587 2225 1742 2282 1111111111-

453 2314 557 2369 stianos
580 2330 658 2386 reges
681 2312 885 2386 potentissimos
908 2313 934 2367 in
957 2313 1076 2383 Austriae
1097 2323 1151 2370 tum
1175 2314 1242 2369 urbe
1263 2314 1390 2388 primaria
1419 2322 1472 2369 tam
1501 2312 1653 2387 splendide,
1686 2320 1740 2367 tam

453 2397 599 2461 horiorilree
622 2406 710 2453 tecum
733 2397 873 2458 habueris,
896 2397 1050 2472 sedereque
1073 2398 1153 2455 simul
1177 2398 1344 2455 immaculata
1367 2398 1417 2454 hdc
1439 2415 1570 2473 percusso
1584 2396 1662 2472 plura
1678 2413 1740 2452 cum

392 2497 438 2545 111.
453 2483 491 2538 eis
515 2484 542 2538 iu
564 2499 620 2538 rem
648 2482 826 2537 Christianam
855 2482 956 2537 mutuis
985 2485 1106 2540 tractasti
1133 2484 1263 2540 consiliis.
1301 2484 1373 2558 quod
1404 2501 1496 2539 revera
1525 2500 1576 2557 pre
1604 2479 1776 2554 singulariae

452 2568 539 2641 gloria
563 2576 607 2623 tda
631 2567 752 2622 omnium
775 2584 822 2623 ora
845 2567 945 2640 passim
967 2569 1114 2641 praedicare
1136 2586 1190 2624 non
1212 2569 1359 2631 desistent,
1389 2567 1536 2642 pluresque
1563 2565 1741 2622 adamantinis

452 2653 563 2728 scriptis
585 2660 747 2728 perpetuare
769 2652 916 2708 cumbunt:
940 2654 1121 2726 nequeenim
1143 2671 1242 2727 parens
1266 2662 1344 2715 tuus.
1368 2664 1456 2726 1111111
1471 2653 1589 2709 Caesares
1612 2651 1657 2708 alii
1682 2660 1741 2709 ten·

453 2748 509 2795 tum
531 2746 637 2799 actum.
671 2737 816 2811 triumphis
838 2738 937 2793 Octavii
968 2739 1064 2794 meritc
1092 2739 1268 2812 aequandum,
1300 2756 1351 2813 pro
1379 2756 1430 2796 suo
1458 2755 1575 2813 unquam
1603 2735 1741 2794 desiderio

384 2823 561 2880 §.thelhcere
583 2831 718 2898 poterant.
763 2822 864 2878 Omitto
887 2840 958 2878 riunc
983 2831 1117 2879 catervam
1146 2824 1302 2880 immensam
1329 2824 1501 2881 victoriarum
1532 2832 1650 2883 tuarum.
1680 2839 1743 2897 quae

361 2916 364 2926 '
451 2910 499 2965 tibi
522 2927 629 2984 semper
651 2907 752 2982 optatis
774 2907 874 2980 ubique
897 2908 1067 2964 successibus
1091 2909 1304 2982 respondebant,
1338 2917 1369 2964 ut
1397 2908 1512 2983 quilibet
1538 2907 1617 2964 honae
1641 2905 1776 2975 tuentius

450 2995 539 3051 metiri
562 3011 594 3049 ex
615 2994 658 3049 his
681 2992 782 3067 pessit.
808 3010 868 3066 quae
890 3000 917 3047 ct
940 3002 1039 3066 quanta
1063 2994 1090 3048 iu
1114 2993 1227 3050 arbitrio
1250 3001 1277 3049 et
1300 2994 1486 3051 rnederatioue
1509 3003 1554 3050 tua
1569 2993 1742 3054 consistant;

451 3080 515 3156 (puin
538 3089 567 3135 et
588 3077 647 3135 lucc
670 3078 706 3133 sit
728 3077 827 3133 clarius
849 3075 911 3151 plus
935 3078 1086 3134 ornamenti
1110 3078 1224 3153 imperio
1247 3088 1293 3135 tua
1316 3079 1461 3153 prudentia
1476 3087 1503 3134 et
1519 3078 1658 3134 solicitata
1674 3075 1742 3134 alla·

451 3173 507 3221 turn
530 3182 605 3226 csso,
629 3181 709 3237 quani
732 3162 780 3218 tibi
805 3162 909 3236 imperii
932 3161 1090 3224 maiestate:
1113 3172 1194 3236 atque
1217 3164 1278 3221 ideo
1301 3172 1388 3239 ‘pater
1410 3163 1514 3238 patriae’
1543 3180 1557 3219 a
1587 3172 1643 3219 tota
1675 3162 1743 3218 Ger·

451 3249 553 3308 manica
576 3250 699 3311 natione.
722 3265 782 3322 quae
805 3247 855 3303 sub
877 3246 946 3304 caele
969 3248 1055 3304 maior
1077 3255 1134 3311 cst,
1157 3249 1255 3306 merito
1278 3249 1433 3325 appellaris.
1471 3248 1569 3323 quibus
1593 3247 1741 3309 immorari.

452 3344 482 3391 ut
504 3335 586 3397 volui.
609 3333 740 3408 temporis
763 3341 835 3389 vetat
856 3333 996 3405 angustia,
1019 3333 1082 3389 dum
1106 3335 1157 3390 ista
1179 3334 1287 3408 vulgata
1310 3335 1362 3391 iam
1384 3336 1440 3390 siut
1461 3342 1489 3388 ct
1506 3335 1555 3391 toti
1572 3333 1672 3389 mumlo
1688 3342 1776 3389 nodo

381 3421 564 3479 siccissima.
609 3421 649 3476 'lu
671 3418 781 3481 deinde,
805 3427 850 3474 tua
872 3427 973 3492 sponte
995 3427 1023 3474 et
1044 3419 1144 3475 virtute
1167 3437 1316 3494 regumque
1340 3418 1448 3476 illorum
1471 3418 1649 3475 hortamentis
1673 3417 1742 3474 inci·

451 3514 537 3569 tatus,
560 3523 613 3562 nen
636 3505 716 3560 modo
741 3504 765 3558 in
789 3502 922 3578 optimum
944 3503 1117 3578 propositum
1140 3512 1167 3560 et
1195 3513 1240 3561 tua
1268 3503 1444 3579 amplitudine
1467 3504 1577 3578 dignum
1599 3503 1742 3559 devenisse

449 3591 616 3667 perhiberis,
645 3589 691 3646 sed
714 3588 788 3644 ultro
811 3588 891 3644 ctiam
915 3589 1000 3643 totius
1022 3587 1085 3643 hclli
1109 3590 1221 3663 gerendi
1243 3607 1433 3664 progressum,
1457 3589 1592 3654 rationes,
1617 3587 1740 3645 acclinem

450 3686 477 3733 et
499 3677 608 3735 modum
630 3674 760 3731 concinne
783 3672 936 3729 describere
958 3673 1059 3728 curasti
1067 3717 1073 3735 ,
1099 3681 1171 3729 tanta
1195 3675 1292 3749 peritia
1316 3675 1354 3731 rei
1370 3673 1510 3740 militaris,
1535 3682 1666 3746 tantoque
1682 3679 1742 3729 stu·

448 3763 494 3818 dio
516 3769 544 3818 et
566 3761 685 3818 omnium
707 3759 789 3832 digua
811 3758 1045 3821 consideratione,
1070 3768 1100 3814 ut
1122 3758 1201 3815 lacile
1223 3768 1353 3834 appareat
1375 3760 1529 3816 inventione
1552 3759 1602 3814 hae
1624 3766 1670 3813 tua
1692 3772 1775 3814 ire-aa

450 3848 513 3904 dum
535 3844 707 3922 imperatoris
729 3843 839 3905 summi,
868 3843 916 3898 sed
939 3843 1157 3900 excellentissimi
1180 3861 1289 3919 quoque
1311 3859 1447 3901 armorum
1468 3844 1544 3899 ducis
1573 3853 1601 3899 et
1622 3843 1741 3899 animum

381 3945 440 3996 111.
451 3932 550 3989 lor-tem
573 3940 600 3987 ct
622 3929 765 3987 consilium
787 3929 1088 4002 circumspectissimmn
1109 3947 1164 3985 nori
1178 3930 1282 3986 deesse.
1316 3929 1401 3985 llahct
1416 3948 1473 3985 rem
1487 3929 1555 3985 hanc
1570 3927 1645 3985 coruli
1662 3943 1741 4002 aequa

452 4017 527 4074 lance
549 4016 632 4076 Sedes
654 4023 758 4077 sancta,
782 4013 922 4086 religionis
945 4024 1047 4070 nostrae
1069 4023 1151 4089 caput
1172 4022 1201 4070 et
1221 4016 1366 4088 magistra.
1390 4032 1450 4089 quac
1473 4022 1513 4069 tet
1528 4030 1660 4069 annorum
1676 4029 1742 4069 con·

449 4102 541 4159 cilium
567 4100 694 4158 faeliciter
721 4098 883 4156 continuans
911 4099 1065 4172 singulares
1093 4108 1122 4156 et
1148 4100 1356 4173 urgentissimas
1383 4099 1582 4155 admonitiones
1611 4096 1741 4171 quaelibet

448 4187 569 4243 sessione
592 4187 624 4243 ad
647 4185 718 4242 hune
739 4184 864 4241 ellectum
888 4183 1031 4240 instituere
1054 4183 1175 4245 solebat:
1203 4183 1249 4240 ubi
1277 4185 1358 4241 etiarn
1381 4185 1547 4240 Thurearum
1570 4182 1622 4239 tela
1645 4190 1776 4257 pecto-te

449 4273 525 4329 ribus
545 4272 605 4330 suis
628 4270 707 4326 inhia
729 4269 851 4344 episcopi
871 4267 1051 4325 declamantes
1074 4271 1217 4326 ostendere
1241 4269 1392 4333 visisunt,
1422 4277 1453 4325 ut
1480 4286 1535 4325 non
1562 4267 1652 4324 verbis
1682 4275 1742 4324 tan·

450 4365 520 4421 tum,
554 4357 600 4414 sed
623 4355 706 4413 rebus
733 4362 761 4412 et
787 4354 920 4429 sauguine
947 4354 1007 4428 ipso
1036 4362 1191 4429 pungerent
1218 4355 1364 4429 segnitiem
1392 4361 1528 4417 nostram.
1562 4361 1591 4411 et
1617 4352 1741 4411 deiectos

511 4525 545 4532 ...-
559 4523 650 4532 -υσ-ι-

496 4622 719 4674 ¹debecbotusl.
755 4620 897 4689 sitlostdt.
935 4622 1033 4670 satist.
1070 4619 1326 4672 Β11111111.11111.·25,
1364 4621 1739 4686 ⁴feli,re.l.Cs.Ilee.imp.a.

451 4706 677 4758 1110114111
689 4707 804 4758 Elector.
814 4708 1005 4771 principumque
1018 4709 1146 4756 concilium
1158 4708 1227 4758 dea.
1243 4705 1316 4756 1467.
1361 4704 1373 4736 ⁶
1385 4707 1494 4771 genitor
1506 4711 1569 4756 tuus
1580 4705 1741 4756 Fridericue

450 4795 541 4845 11111.
571 4791 679 4843 talliae
715 4790 1196 4841 NJhrcr'eoeterrarmndustrtacmum
1208 4791 1481 4842 deuastatiouosannr'e
1494 4789 1630 4856 1472111.
1662 4787 1683 4823 ¹¹
1696 4804 1741 4841 ee·

449 4882 556 4945 ptumi.
593 4876 613 4910 ¹³
631 4877 822 4942 Cbr.teip.1t.
863 4872 885 4906 ¹⁵
902 4875 989 4924 11111.
1026 4873 1436 4937 11οἰ.111111111111111111.111.
1473 4873 1494 4906 ¹⁹
1513 4872 1739 4940 foed.]d.22.1ut.

451 4961 558 5012 aulblb.
587 4958 919 5024 ι1111111111.0111111111.
939 4959 1079 5010 Octaviani.
1110 4961 1294 5025 oquendum.
1322 4958 1518 5012 α1111111111
1528 4963 1552 5011 1.
1586 4956 1739 5014 ”felictis

449 5043 788 5113 29111101]11111111111111
822 5044 845 5077 ³⁰
862 5044 935 5104 dum]
955 5058 1016 5095 cum
1033 5050 1067 5093 11.
1102 5041 1124 5078 ⁴²
1141 5046 1259 5111 segnbiti
1278 5048 1302 5100 1.
1708 5050 1714 5062 ·
