4300 6059
451 691 523 763 222
543 721 574 756 11.
589 719 689 763 rasso.
704 718 802 756 raern.
813 719 966 755 annnoarcr
980 720 1088 755 consen
1101 714 1226 774 resecas
1239 717 1341 755 onsrro
1354 720 1389 755 so
1402 719 1548 755 censuros
1562 703 1725 756 sanstus,
1795 689 1797 692 ’

450 880 495 936 ubi
518 888 561 936 est
582 878 627 935 illa
648 879 789 940 sanctitas,
820 895 871 952 qua
898 878 1086 952 superioribus
1113 879 1190 934 annis
1213 867 1308 947 oinnia¹
1323 877 1384 935 laeta
1411 877 1622 952 proveniebant?
1652 878 1724 952 quod

449 980 578 1021 venenum
600 981 630 1019 so
652 962 796 1019 immiscuit
818 963 888 1018 inter
909 963 1095 1019 Christianos?
1118 983 1133 1020 a
1155 953 1252 1037 quilius
1276 958 1432 1020 iuriis'laaec
1454 963 1527 1019 labes
1550 963 1726 1018 immissa‘est

450 1066 498 1123 per
519 1048 609 1104 lusum
633 1054 660 1103 et
678 1046 817 1110 ‚libidinem
841 1047 969 1121 pereundi
991 1048 1173 1122 pendendique
1188 1049 1293 1105 omnia?
1315 1047 1386 1104 unde
1402 1039 1457 1104 llaec
1473 1057 1532 1104 orta
1547 1041 1587 1103 est
1604 1046 1726 1109 ambitio,

448 1127 645 1205 ffllssfflffi·
667 1131 675 1198 l
695 1139 776 1206 caput
803 1133 920 1188 cilinium
947 1133 1097 1189 malorum?
1124 1151 1184 1207 quae
1213 1133 1270 1190 lues
1299 1150 1352 1189 uon
1375 1131 1462 1188 solum
1486 1134 1512 1188 in
1534 1133 1654 1206 privatos
1676 1132 1725 1188 ho·

449 1220 535 1274 mines
556 1217 666 1290 longius
688 1226 830 1291 evagatur,
853 1218 900 1273 sed
922 1235 970 1273 eos
984 1217 1101 1291 ⁸quidem
1123 1218 1220 1292 quibus
1243 1218 1350 1292 generis
1372 1218 1481 1273 humani
1503 1235 1566 1273 cura
1581 1218 1746 1273 commissas

448 1310 504 1365 est,
527 1303 692 1375 inquorum
715 1302 838 1358 manibus
858 1311 951 1358 nostra
973 1303 1046 1359 salus
1067 1305 1235 1365 continetur,
1260 1304 1295 1358 ita
1318 1303 1423 1364 iniecit.
1448 1310 1478 1357 ut
1498 1301 1580 1358 divini
1603 1302 1726 1357 hnmani·

450 1404 501 1462 qne
525 1387 591 1442 iuris
613 1386 810 1450 obliti,nostro
833 1389 971 1460 sanguiue,
994 1389 1095 1443 nostris
1119 1388 1245 1444 membris
1269 1389 1338 1443 inter
1360 1404 1388 1442 se
1409 1386 1598 1460 digladientur,
1622 1387 1725 1441 nostris

292 1500 294 1504 =
382 1470 605 1531 §.eavvilneribns
626 1489 674 1527 sua
696 1471 756 1527 odia
778 1471 910 1546 expleant.
955 1472 1012 1529 Heu
1035 1481 1134 1546 quarata
1156 1473 1301 1529 iuventutis
1322 1482 1428 1546 strages
1450 1471 1519 1527 inira
1547 1471 1657 1544 triginta
1680 1488 1726 1526 an·

450 1548 586 1631 ffiflgwff'*
608 1564 615 1635 Ι
638 1572 688 1612 nos
712 1557 779 1612 iacta
802 1558 859 1612 est!
883 1573 937 1612 non
959 1559 1159 1614 connumeratis
1181 1558 1252 1613 enim
1274 1556 1391 1614 caedibus
1415 1557 1485 1612 inter
1499 1555 1598 1617 Gallos,
1621 1554 1725 1610 Britan·

450 1658 514 1703 nos,
537 1641 646 1702 Scotos.
675 1641 866 1714 pretermissis
893 1643 1044 1716 principum
1067 1641 1471 1702 Germaniae'dissensionibus,
1501 1640 1527 1695 in
1556 1638 1630 1695 ltalia
1658 1657 1723 1714 pro·
1737 1647 1759 1687 ¹⁰

448 1722 523 1798 {32⁸3
532 1718 646 1797 &3¹:¹³⁰
668 1719 676 1789 Ι
699 1726 769 1782 lecto
792 1725 863 1782 iusta
885 1726 996 1788 Varum.
1019 1726 1151 1788 Mincium,
1174 1727 1319 1791 Benacum,
1348 1726 1482 1788 Athesim,
1505 1726 1603 1788 Lirim,
1625 1733 1653 1781 et
1676 1741 1726 1780 nn-

450 1828 499 1885 per
522 1811 548 1865 in
570 1828 636 1884 agro
659 1810 808 1867 Rauennate
831 1830 861 1867 ac
882 1811 1072 1868 Mediolanensi
1096 1830 1177 1887 supra
1201 1811 1320 1868 tr'eccnta
1349 1810 1432 1867 millia
1459 1811 1597 1866 hominurn
1623 1809 1726 1866 cecide·

382 1903 529 1955 teanum,
559 1895 657 1969 quibus
679 1897 765 1969 copiis
788 1912 874 1970 usque
896 1897 928 1952 ad
949 1896 1029 1953 lndos
1050 1899 1190 1971 pervenire
1219 1899 1410 1971 potuissemus.
1454 1895 1491 1951 tte
1519 1904 1608 1951 autem
1630 1911 1725 1968 parum

449 1971 629 2052 fflfflfoe
651 1975 659 2044 Ι
681 1976 753 2036 inter
772 1979 853 2036 duces
875 1980 1028 2054 praeliatum
1052 1999 1112 2038 esse
1134 1982 1263 2043 videatur,
1287 1982 1386 2056 saepius
1408 1981 1440 2036 ad
1456 1981 1557 2054 privata
1572 1996 1645 2034 arma
1660 1995 1726 2034 con-

430 2080 558 2121 ·cursnm
581 2070 636 2125 est,
665 2072 693 2119 ot
720 2065 793 2138 quod
821 2066 909 2121 minus
936 2067 1105 2129 crederetur,
1136 2067 1229 2123 rustici
1257 2074 1352 2122 contra
1375 2064 1480 2122 nolviles
1502 2065 1631 2138 impetum
1653 2063 1781 2121 rece-o,

393 2170 400 2189 v
449 2158 526 2211 rnnt,
554 2148 623 2205 alios
652 2148 829 2212 trucidantes,
857 2151 926 2206 alios
953 2153 1039 2225 patria
1067 2169 1098 2208 ac
1128 2151 1206 2207 bouis
1235 2151 1434 2206 interdicentes.
1479 2152 1539 2223 quae
1569 2166 1612 2205 res
1642 2164 1725 2221 quum

448 2228 523 2306 3:¹⁸¹
545 2245 552 2314 Ι
575 2233 662 2308 primo
684 2235 711 2289 in
733 2233 861 2291 Balmatia
882 2235 933 2292 sut
955 2236 1116 2293 Venetorum
1138 2237 1258 2292 dominio
1280 2236 1389 2310 impone
1410 2235 1581 2296 succederet,
1605 2235 1631 2288 in
1655 2233 1724 2288 idem

449 2312 573 2400 {ffiffl'
595 2317 602 2385 Ι
624 2319 712 2375 scelus
735 2321 816 2375 traxit
837 2322 936 2383 istros,
959 2320 1074 2389 Carnos,
1097 2321 1240 2395 ilungaros
1263 2337 1387 2395 quoqne,
1410 2338 1443 2376 ne
1464 2320 1601 2394 episcopis
1617 2318 1738 2391 quidem,

383 2416 441 2465 aas.
451 2412 599 2478 parcentes.
643 2401 723 2460 Solvis
752 2414 841 2461 autem
870 2423 916 2461 ves
943 2396 1094 2480 Hispaniae¹¹
1105 2407 1231 2463 adversus
1264 2404 1384 2461 infideles
1415 2392 1546 2479 prospere
1578 2402 1724 2477 pugnando

449 2482 618 2569 {3³2,⁶„¹,2,l,¹'¹¹'
641 2481 648 2549 l
670 2487 747 2546 fldem
762 2489 924 2546 Catlrolicam
948 2498 1050 2547 tutatus
1072 2499 1127 2546 cst:
1150 2491 1247 2548 Penus
1270 2490 1354 2553 enim,
1377 2506 1447 2563 quos
1462 2487 1608 2544 Saracenos
1630 2485 1758 2562 appel-²⁰

450 2589 523 2624 nesea.
546 2569 645 2637 liant,
668 2569 797 2631 diuturiro
820 2574 892 2632 bello
913 2583 1043 2632 contusos
1065 2575 1295 2649 defatigatosqne‚
1318 2583 1399 2648 atque
1422 2573 1560 2635 attalica,
1584 2588 1664 2646 quam
1680 2588 1725 2628 oc·

449 2667 626 2732 supererant,
656 2658 785 2733 expulsos
813 2678 899 2734 usque
928 2662 954 2716 in
977 2660 1119 2734 Aphricam
1145 2661 1272 2716 caedendo
1300 2672 1330 2715 ac
1351 2658 1433 2715 urbes
1455 2675 1548 2715 eorum
1570 2656 1724 2730 diripiendo

449 2737 573 2815 ΜΨ
593 2736 601 2806 Ι
623 2752 782 2817 persecutus
804 2754 854 2801 est.
897 2746 973 2801 cuius
996 2746 1158 2819 refrigerato
1179 2743 1269 2801 calore
1292 2761 1374 2817 seque
1397 2744 1434 2799 ad
1456 2743 1562 2800 italicos
1591 2740 1724 2798 turnultus

392 2886 398 2895 ,
449 2844 580 2885 converso
606 2829 705 2885 iterum
732 2830 807 2886 Poeni
834 2829 955 2886 collectis
982 2831 1077 2886 animis
1105 2848 1166 2886 oras
1188 2829 1301 2892 Sicilie,
1329 2829 1471 2890 Santiniae,
1498 2826 1613 2884 Corsica
1640 2835 1724 2900 atque

450 2911 532 2969 ltaliae
553 2913 725 2969 vehementer
747 2915 890 2978 infestant:
912 2916 1035 2989 proximo
1050 2932 1160 2990 quoqne
1174 2931 1245 2971 anuo
1259 2930 1328 2987 pene
1350 2931 1482 2970 summum
1503 2910 1660 2968 Pontificem
1682 2910 1756 2966 le·²⁵

382 2991 709 3080 §.aa.{{,¹”s'„t⁸ss{,“‚¹„¹{5¹„2¹⁰·
730 2991 738 3061 Ι
761 3018 804 3055 ras
825 3009 963 3056 venantem
987 3000 1162 3074 intercepere.
1205 2999 1319 3055 Proinde
1347 2999 1369 3054 si
1398 2997 1504 3072 quando
1533 2995 1565 3052 ab
1589 2994 1724 3052 intestinis

448 3075 623 3154 ,ffi‘ssss'ss'ffl‘
646 3090 654 3161 Ι
676 3082 754 3139 bellis
777 3084 939 3158 respiratur,
963 3077 1070 3141 irruunt
1093 3085 1231 3146 socordia,
1254 3084 1359 3157 ignavia
1381 3101 1410 3139 ac
1433 3081 1578 3139 teterrimas
1599 3079 1724 3154 volupta-

451 3175 503 3229 tes,
527 3167 645 3241 explosis
668 3177 714 3224 aut
735 3161 844 3242 penitus
867 3169 972 3225 obrutis
995 3158 1154 3231 virtutilios,
1183 3178 1247 3226 tunc
1268 3168 1370 3225 videbis
1392 3184 1506 3242 regnare
1527 3164 1653 3227 lenones,
1676 3182 1723 3240 pa·

449 3252 562 3315 rasitos,
583 3251 739 3315 choraulas,
763 3253 899 3316 tiliicines,
922 3254 1098 3317 citharedus,
1120 3255 1268 3317 delatores,
1291 3255 1457 3310 detractores
1478 3268 1509 3309 ac
1532 3252 1556 3307 id
1572 3267 1658 3324 genus
1673 3250 1723 3305 ho·

448 3329 532 3418 iffi·
554 3328 562 3397 Ι
583 3337 683 3394 minum
705 3339 822 3412 pessima
843 3339 1042 3413 execrandaque
1064 3340 1130 3396 vicia
1152 3339 1398 3400 disseminandum
1420 3336 1549 3413 probitati
1565 3351 1627 3391 raro
1642 3333 1756 3391 locns³⁰

449 3430 531 3494 patet.
575 3422 676 3508 quippe
698 3422 748 3478 iam
771 3424 874 3497 pridem
896 3441 929 3480 co
951 3423 1082 3481 scelerum
1103 3424 1245 3480 deventum
1267 3432 1323 3486 est,
1347 3423 1413 3479 adeo
1434 3438 1523 3478 mores
1538 3420 1660 3494 corrupti
1675 3417 1722 3475 de·

448 3507 606 3580 pravatiqde
628 3514 709 3569 sunt,
732 3516 763 3563 ut
784 3525 870 3582 neque
893 3507 1024 3565 laudanda
1045 3509 1171 3572 iacimus,
1194 3525 1281 3582 neque
1302 3507 1405 3564 laudari
1426 3507 1570 3562 honestum
1584 3512 1722 3579 putamus.

449 3592 529 3665 idque
551 3592 637 3665 magis
658 3591 816 3656 dolendum,
845 3594 917 3667 quod
945 3594 1031 3649 virum
1052 3594 1160 3650 honesti
1183 3611 1213 3650 ac
1234 3592 1312 3649 liberi
1333 3592 1414 3648 animi
1436 3590 1520 3647 sicubi
1542 3589 1722 3663 conspiciunt,

382 3710 391 3726 .
449 3692 503 3731 non
524 3675 604 3732 aliter
624 3693 655 3732 ac
677 3675 763 3733 albam
784 3679 917 3735 cornicem
940 3679 1087 3752 impetunt,
1109 3677 1277 3752 deplumant,
1300 3677 1471 3751 discerpunt:
1499 3674 1627 3749 quicquid
1649 3674 1722 3730 enim

381 3779 437 3831 teo,
446 3761 585 3835 principes
607 3761 723 3818 oderunt
745 3772 791 3819 aut
812 3771 914 3825 amant,
938 3763 963 3819 id
985 3780 1095 3820 necesse
1117 3772 1159 3820 est
1180 3771 1208 3819 et
1229 3755 1344 3819 aliorum
1366 3759 1627 3835 opinionem'sequi.
1672 3760 1754 3813 itt-³⁵

447 3863 500 3920 que
522 3845 625 3902 uanam
647 3847 675 3901 in
697 3846 739 3902 liis
762 3848 883 3904 terminis
905 3849 950 3904 isti
972 3849 1060 3905 morbi
1082 3848 1282 3905 consedissent!
1311 3846 1476 3902 tartustsane
1497 3852 1671 3920 penetrantes
1694 3845 1722 3899 in

445 3923 598 4013 llssffffllffl
620 3924 627 3990 l
649 3930 738 4005 capita
759 3933 835 4006 quasi
857 3933 1017 4007 contagione
1040 3934 1158 4008 quadam-
1174 3933 1356 4006 irrepserunt:
1378 3932 1468 4004 itaque
1490 3947 1573 4003 (ῃιιιω
1587 3928 1669 4001 vulgo
1684 3920 1737 3984 la·‘

446 4015 559 4071 boretur
581 4015 653 4071 omni
674 4018 773 4089 gehcre
796 4017 983 4091 turpitudinis,
1006 4019 1118 4076 laediora
1140 4017 1247 4091 quidem
1269 4017 1333 4073 vitia
1355 4013 1582 4091 perniciosissimo
1597 4011 1721 4088 exemplo

446 4094 556 4171 mm
577 4095 584 4163 Ι
607 4101 760 4158 sacerdotes
783 4103 910 4159 invasere.
932 4104 997 4179 qui?
1016 4120 1115 4178 nempe
1137 4103 1155 4158 ii
1178 4119 1247 4176 quos
1262 4100 1384 4157 Salvator
1405 4099 1605 4156 suostllvristos
1627 4096 1721 4172 appel·

446 4177 595 4257 ‘lmffl
615 4180 622 4250 Ι
645 4184 690 4246 lat,
713 4188 760 4260 qui
781 4188 818 4243 dil
840 4189 961 4260 gentium
982 4197 1125 4249 vocantur,
1153 4188 1199 4262 qni
1226 4187 1333 4242 demvim
1356 4184 1494 4260 apostolis
1516 4186 1754 4245 successerunttt

444 4231 665 4342 ffifflww
686 4263 694 4332 l
716 4279 746 4328 ut
767 4274 908 4329 sanctitate
930 4275 991 4330 vitae
1013 4273 1138 4329 omnibns
1165 4272 1312 4334 anteirent,
1341 4288 1456 4344 quorum
1478 4269 1575 4343 partim
1598 4268 1720 4340 vestigiis

446 4353 617 4422 inherendo,
646 4357 744 4431 partim
770 4360 914 4434 preceptis
942 4358 1116 4431 obsequendo
1143 4374 1233 4413 veram
1259 4373 1290 4414 ac
1318 4354 1494 4413 immortalem
1520 4353 1637 4428 gloriam
1666 4354 1718 4408 iarn

831 4582 843 4607 ,s

512 4621 622 4689 ¹iniret]
642 4623 658 4675 i.
673 4641 696 4675 e.
711 4623 792 4677 intra.
845 4623 865 4660 ¹¹
883 4626 944 4689 Non
961 4625 1052 4680 omnio
1068 4622 1251 4679 Maximilieni
1270 4620 1369 4694 equilis
1393 4621 1484 4678 lausto
1501 4618 1600 4692 proelis
1617 4634 1718 4677 memo·

445 4712 497 4761 rat.
549 4706 571 4741 ¹⁷
587 4710 656 4760 Haec
678 4701 811 4761 belloiom
833 4713 1032 4764 rusticanorum
1055 4713 1166 4764 theatra
1188 4728 1283 4779 pamm
1306 4728 1323 4762 a
1340 4712 1508 4762 nostratibus
1527 4710 1717 4761 observantur.

444 4791 621 4855 succederet,
641 4796 665 4844 1.
711 4791 733 4827 ¹⁰
749 4795 937 4846 Ferdiivsndus
954 4797 1122 4866 catholicus.
1160 4796 1182 4830 ²¹
1200 4797 1298 4847 Betice
1316 4801 1339 4848 1.
1378 4795 1400 4829 ¹⁸
1416 4796 1617 4848 venationibus
1634 4810 1720 4846 sucu·

444 4880 552 4946 piisque
567 4876 763 4928 deditissimum
780 4879 900 4930 Leonem
917 4882 950 4931 X.
969 4881 1038 4934 setis
1057 4887 1178 4945 constet3
1201 4883 1234 4932 de
1253 4883 1312 4932 eius
1329 4881 1451 4948 periculo
1468 4875 1514 4930 hic
1532 4885 1661 4931 enerrato
1680 4880 1718 4931 ci.

445 4960 641 5041 etiemlvitelli
658 4962 810 5024 Oret.§.5.
850 4967 1029 5033 intercoepere
1048 4971 1071 5019 1.
1118 4963 1290 5016 ”Cereales
1309 4970 1332 5016 1.
1356 4964 1542 5030 'Cytheredos
1561 4968 1584 5015 1.
1630 4949 1718 5015 ¹¹'de-

444 5047 603 5114 plummant,
622 5048 645 5095 t.
680 5043 703 5076 ⁸⁹
721 5045 853 5115 Christos]
872 5057 977 5102 unctos.
997 5052 1033 5103 ci.
1046 5051 1146 5102 Psslm.
1160 5050 1228 5101 CIV.
1246 5051 1282 5100 15.
1295 5058 1344 5101 etr.
1379 5048 1401 5082 ⁴⁰
1418 5048 1627 5121 successerunt,
1647 5050 1671 5098 1.
