4300 6059
546 739 682 782 8101111111
697 736 871 776 albanorum
883 740 918 775 ntt
932 740 1079 776 couvnnnv
1092 738 1264 776 AVGVSTERM
1277 738 1454 776 DRBCBMIO·
1468 737 1495 776 b.
1507 732 1567 775 1518.
1602 747 1605 755 ’
1630 705 1705 782 273

414 898 602 972 llaguntinus,
625 897 777 962 Palatinus,
798 898 950 955 Bremensis
972 915 1100 973 sponsam
1122 899 1245 955 comitati
1267 907 1346 962 sunt,
1368 895 1449 973 quam
1471 915 1554 956 aureo
1576 907 1706 974 carpento

414 992 517 1041 rectam
540 1002 555 1042 a
582 993 661 1058 tergo
689 982 842 1059 puellarum
870 982 973 1058 pilenta
1001 992 1120 1058 quatuor
1147 983 1338 1059 sequebantur.
1382 983 1472 1041 Caesar
1499 1002 1531 1041 ex
1559 986 1706 1042 amicornm

414 1066 563 1126 cenaculis
586 1067 665 1125 ludos
688 1085 703 1124 e
725 1066 836 1143 pulvino
865 1085 948 1125 aureo
977 1069 1116 1144 spectavit.
1153 1069 1180 1125 in
1210 1069 1295 1143 septis
1323 1067 1379 1125 ludi
1406 1068 1548 1126 hastcnscs
1575 1070 1608 1126 de
1630 1059 1706 1126 more

415 1153 505 1211 aditi:
527 1153 605 1229 paria
626 1155 788 1211 certantium
812 1161 874 1210 octo
897 1152 988 1211 luere:
1019 1162 1189 1211 certaverunt
1211 1151 1378 1212 Gnillaelums
1406 1162 1434 1210 et
1454 1154 1606 1211 ludovicus
1627 1154 1707 1211 Bara-

393 1238 463 1298 sriae
485 1238 571 1296 buces
597 1246 694 1295 contra
716 1237 882 1313 Casymirurn
909 1246 937 1294 et
963 1238 1090 1295 comitem
1120 1238 1152 1294 de
1181 1237 1357 1313 llenneberg;
1385 1256 1548 1296 concursum
1575 1247 1618 1296 est
1640 1239 1707 1295 satis

416 1325 532 1388 actitem
554 1322 700 1381 corollaria
723 1332 752 1379 et
772 1323 884 1398 praemia
907 1321 1055 1379 victoribus
1078 1324 1148 1400 data.
1185 1323 1281 1380 deinde
1303 1323 1335 1379 ad
1350 1323 1462 1380 multam
1478 1333 1584 1381 noctem
1599 1325 1706 1381 choreae

415 1409 524 1466 liabitas.
561 1408 590 1464 lu
612 1416 754 1484 posterum
776 1408 846 1465 diem
869 1425 968 1483 sponsa
991 1417 1022 1464 nt
1043 1408 1195 1466 discederet
1209 1407 1353 1465 consilium
1369 1409 1465 1465 initum
1481 1418 1538 1465 cst:
1561 1426 1622 1466 cum
1637 1414 1774 1483 argui-tt.

415 1495 536 1569 primum
557 1509 655 1550 aurora
678 1493 781 1556 illuxit.
812 1493 900 1549 Caesar
928 1511 958 1549 ao
985 1494 1076 1551 caeteri
1105 1493 1242 1569 principes
1269 1493 1413 1551 abeuntem
1436 1504 1511 1551 entra
1533 1502 1640 1569 portam
1661 1511 1708 1551 co·

416 1579 505 1635 mitati
528 1585 600 1635 sunt.
637 1595 779 1635 numerum
803 1595 936 1652 equorum
959 1578 1016 1635 lere
1032 1579 1114 1634 trium
1131 1577 1233 1635 utilium
1250 1579 1334 1635 luisse
1350 1579 1474 1636 arbitrati
1490 1587 1563 1635 sunt.
1592 1578 1707 1655 Sponsa.

382 1673 449 1721 tout
471 1665 596 1737 ingressa
618 1663 739 1738 proxime
762 1671 834 1725 erat,
857 1663 987 1719 deaurato
1010 1680 1093 1719 curru
1115 1663 1277 1727 vehebatur;
1307 1676 1378 1739 pone
1401 1663 1490 1721 l'msar
1519 1672 1547 1719 et
1570 1664 1707 1738 principos

416 1746 590 1824 equitabant:
613 1748 762 1804 interiectis
785 1747 891 1821 aliquot
912 1747 1034 1821 equiturn
1058 1748 1153 1804 turmis
1175 1747 1317 1805 duodecim
1339 1758 1531 1824 carpentorum
1555 1748 1623 1805 ordo
1645 1748 1708 1805 sub·

417 1833 599 1908 sequebatur,
628 1833 743 1889 marimo
772 1832 872 1906 ubique
895 1841 923 1888 et
946 1832 1071 1890 tubarum
1095 1843 1122 1889 et
1146 1822 1334 1908 tympanorum
1357 1833 1502 1902 confertim
1525 1835 1705 1908 strepentium

373 1961 376 1970 .
416 1920 520 1976 sonitu.
564 1918 631 1973 llum
658 1918 715 1976 base
744 1925 908 1979 tractantur,
936 1926 1065 1974 constans
1094 1918 1163 1975 lama
1186 1918 1238 1975 luit
1261 1918 1380 1975 l'buroas
1402 1919 1550 1976 exercitum
1573 1917 1774 1981 validissimo,

417 2020 492 2071 mom
513 2010 542 2059 ct
565 2010 722 2059 terrestrem
745 2012 772 2059 et
794 2002 958 2059 maritimum
981 2019 1091 2077 parare,
1120 2003 1201 2077 idque
1224 2002 1405 2076 significatum
1429 2022 1442 2059 a
1465 2002 1594 2077 Vicerege
1616 2006 1705 2079 Appu-

386 2086 476 2151 rsliae.
501 2095 629 2162 tantaque
651 2088 677 2142 id
699 2086 838 2144 celeritate
861 2103 956 2161 agere,
980 2097 1010 2144 ut
1032 2087 1178 2144 verendum
1201 2088 1238 2143 sit
1259 2089 1386 2162 praiscnti
1409 2105 1480 2145 anno
1496 2086 1598 2162 aliquid
1615 2089 1640 2143 iu
1658 2105 1708 2143 nos

415 2172 531 2229 omnino
553 2171 713 2236 molituros;
735 2179 763 2227 et
785 2172 898 2234 sacient,
921 2172 972 2227 nisi
995 2190 1045 2229 nos
1069 2181 1171 2229 tantum
1196 2171 1258 2228 belli
1282 2181 1439 2248 apparatum
1462 2172 1653 2247 impediamus:
1675 2172 1708 2228 de

417 2257 472 2313 boo
499 2256 583 2313 latins
609 2257 636 2312 in
668 2257 792 2313 oratione
820 2265 913 2312 nostra
943 2257 1130 2313 dissernimus.
1175 2256 1307 2313 Caterum
1336 2251 1363 2313 in
1392 2257 1547 2320 Germania,
1581 2257 1709 2332 quoniam

417 2342 517 2399 multae
533 2342 678 2415 arduaque
701 2358 745 2397 res
769 2341 795 2397 in
823 2340 1067 2406 consultationem,
1098 2359 1131 2398 ne
1160 2343 1247 2398 dicam
1277 2342 1303 2397 io
1331 2342 1550 2399 controversiam
1573 2349 1709 2405 venerant,

417 2428 507 2483 risum
529 2435 572 2483 est
594 2427 626 2482 ad
648 2443 694 2482 eas
716 2433 821 2483 mature
844 2426 1020 2500 perficiendas
1042 2435 1148 2501 tempus
1171 2428 1282 2483 omuino
1305 2427 1413 2484 minime
1436 2428 1622 2484 sullecturum.
1659 2427 1710 2483 ita·

385 2519 475 2587 eoque
498 2518 530 2568 nt
551 2509 606 2567 alio
628 2518 776 2567 conventus
799 2511 1005 2573 transterretur.
1029 2512 1072 2585 agi
1095 2520 1214 2586 emptum
1237 2520 1287 2566 est.
1322 2512 1436 2578 *interca
1459 2512 1564 2568 laustus
1586 2522 1613 2569 et
1637 2510 1779 2568 tuliano.

376 2610 379 2615 '
418 2597 535 2653 nuncius
557 2593 649 2652 attulit
672 2595 802 2653 Cmsarem
826 2614 856 2652 ac
879 2595 996 2652 Venetos
1019 2596 1045 2651 in
1069 2596 1285 2671 quinquennium
1307 2594 1399 2652 Galliae
1422 2596 1612 2671 Hispaniasque
1641 2597 1711 2670 regi·

420 2681 470 2736 bus
492 2679 655 2737 authoribus
679 2679 799 2737 inducias
820 2679 1002 2738 confirmasse.
1040 2680 1087 2737 sed
1109 2680 1142 2737 de
1170 2681 1223 2737 hiis
1252 2679 1328 2738 alias.
1364 2679 1429 2737 dum
1459 2698 1526 2756 ergo
1555 2682 1713 2756 advespera-

374 2819 376 2822 ,
420 2774 525 2828 sceret,
549 2764 751 2822 illustrissimus
766 2765 927 2827 noroensis,
951 2767 992 2822 vir
1014 2765 1095 2821 animi
1117 2766 1356 2841 magnitudinem
1370 2764 1534 2822 liberalitato
1550 2773 1625 2822 cntra
1641 2784 1713 2822 mor·

420 2850 516 2908 talium
538 2848 625 2907 aleam
647 2850 770 2924 positus,
795 2851 821 2906 iu
844 2868 918 2908 omna
940 2850 1081 2907 duodecim
1103 2851 1217 2908 comites
1240 2850 1349 2913 babuit,
1373 2851 1400 2906 in
1424 2868 1503 2925 quam
1528 2858 1600 2907 tanta
1622 2867 1717 2919 rernm.

388 2937 592 2993 novarienses
614 2935 725 3010 popinis
747 2926 828 2992 allata
850 2945 906 2998 est,
930 2943 961 2992 ut
984 2936 1055 2993 oculi
1079 2936 1227 3011 spectando
1249 2935 1404 2992 deficerent.
1438 2935 1485 2991 sed
1514 2934 1560 2991 illa
1582 2935 1663 3010 longe
1686 2944 1714 2991 et

420 3021 541 3096 opimior
555 3027 583 3076 et
599 3021 708 3094 gravior
723 3037 798 3077 omna
814 3021 869 3077 visa
886 3030 936 3083 cst,
954 3038 1014 3096 qum
1029 3021 1256 3078 reverendissimo
1270 3020 1404 3077 cardinali
1420 3021 1505 3076 sancti
1519 3020 1595 3082 Sixti.
1612 3018 1712 3093 legato,

420 3113 448 3160 ct
471 3104 626 3162 Caraociolo
649 3104 707 3161 riro
721 3103 901 3161 solertissimo
917 3114 944 3161 et
960 3106 1134 3179 gravissimo,
1157 3104 1293 3180 pontilicis
1307 3105 1415 3162 maximi
1431 3105 1544 3166 nuncin.
1568 3103 1714 3179 balboque,

420 3189 568 3246 Pannoniae
591 3189 665 3263 regis
688 3190 807 3253 oratori,
830 3199 857 3246 et
879 3190 1017 3264 plerisque
1040 3189 1101 3247 aliis
1123 3190 1187 3246 viris
1209 3190 1378 3264 dignissimis
1392 3190 1452 3245 data
1469 3199 1524 3251 cst.
1549 3189 1576 3244 in
1592 3206 1644 3263 qua
1660 3189 1715 3245 duo

367 3310 370 3317 ·
421 3284 449 3331 et
472 3275 569 3348 viginti
593 3274 722 3330 missuum
747 3291 845 3348 genera
867 3273 947 3332 allata
970 3285 1047 3336 sunt.
1076 3275 1175 3350 partim
1204 3274 1374 3336 Germanice,
1403 3275 1502 3348 partim
1531 3272 1622 3330 ltalice
1650 3290 1715 3330 oon·

390 3360 541 3416 monnau.
576 3376 626 3416 nec
647 3359 792 3415 deluerunt
815 3360 861 3432 qui
890 3358 930 3414 rol
959 3369 1040 3416 cantu
1070 3360 1112 3417 vel
1134 3359 1294 3417 histrionica
1321 3359 1401 3416 rariis
1428 3359 1515 3416 modis
1543 3359 1715 3415 corrrirarum

424 3462 505 3502 aures
527 3443 705 3500 oblectarent.
749 3444 893 3500 Nonnullis
915 3460 980 3518 erpo
1001 3448 1105 3518 elopsr'a
1125 3445 1231 3509 diebus,
1259 3460 1321 3502 cum
1343 3445 1490 3517 Principes
1515 3444 1583 3517 quid
1602 3444 1782 3517 &potiri-⁵²·

425 3521 649 3604 respondendum
671 3528 867 3601 cassabundum
888 3532 959 3585 enim
980 3531 1159 3587 consultando
1181 3526 1352 3605 distulerunt)
1375 3532 1582 3599 conclusissent,
1614 3528 1716 3584 oram

425 3629 463 3671 em
483 3615 596 3688 callepio
616 3616 800 3671 emendantium
812 3615 1000 3671 leodiensium
1022 3618 1132 3670 curiam
1148 3617 1290 3687 inpressus
1303 3623 1360 3685 est,
1380 3623 1499 3693 oratu-p
1521 3607 1709 3690 ‚lff‘flfflffis

425 3714 478 3756 rua
496 3716 579 3764 mox,
606 3700 662 3755 nisi
678 3701 822 3772 principes
838 3716 905 3772 prce
926 3715 1020 3756 rerum
1043 3717 1209 3774 mupnurum
1231 3700 1326 3769 taedr'o,
1355 3717 1408 3772 quo
1436 3700 1534 3772 affecti
1553 3706 1648 3765 mant,
1672 3712 1717 3752 oe-

392 3787 556 3859 Μώσαις
578 3787 607 3839 r'n
628 3784 760 3840 schedula
783 3792 871 3840 tomen
893 3802 956 3858 quae
978 3785 1103 3841 dicturus
1124 3792 1186 3840 erut
1206 3788 1246 3841 un·
1266 3784 1433 3840 describeret
1444 3785 1592 3840 iusstrrmt.
1614 3785 1640 3838 is
1654 3797 1717 3837 cnm

426 3871 454 3925 in
475 3872 539 3926 ainu
560 3868 674 3925 baberet
680 3913 687 3934 ,
708 3873 854 3942 porrexitr
874 3886 937 3943 pure
958 3871 1065 3942 quidem
1088 3871 1157 3925 nibil
1175 3871 1252 3926 uliud
1271 3870 1425 3925 continebat
1445 3871 1500 3924 nisi
1518 3868 1660 3924 maledictu
1683 3883 1718 3922 oc

426 3957 549 4010 norwiciae
568 3957 597 4011 in
622 3953 823 4012 Romanensem
845 3957 965 4010 curium:
988 3955 1152 4012 numerabat
1163 3955 1284 4028 fraudes
1298 3969 1406 4021 omnes,
1429 3956 1506 4019 uitio,
1528 3955 1649 4026 scelera,
1671 3968 1717 4027 ay·

494 4221 646 4286 'prum-
681 4222 853 4277 ⁹trttttttttititi
865 4226 890 4273 2.
927 4221 949 4255 ¹⁰
962 4238 1043 4274 curan
1057 4226 1082 4273 ³.
1119 4219 1141 4255 ¹⁵
1153 4223 1273 4275 telmimts
1287 4226 1310 4271 2.
1350 4220 1369 4254 ¹¹
1381 4218 1462 4287 orat]
1476 4220 1606 4286 Cs.eupra
1615 4236 1645 4286 p.
1657 4217 1718 4271 261.

427 4306 448 4339 ¹⁹
466 4307 571 4360 omnine
587 4306 691 4364 tttlnime
708 4309 735 4359 2.
782 4301 805 4340 ¹⁰
823 4312 979 4374 caeptnmd.
1001 4310 1149 4374 capanna.
1197 4304 1276 4368 jnttu
1294 4308 1319 4358 2.
1366 4301 1388 4337 ⁸¹
1407 4305 1519 4355 nuntius
1539 4309 1565 4355 3.
1602 4302 1719 4367 „Oaesar

428 4407 534 4458 qnoque
552 4391 678 4442 inducias
697 4406 759 4442 enm
777 4392 891 4442 Venetis
910 4392 938 4442 ln
957 4391 1171 4458 quinquennium
1190 4391 1349 4457 prorogarit
1368 4385 1495 4455 sminge,
1514 4392 1546 4439 ut
1565 4389 1590 4438 el
1603 4392 1718 4455 quotan-

427 4479 470 4527 nis
489 4482 548 4527 toto
565 4477 749 4542 quinquennio
767 4476 901 4528 ducentas
921 4479 981 4527 uurl
998 4476 1086 4527 libras
1104 4481 1131 4526 et
1150 4475 1292 4526 civitatum
1311 4488 1420 4524 suarum
1440 4470 1577 4536 exulibus,
1597 4473 1642 4538 qni
1660 4472 1719 4523 Coe·

426 4577 518 4613 sarem
537 4566 617 4611 erant
634 4563 760 4627 sequuti,
781 4569 906 4627 quartam
925 4562 1060 4623 fructuum
1079 4577 1112 4611 ex
1131 4546 1224 4620 bonis,
1243 4558 1340 4624 quibus
1360 4564 1444 4610 antea
1463 4558 1639 4621 fruebantur,
1657 4573 1719 4623 par·

426 4653 482 4698 tem
500 4644 668 4715 penderent;
692 4648 924 4712 constitutumque
949 4645 1013 4708 fuit,
1039 4650 1068 4696 ut
1093 4660 1127 4695 eu
1149 4644 1183 4694 do
1207 4657 1293 4693 cauae
1322 4642 1382 4693 auri
1404 4642 1491 4693 libras
1516 4643 1719 4708 qninquaginta

427 4730 576 4797 quotannis
593 4735 834 4798 repraesentarent.
866 4736 894 4781 et
912 4731 1031 4780 sortasse
1051 4729 1161 4791 Caesar,
1184 4728 1208 4778 ai
1227 4727 1255 4777 ei
1273 4728 1404 4779 maiorem
1423 4728 1549 4794 pecunias
1567 4727 1622 4776 vlm
1641 4725 1719 4776 adia·

426 4817 546 4879 clasem,
561 4815 596 4866 ad
608 4831 705 4882 pacem
719 4815 908 4867 inclinassent
927 4812 1207 4864 montanensem.
1221 4812 1322 4863 Baron.
1340 4816 1405 4862 tom.
1419 4812 1492 4861 x1x.
1505 4829 1531 4878 p.
1544 4810 1603 4862 342.
1639 4809 1662 4842 ¹¹
1673 4822 1719 4861 uu·

426 4900 526 4954 tutibus
544 4904 569 4953 2.
612 4899 657 4952 bis
676 4905 702 4953 3.
745 4900 768 4934 ²⁶
787 4900 901 4951 allatum
921 4898 1041 4962 (anneot)
1061 4901 1084 4947 l.
1122 4899 1300 4947 escensana.
1320 4897 1493 4961 nonrecepit.
1528 4892 1551 4927 ¹¹
1567 4895 1680 4958 sptntn:
1695 4897 1720 4943 2.

425 4983 449 5018 ¹¹
466 4984 621 5037 Caraecolo
635 4988 687 5037 td.
717 4984 848 5039 &ructate
861 4988 885 5033 2.
932 4982 955 5016 ¹⁸
972 4987 1040 5036 aluta
1053 4986 1078 5032 2.
1124 4978 1147 5011 ³¹
1164 4979 1268 5029 tamdiu
1287 4984 1313 5031 3.
1361 4979 1383 5014 ⁸⁸
1400 4979 1574 5032 sacerdotnm
1594 4982 1620 5030 3.
1660 4977 1721 5028 Hoc

426 5069 528 5121 lemma
547 5072 619 5120 l...l.
637 5085 691 5120 non
710 5069 821 5119 habent.
857 5067 879 5100 ³⁵
897 5067 1061 5117 discriberet
1080 5068 1130 5114 tl.
1166 5063 1188 5096 ⁵¹
1206 5064 1426 5116 Rhomanenaem
1443 5078 1466 5118 a.
1500 5064 1577 5115 nicia
1595 5066 1618 5112 1.

488 5156 621 5207 Eranam
640 5154 708 5204 Ore.
728 5167 792 5204 ror..
805 5153 838 5201 V.
1466 5148 1501 5212 18
