4300 6059
948 1337 963 1372 ἢ

1030 1446 1039 1487 l

851 1556 1068 1634 VLRICHI
1106 1557 1176 1631 DE
1215 1556 1431 1631 HVTTEN

975 1689 1122 1772 EQVfflS
1146 1695 1310 1745 annuam

816 1796 854 1867 ΙΝ
879 1795 1066 1858 VLRlCllVbl
1090 1795 1466 1858 WtRTENBERGENSEM

947 1879 958 1904 ⁶
987 1913 1121 1964 oearro
1142 1915 1296 1976 ovacra,

441 2091 486 2140 §.t
586 2085 686 2144 Sentio
708 2084 828 2145 dubium
851 2104 914 2144 esse
937 2080 1039 2173 robis,
1067 2085 1220 2151 Germani,
1250 2083 1430 2162 asperiorem
1458 2083 1544 2143 buius
1573 2084 1782 2154 immanitatem
1794 2105 1805 2140 ι

500 2204 622 2267 cernere
645 2184 775 2246 debeatis
797 2187 847 2262 qui
869 2187 922 2245 ista
947 2183 1029 2256 lecit,
1053 2204 1089 2245 an
1112 2185 1264 2245 tardiorem
1287 2184 1512 2263 impudentiam,
1536 2187 1594 2263 qui.
1608 2185 1669 2245 baec
1688 2184 1784 2264 loqui·

500 2295 558 2349 tur.
593 2304 661 2349 naxo
684 2306 752 2348 cum
773 2288 915 2365 putaretis
938 2288 1033 2347 omnia
1056 2289 1139 2365 prius
1155 2305 1296 2350 ausurum
1311 2306 1379 2349 eum
1395 2306 1482 2366 quam
1498 2286 1675 2348 detensionis
1691 2287 1784 2349 aleam

500 2386 627 2458 subiret,
657 2390 754 2468 erupit
780 2387 881 2449 subito
909 2407 942 2448 ac
970 2395 1077 2466 praeter
1105 2388 1252 2467 publicam
1275 2390 1459 2468 opinionem,
1491 2407 1550 2448 non
1573 2395 1633 2449 tarn
1655 2410 1686 2450 se
1709 2391 1786 2450 tueri

501 2508 586 2570 quam
609 2490 772 2551 maledictis
795 2510 848 2551 rios
870 2492 1011 2569 impetere
1033 2491 1153 2550 adortus
1176 2496 1233 2560 est3
1257 2510 1344 2570 quam
1365 2489 1443 2550 illius
1465 2492 1714 2572 iruportqnitatem
1737 2512 1785 2553 xe-

502 2597 561 2651 stra
584 2610 643 2651 non
664 2592 811 2654 immerito
834 2594 949 2671 excepit
969 2592 1140 2663 admiratio,
1170 2600 1200 2652 et
1225 2593 1300 2653 scire
1327 2592 1466 2653 laboratis
1494 2594 1543 2670 qui
1574 2593 1610 2651 sit
1636 2593 1724 2653 buius
1753 2595 1783 2654 in
1798 2617 1821 2653 ιιι

441 2693 558 2754 §.a-hoc
580 2694 689 2754 iudicio
711 2695 840 2765 animus,
872 2713 938 2773 quae
960 2694 1075 2754 fidutia:
1106 2702 1186 2755 certe
1208 2695 1286 2756 enirn
1309 2714 1373 2756 esse
1396 2693 1502 2772 aliquid
1531 2693 1658 2763 ridetur,
1687 2676 1786 2773 a'quo
1832 2703 1837 2714 '

500 2813 568 2875 spes
590 2794 631 2856 illi
654 2795 833 2874 dependeat,
864 2798 919 2857 nisi
949 2803 1045 2856 tantus
1074 2796 1157 2856 iuror
1181 2804 1224 2858 est
1244 2803 1440 2874 utagnoscat
1462 2797 1625 2865 neminem,
1655 2797 1682 2856 id
1707 2799 1785 2876 quod

501 2912 557 2975 ego
579 2899 770 2976 pertinaciter
793 2899 899 2969 eredo,
928 2917 996 2958 nam
1018 2899 1113 2976 siquid
1137 2917 1153 2958 a
1177 2898 1276 2959 lurore
1299 2907 1426 2960 cessaret
1452 2916 1486 2958 ae
1514 2898 1590 2958 iuter
1614 2917 1688 2977 quos
1710 2908 1788 2960 esset

501 2986 737 3082 conspicaretur,
762 3001 957 3062 verecundius
978 3000 1041 3060 baec
1064 3007 1178 3079 agerem
1208 3008 1269 3061 tu1n
1294 3001 1317 3060 si
1346 3001 1452 3061 mentis
1475 3017 1595 3077 compos
1618 3009 1693 3061 esset
1716 3021 1785 3072 suae,

500 3107 637 3163 arestro
660 3110 822 3181 conspectu
844 3100 1018 3171 declinaret,
1048 3103 1078 3162 in
1106 3100 1234 3180 aliquem
1263 3119 1327 3163 sese
1355 3100 1494 3180 angulum
1522 3100 1723 3172 abstruderet,
1756 3107 1821 3164 inis

418 3204 421 3213 '
500 3202 613 3282 aliquas
634 3202 772 3266 tenebras
794 3205 986 3272 reconderet,
1009 3203 1105 3264 lucem
1125 3203 1255 3280 ingeret,
1278 3205 1380 3265 autin
1404 3203 1481 3264 illam
1504 3222 1536 3265 se
1558 3203 1666 3283 sylvam
1690 3205 1786 3265 carni·

387 3328 396 3348 ·
503 3305 595 3366 dcinae
609 3324 669 3367 suae
684 3305 783 3367 locum
802 3308 986 3385 proriperet,
1010 3306 1088 3366 unde
1111 3307 1231 3385 aequiori
1254 3307 1351 3365 animo
1374 3306 1409 3366 ad
1432 3304 1608 3385 supplicium
1630 3315 1787 3385 raperetur

441 3412 487 3462 §.tt
501 3425 588 3486 quam
611 3426 646 3470 ex
667 3407 726 3469 hoe
748 3416 909 3478 conventu,
933 3407 988 3468 bac
1010 3405 1084 3469 luce.
1129 3408 1226 3469 dudes
1240 3408 1277 3493 ¹in
1299 3407 1345 3467 bis
1367 3405 1459 3468 oeulis
1482 3394 1656 3477 consistere,
1680 3409 1710 3468 in
1732 3409 1788 3470 bac

500 3510 638 3571 contione
661 3528 823 3592 apparere,
847 3510 937 3578 turia,
962 3511 1071 3588 inqua
1094 3508 1165 3569 nibil
1189 3516 1307 3570 estnon
1323 3508 1555 3569 insensumtibit
1577 3511 1613 3568 dt
1627 3510 1785 3589 etiamdum

499 3610 630 3691 loquitur
653 3613 799 3680 carnifex,
824 3619 852 3672 et
874 3612 943 3672 dum
966 3611 1157 3689 malignatur,
1181 3629 1299 3672 eausam
1322 3630 1353 3671 se
1374 3629 1457 3672 suam
1478 3611 1555 3689 apud
1571 3611 1682 3672 iudices
1697 3629 1787 3689 agere
1797 3638 1823 3676 ιιι

500 3713 587 3781 dicit,
611 3713 740 3791 dumque
762 3731 826 3774 rem
849 3721 961 3792 gestam
985 3714 1088 3774 ordine
1111 3733 1145 3774 ac
1167 3713 1254 3774 modo
1278 3714 1394 3774 invertit
1417 3720 1445 3772 et
1466 3730 1520 3789 pro
1542 3714 1619 3773 veris
1634 3714 1700 3773 ficta
1715 3714 1786 3776 sub-

503 3801 602 3905 ῥῑίιιιίί
617 3834 651 3875 ac
674 3816 704 3875 in
726 3833 759 3876 re
782 3814 868 3894 plana
892 3823 921 3876 et
943 3815 1080 3878 omnihus
1102 3823 1171 3876 nota
1193 3815 1353 3877 mendaciis
1375 3833 1407 3874 se
1435 3819 1549 3886 tuetur,
1584 3814 1656 3875 nihil
1678 3825 1787 3899 praeter

439 3917 671 3995 §.tdiqnitatem
702 3918 844 3978 excidisse
871 3916 927 3978 sibi
955 3918 1104 3996 praedicat.
1150 3916 1346 3978 Oaudaciam
1374 3914 1511 3975 omnibus
1538 3915 1651 3977 saeculis
1672 3936 1786 3978 menm-

457 4080 461 4086 ,
499 4020 637 4089 rendam,
661 4027 729 4080 ote
752 4018 832 4078 nullo
855 4017 984 4098 pudore,
1008 4018 1086 4079 nulla
1109 4021 1239 4089 ratione,
1262 4016 1343 4078 nullo
1366 4035 1454 4077 sensu
1477 4019 1644 4095 praeditum!
1667 4019 1787 4098 adquae

500 4119 544 4182 vel
567 4121 681 4182 hiscere
704 4121 985 4198 impudentissimum
1010 4129 1088 4190 erat,
1117 4119 1153 4180 ad
1177 4139 1209 4180 ea
1233 4128 1264 4179 tu
1287 4119 1464 4197 respondes,
1494 4126 1523 4179 et
1551 4121 1592 4179 sie
1621 4123 1785 4198 respondes
1795 4152 1820 4188 e,

500 4232 533 4285 ut
553 4222 626 4283 nihil
648 4222 773 4284 dicendo
796 4222 891 4291 eluas,
922 4223 974 4283 sed
996 4222 1235 4302 inquinatissima
1257 4220 1309 4281 tibi
1334 4222 1439 4281 mentis
1467 4222 1601 4282 conscius
1630 4221 1785 4284 maledicta

863 4406 906 4457 uf.
928 4425 955 4474 p.
973 4408 997 4459 3.
1018 4409 1053 4458 ad
1071 4408 1147 4459 Orat.
1167 4408 1188 4458 1.
1208 4407 1422 4486 adnotati—onem.

567 4544 574 4578 ¹
594 4546 675 4595 Hauc
693 4545 845 4594 orationem
863 4544 1026 4611 Bomborgae
1044 4560 1138 4593 mense
1157 4544 1278 4608 Arignato
1298 4544 1496 4593 e.151'l.intra
1515 4559 1618 4609 paucos
1636 4545 1696 4595 dies
1714 4563 1786 4596 com-

499 4631 622 4697 posuisse
646 4631 797 4678 Huttenum
815 4629 980 4678 Laurentiue
999 4629 1112 4678 Behoim
1136 4633 1255 4678 testatus
1279 4634 1321 4676 est
1345 4645 1387 4693 op.
1407 4643 1489 4691 sopra
1512 4628 1602 4679 voli.
1621 4647 1646 4694 p.
1662 4629 1719 4681 150.
1739 4648 1785 4681 ex-

498 4715 602 4776 hibito,
623 4731 648 4764 v.
664 4712 703 4763 15.
717 4729 756 4777 sq.
797 4711 959 4761 Prodiorant
977 4714 1094 4778 partium
1118 4713 1223 4778 scripte
1245 4713 1300 4761 vol.
1314 4713 1335 4761 1.
1349 4729 1374 4761 n.
1393 4713 1476 4761 XXX.
1489 4713 1512 4761 4.
1527 4713 1557 4762 5:
1571 4715 1704 4778 repetito,
1730 4716 1785 4766 fre·

498 4804 579 4866 gerat
590 4814 688 4864 pacem
700 4796 936 4846 Bloubeurensem
950 4795 1013 4859 (vol.
1028 4797 1049 4845 Ι.
1062 4812 1091 4844 ιι.
1103 4798 1186 4847 XXX.
1199 4795 1235 4854 6.)
1249 4797 1302 4846 dux
1315 4795 1583 4862 Wirtenbergensis,
1604 4799 1787 4851 damnaverat

499 4899 561 4934 eum
574 4881 678 4931 Ceasar.
691 4879 755 4942 (vol.
768 4881 790 4929 I.
804 4894 829 4928 n.
844 4879 929 4931 XXX.
941 4879 978 4942 8.)
1018 4879 1338 4931 lausannensem
1355 4880 1428 4928 babet
1442 4884 1465 4929 1.
1485 4898 1562 4932 none
1597 4881 1745 4935 ⁵Silentio
1758 4890 1784 4937 2.

460 4964 468 4977 “
498 4963 675 5030 (temulenter.)
712 4961 732 4995 ¹¹
751 4962 850 5011 fidncia
864 4967 888 5011 2.
931 4962 952 4995 ¹³
971 4968 1054 5023 osset]
1074 4967 1110 5013 sit
1128 4973 1238 5016 comit.
1292 4962 1312 4995 ¹⁹
1331 4965 1463 5015 concione
1481 4969 1508 5015 2.
