4300 6059
915 1462 958 1502 AD
975 1459 1221 1504 tnvrc‘rlsslttvm

724 1552 1001 1602 usxmmmuvu
1018 1551 1198 1602 cmsnuau
1215 1551 1421 1608 avovsrvn,
1568 1571 1570 1575 <

552 1641 553 1644 ’
620 1635 845 1708 manovtttt
866 1636 1067 1699 ranruunll
1090 1636 1291 1698 auunontct
1319 1636 1506 1698 utentum

974 1746 1162 1799 EPISTOLA.

401 1876 414 1916 ⁵
494 1870 681 1929 consideranti
703 1873 782 1936 mibi,
811 1872 900 1932 Caesar
920 1872 1055 1946 Auguste,
1079 1871 1141 1927 bine
1163 1871 1224 1928 odia
1246 1870 1459 1927 Christianorum
1482 1870 1652 1945 Principum,
1675 1878 1706 1927 01

422 1955 499 2028 quasi
520 1959 622 2013 mutuis
645 1958 782 2015 interituri
804 1957 960 2015 vulneribus
982 1956 1009 2011 in
1031 1968 1138 2012 arenam
1160 1955 1322 2013 descendere
1344 1955 1497 2017 videantur,
1521 1955 1596 2012 illine
1610 1956 1705 2013 debac·

420 2040 563 2098 ababtibus
579 2043 743 2100 Thuscarnm
767 2043 876 2105 animis,
900 2042 1021 2116 adeoque
1044 2042 1071 2097 in
1094 2050 1215 2098 nostram
1238 2041 1383 2116 perniciem
1405 2040 1589 2103 iullammatis,
1612 2049 1643 2097 ut
1666 2042 1705 2097 in-

422 2131 463 2180 ter
484 2144 533 2184 eos
555 2127 694 2185 decretum
722 2130 758 2185 sit
784 2129 817 2185 de
845 2127 989 2184 excidenda
1018 2125 1155 2201 republica
1177 2127 1340 2190 Christiana,
1370 2126 1501 2200 optimum
1528 2144 1591 2182 sane
1619 2126 1706 2184 visum

419 2217 476 2272 est,
504 2229 561 2273 me.
589 2213 633 2269 cui
663 2215 765 2270 utinam
793 2222 867 2270 tanta
888 2212 1021 2269 acerbitas
1043 2213 1131 2267 minus
1159 2221 1311 2274 constaret,
1339 2212 1437 2286 partim
1459 2212 1530 2268 vires
1552 2229 1582 2267 ae
1604 2211 1705 2268 rabiem

392 2294 661 2354 'ttrueulentissimae
690 2292 778 2372 gentis
808 2308 869 2354 tuos
891 2298 1038 2354 Germanos
1067 2298 1195 2358 edocere,
1228 2297 1326 2371 partim
1356 2296 1500 2353 ostendere
1527 2296 1705 2353 necessariam

417 2397 477 2435 esse
500 2391 596 2437 contra
619 2383 738 2440 'lburcas
761 2383 977 2458 expeditionem,
1004 2381 1199 2456 qui.alioquiu
1228 2382 1317 2438 omnia
1346 2380 1536 2444 devastabunt,
1555 2380 1617 2437 nisi
1636 2380 1705 2437 Ger·

417 2482 560 2521 manorum
582 2467 683 2523 vntum
705 2469 896 2544 reprimantur.
940 2467 1013 2524 llanc
1035 2468 1127 2541 itaque
1150 2466 1299 2545 orati-onem
1328 2475 1381 2523 tum
1404 2466 1535 2522 llaiestati
1564 2466 1704 2540 legendam

416 2550 624 2608 venerabundus
647 2553 747 2614 allero,
776 2554 813 2610 'le
835 2553 1050 2609 Christianorum
1081 2553 1232 2626 principum
1261 2561 1344 2626 caput
1365 2568 1395 2607 ae
1416 2551 1596 2615 certissimum
1619 2561 1704 2608 terra-

417 2651 476 2690 mm
501 2653 600 2692 numen
621 2645 704 2713 atque
728 2638 854 2701 tutelam,
878 2640 983 2701 Caesar,
1007 2637 1153 2694 obsecrans
1176 2636 1386 2710 obtestansque,
1409 2644 1440 2693 01
1462 2636 1551 2692 ruenti
1574 2634 1635 2692 fidei
1657 2637 1705 2693 Ga·

387 2718 527 2778 ¹⁵tlrolicae
548 2730 653 2778 mature
674 2723 813 2780 consulas:
836 2725 874 2780 l'e
896 2741 989 2780 omnes
1011 2732 1160 2799 sequentur
1173 2721 1326 2796 Principes,
1350 2731 1379 2779 10
1401 2720 1443 2778 vel
1465 2720 1527 2806 sola
1547 2728 1591 2776 tua
1607 2721 1706 2777 doren-

417 2804 520 2861 tissima
543 2804 684 2864 Germania
705 2815 734 2864 et
756 2826 903 2883 oppressos
925 2807 1090 2864 liberaturus
1113 2825 1142 2863 es
1157 2807 1338 2869 Christianos.
1362 2816 1390 2863 ct
1412 2823 1517 2863 omnem
1540 2805 1705 2863 imminentis

415 2887 576 2946 calamitatis
598 2900 700 2948 metum
722 2893 912 2967 dissipaturus.
956 2892 1010 2949 liae
1041 2893 1081 2949 ria
1111 2893 1243 2967 imprimis
1273 2892 1311 2947 tui
1334 2892 1454 2953 Caesares
1482 2890 1553 2961 inter
1574 2890 1640 2946 deos
1662 2909 1705 2949 rc·

415 2974 487 3046 cepti
510 2982 589 3038 sunt,
618 2976 661 3032 his
683 2988 712 3034 tu
735 2979 877 3035 summotis
899 2966 1041 3052 periculis,
1050 2996 1127 3059 ,quo
1149 2978 1214 3035 lidos
1237 2986 1330 3033 nostra
1352 2985 1395 3033 est
1416 2976 1507 3033 acrior
1527 2983 1555 3032 et
1577 2977 1704 3039 sanctior,

415 3075 449 3114 eo
470 3061 573 3116 certius
595 3073 668 3118 recta
696 3064 723 3118 in
750 3062 848 3120 coelum
876 3080 905 3120 es
930 3061 1098 3120 evolaturus.
1142 3062 1213 3119 Vale.
1265 3062 1395 3136 Augustae
1417 3057 1625 3118 vindelicorum.
1649 3061 1702 3132 viij.

383 3142 472 3198 atat.
488 3144 708 3202 101111111111.ἱ
726 3187 731 3195 .

996 3398 1132 3450 ORATIO

609 3452 834 3563 rntnovmtl
861 3491 1062 3554 rennuunt}
1091 3491 1294 3553 llNllllONlCl
1322 3491 1511 3554 DdLlldTAE

892 3593 1038 3644 conans
1059 3594 1228 3644 ruvacss
1291 3580 1296 3586 “

846 3678 894 3727 no
914 3677 1111 3730 ounnsnos
1129 3680 1274 3729 usurus.

387 3817 411 3857 aa
504 3799 671 3875 Quamquam
698 3802 755 3858 scio
783 3801 898 3860 multum
929 3801 1085 3858 acerbitatis
1113 3802 1145 3856 ad
1173 3820 1261 3858 meum
1288 3800 1411 3858 dolorem
1440 3820 1610 3860 accessurum
1632 3821 1701 3865 esse,
1711 3806 1756 3856 11.

420 3885 561 3942 fortissimi
578 3886 711 3950 Germani,
733 3887 755 3943 si
772 3887 908 3961 ingentem
924 3887 1181 3943 immanissimorum
1197 3887 1361 3943 'llrurcarum
1378 3888 1525 3962 potentiam
1541 3889 1644 3945 relcrre
1658 3907 1704 3943 vo-

348 3981 355 4006 ·
414 3969 507 4033 luero,
530 3972 631 4044 partim
653 3973 725 4046 quod
748 3990 837 4030 meum
861 3989 955 4029 recens
977 3980 1059 4045 atque
1082 3964 1270 4045 gravissimum
1293 3971 1390 4028 uulnus
1412 3973 1477 4029 milri
1500 3974 1552 4048 ipsi
1575 3973 1702 4029 refricare

415 4072 555 4113 necessum
579 4064 634 4118 cst,
657 4057 756 4130 partim
779 4058 860 4114 ctiam
883 4057 1068 4130 magnitudine
1092 4056 1257 4113 imminentis
1279 4057 1454 4120 calamitatis,
1477 4076 1511 4114 ne
1532 4058 1703 4115 dicameaei·

413 4140 448 4196 dii
471 4140 629 4218 reipublicae
651 4136 825 4206 Christianae,
855 4143 906 4198 nisi
929 4143 996 4199 deus
1025 4143 1145 4217 optimus
1167 4143 1298 4198 maximus
1327 4151 1427 4198 tautam
1457 4143 1562 4199 ruinam
1591 4150 1701 4205 avertat,

385 4225 542 4300 atrepcllat,
571 4226 748 4290 exterminet,
780 4235 869 4284 tamen
898 4245 985 4302 neque
1012 4227 1139 4302 propriis¹
1154 4227 1283 4301 periculis
1305 4244 1336 4284 ac
1356 4228 1484 4284 diuturna
1506 4227 1639 4284 malorum
1660 4246 1703 4286 sc-

413 4310 464 4374 ric,
488 4327 576 4384 neque
598 4312 785 4369 communibus
808 4313 1000 4375 incommodis,
1024 4313 1051 4368 in
1074 4312 1173 4387 quibus
1195 4311 1308 4368 maxima
1331 4329 1394 4386 pars
1416 4314 1462 4368 diu
1485 4313 1583 4368 versati
1599 4330 1701 4376 sumus,

413 4411 444 4451 ac
464 4394 507 4468 (ut
528 4394 616 4468 video)
645 4394 727 4470 longe
748 4398 850 4455 diutius
873 4397 1054 4461 versabimur,
1083 4396 1257 4458 deterrebor,
1288 4397 1352 4470 quin
1381 4415 1411 4453 ea
1441 4415 1500 4470 quae
1527 4398 1559 4452 ad
1582 4397 1701 4454 omnium

413 4479 558 4537 utilitatem
581 4490 704 4556 spectare
728 4481 889 4538 videbuntur
918 4483 982 4539 lorti
1013 4502 1043 4539 ac
1071 4482 1207 4556 intrepido
1234 4482 1323 4537 animo
1346 4482 1506 4556 exprimam,
1536 4482 1701 4555 quotidianis

414 4575 514 4622 nostrae
531 4566 690 4623 miserrimae
705 4568 869 4625 conditionis
885 4566 1106 4625 fluctuationibus
1128 4584 1277 4642 earumque
1298 4567 1388 4623 causis
1411 4566 1524 4623 subinde
1540 4567 1701 4640 assignatis:
1742 4614 1744 4619 .

385 4656 473 4724 itque
501 4668 557 4707 non
588 4659 642 4708 tam
670 4651 869 4727 longinquitate
897 4652 1019 4709 locorum
1048 4671 1108 4710 csse
1137 4653 1230 4726 ignota
1253 4652 1391 4709 Germanis
1413 4660 1495 4726 puto.
1526 4669 1605 4725 quam
1627 4654 1700 4727 quod

413 4751 443 4791 ea
463 4734 603 4792 bominum
626 4745 723 4794 natura
751 4746 807 4802 est,
836 4747 868 4796 ut
897 4737 1052 4795 blandiente
1081 4737 1250 4812 aliquantum
1281 4738 1393 4794 fortuna
1421 4754 1470 4793 nec
1497 4737 1700 4826 praeteritorum

475 4933 487 4966 ¹
504 4902 666 4999 novarum,
686 4939 709 4987 1.
760 4935 784 4971 ¹⁰
801 4935 852 5002 lm]
872 4938 890 4987 i.
905 4954 929 4988 e.
942 4937 1051 5001 100100,
1070 4942 1102 4986 01
1119 4934 1208 4985 ultimi
1225 4934 1306 4986 huius
1324 4935 1413 4987 libelli
1430 4951 1526 4987 versus
1544 4936 1699 4988 ostendunt.

412 5017 433 5050 ⁸¹
451 5035 502 5087 qne
521 5024 545 5072 1.
