<?xml version="1.0" encoding="UTF-8"?>
<!DOCTYPE html PUBLIC "-//W3C//DTD XHTML 1.0 Transitional//EN"
    "http://www.w3.org/TR/xhtml1/DTD/xhtml1-transitional.dtd">
<html xmlns="http://www.w3.org/1999/xhtml" xml:lang="en" lang="en">
 <head>
  <title>
</title>
<meta http-equiv="Content-Type" content="text/html;charset=utf-8" />
  <meta name='ocr-system' content='tesseract 3.04.00' />
  <meta name='ocr-capabilities' content='ocr_page ocr_carea ocr_par ocr_line ocrx_word'/>
</head>
<body>
  <div class='ocr_page' id='page_1' title='image "./ulrichihuttenie01huttgoog/ulrichihuttenie01huttgoog_0188.png"; bbox 0 0 4300 6059; ppageno 0'>
   <div class='ocr_carea' id='block_1_1' title="bbox 540 675 1818 746">
    <p class='ocr_par' dir='ltr' id='par_1_1' title="bbox 540 675 1818 746">
     <span class='ocr_line' id='line_1_1' title="bbox 540 675 1818 746; baseline -0.002 -8"><span class='ocrx_word' id='word_1_1' title='bbox 540 675 611 746; x_wconf 73' lang='lat'><strong>178</strong></span> <span class='ocrx_word' id='word_1_2' title='bbox 628 685 630 689; x_wconf 27' lang='grc' dir='ltr'>ι</span> <span class='ocrx_word' id='word_1_3' title='bbox 647 704 831 740; x_wconf 71' lang='lat' dir='ltr'><strong>uaxltttntbttt</strong></span> <span class='ocrx_word' id='word_1_4' title='bbox 850 704 908 739; x_wconf 77' lang='lat' dir='ltr'><strong>ntr.</strong></span> <span class='ocrx_word' id='word_1_5' title='bbox 928 705 1095 739; x_wconf 77' lang='lat' dir='ltr'><strong>ruerentrto</strong></span> <span class='ocrx_word' id='word_1_6' title='bbox 1115 675 1150 738; x_wconf 63' lang='lat' dir='ltr'><strong>nri</strong></span> <span class='ocrx_word' id='word_1_7' title='bbox 1169 705 1258 738; x_wconf 73' lang='lat' dir='ltr'><strong>necno</strong></span> <span class='ocrx_word' id='word_1_8' title='bbox 1277 704 1397 739; x_wconf 81' lang='lat' dir='ltr'><strong>‘rt&#39;ttctco</strong></span> <span class='ocrx_word' id='word_1_9' title='bbox 1415 703 1452 738; x_wconf 77' lang='lat' dir='ltr'><strong>AD</strong></span> <span class='ocrx_word' id='word_1_10' title='bbox 1465 703 1612 738; x_wconf 72' lang='lat' dir='ltr'><strong>retnctrtte</strong></span> <span class='ocrx_word' id='word_1_11' title='bbox 1625 704 1659 739; x_wconf 72' lang='lat' dir='ltr'><strong>nt·</strong></span> <span class='ocrx_word' id='word_1_12' title='bbox 1672 704 1696 738; x_wconf 80' lang='lat' dir='ltr'><strong>C·</strong></span> <span class='ocrx_word' id='word_1_13' title='bbox 1716 703 1742 738; x_wconf 75' lang='lat' dir='ltr'><strong>A.</strong></span> <span class='ocrx_word' id='word_1_14' title='bbox 1756 697 1818 738; x_wconf 76' lang='lat'><strong>15¹8.</strong></span> 
     </span>
    </p>
   </div>
   <div class='ocr_carea' id='block_1_2' title="bbox 368 861 1853 4420">
    <p class='ocr_par' dir='ltr' id='par_1_2' title="bbox 536 861 1839 1276">
     <span class='ocr_line' id='line_1_2' title="bbox 539 861 1816 940; baseline -0.002 -19"><span class='ocrx_word' id='word_1_15' title='bbox 539 883 619 940; x_wconf 89' lang='lat' dir='ltr'><strong>quarn</strong></span> <span class='ocrx_word' id='word_1_16' title='bbox 640 863 862 921; x_wconf 75' lang='lat' dir='ltr'>deliberationem</span> <span class='ocrx_word' id='word_1_17' title='bbox 879 863 912 917; x_wconf 92' lang='lat' dir='ltr'><strong>de</strong></span> <span class='ocrx_word' id='word_1_18' title='bbox 928 863 1023 936; x_wconf 91' lang='lat' dir='ltr'><strong>copiis,</strong></span> <span class='ocrx_word' id='word_1_19' title='bbox 1046 863 1079 917; x_wconf 91' lang='lat' dir='ltr'><strong>dc</strong></span> <span class='ocrx_word' id='word_1_20' title='bbox 1095 862 1296 922; x_wconf 86' lang='lat' dir='ltr'><strong>commeatibus,</strong></span> <span class='ocrx_word' id='word_1_21' title='bbox 1319 863 1407 937; x_wconf 82' lang='lat' dir='ltr'>deque</span> <span class='ocrx_word' id='word_1_22' title='bbox 1423 863 1503 918; x_wconf 91' lang='lat' dir='ltr'><strong>modo</strong></span> <span class='ocrx_word' id='word_1_23' title='bbox 1518 861 1582 918; x_wconf 79' lang='lat' dir='ltr'><strong>liclli</strong></span> <span class='ocrx_word' id='word_1_24' title='bbox 1599 862 1709 935; x_wconf 80' lang='lat' dir='ltr'><strong>gerendi</strong></span> <span class='ocrx_word' id='word_1_25' title='bbox 1725 870 1816 936; x_wconf 90' lang='lat' dir='ltr'><strong>perte·</strong></span> 
     </span>
     <span class='ocr_line' id='line_1_3' title="bbox 537 946 1819 1024; baseline -0.003 -18"><span class='ocrx_word' id='word_1_26' title='bbox 537 968 605 1011; x_wconf 77' lang='lat' dir='ltr'><strong>nam,</strong></span> <span class='ocrx_word' id='word_1_27' title='bbox 629 967 698 1024; x_wconf 76' lang='lat' dir='ltr'><strong>quaa,</strong></span> <span class='ocrx_word' id='word_1_28' title='bbox 721 947 792 1003; x_wconf 86' lang='lat' dir='ltr'><strong>dorni</strong></span> <span class='ocrx_word' id='word_1_29' title='bbox 809 965 875 1020; x_wconf 90' lang='lat' dir='ltr'><strong>pace</strong></span> <span class='ocrx_word' id='word_1_30' title='bbox 889 948 1047 1007; x_wconf 85' lang='lat' dir='ltr'><strong>constituta,</strong></span> <span class='ocrx_word' id='word_1_31' title='bbox 1071 964 1125 1001; x_wconf 92' lang='lat' dir='ltr'><strong>non</strong></span> <span class='ocrx_word' id='word_1_32' title='bbox 1141 954 1232 1021; x_wconf 89' lang='lat' dir='ltr'><strong>potest</strong></span> <span class='ocrx_word' id='word_1_33' title='bbox 1248 946 1365 1002; x_wconf 87' lang='lat' dir='ltr'><strong>dilllcilis</strong></span> <span class='ocrx_word' id='word_1_34' title='bbox 1380 948 1456 1003; x_wconf 81' lang='lat' dir='ltr'><strong>vobis</strong></span> <span class='ocrx_word' id='word_1_35' title='bbox 1478 947 1570 1009; x_wconf 86' lang='lat' dir='ltr'><strong>rideri,</strong></span> <span class='ocrx_word' id='word_1_36' title='bbox 1594 965 1640 1021; x_wconf 88' lang='lat' dir='ltr'><strong>qur</strong></span> <span class='ocrx_word' id='word_1_37' title='bbox 1656 948 1737 1020; x_wconf 91' lang='lat' dir='ltr'><strong>periti</strong></span> <span class='ocrx_word' id='word_1_38' title='bbox 1752 949 1819 1003; x_wconf 88' lang='lat' dir='ltr'><strong>estis</strong></span> 
     </span>
     <span class='ocr_line' id='line_1_4' title="bbox 537 1020 1819 1106; baseline -0.003 -15"><span class='ocrx_word' id='word_1_39' title='bbox 537 1036 575 1091; x_wconf 88' lang='lat' dir='ltr'><strong>rei</strong></span> <span class='ocrx_word' id='word_1_40' title='bbox 598 1033 722 1090; x_wconf 86' lang='lat' dir='ltr'><strong>militaris</strong></span> <span class='ocrx_word' id='word_1_41' title='bbox 744 1040 773 1088; x_wconf 86' lang='lat' dir='ltr'><strong>et</strong></span> <span class='ocrx_word' id='word_1_42' title='bbox 795 1031 892 1104; x_wconf 89' lang='lat' dir='ltr'><strong>quibus</strong></span> <span class='ocrx_word' id='word_1_43' title='bbox 915 1031 1054 1088; x_wconf 83' lang='lat' dir='ltr'><strong>Germania</strong></span> <span class='ocrx_word' id='word_1_44' title='bbox 1079 1033 1145 1087; x_wconf 90' lang='lat' dir='ltr'><strong>satis</strong></span> <span class='ocrx_word' id='word_1_45' title='bbox 1174 1040 1237 1087; x_wconf 90' lang='lat' dir='ltr'><strong>nota</strong></span> <span class='ocrx_word' id='word_1_46' title='bbox 1265 1041 1321 1091; x_wconf 88' lang='lat' dir='ltr'><strong>est,</strong></span> <span class='ocrx_word' id='word_1_47' title='bbox 1349 1023 1467 1106; x_wconf 84' lang='lat' dir='ltr'><strong>denique</strong></span> <span class='ocrx_word' id='word_1_48' title='bbox 1489 1033 1535 1106; x_wconf 92' lang='lat' dir='ltr'><strong>qui</strong></span> <span class='ocrx_word' id='word_1_49' title='bbox 1558 1020 1630 1086; x_wconf 81' lang='lat' dir='ltr'><strong>arma</strong></span> <span class='ocrx_word' id='word_1_50' title='bbox 1653 1040 1769 1106; x_wconf 47' lang='lat' dir='ltr'><strong>et·opes</strong></span> <span class='ocrx_word' id='word_1_51' title='bbox 1792 1041 1819 1088; x_wconf 90' lang='lat' dir='ltr'><strong>et</strong></span> 
     </span>
     <span class='ocr_line' id='line_1_5' title="bbox 538 1117 1819 1192; baseline -0.003 -16"><span class='ocrx_word' id='word_1_52' title='bbox 538 1120 605 1176; x_wconf 91' lang='lat' dir='ltr'><strong>banc</strong></span> <span class='ocrx_word' id='word_1_53' title='bbox 626 1118 733 1192; x_wconf 88' lang='lat' dir='ltr'><strong>lmperii</strong></span> <span class='ocrx_word' id='word_1_54' title='bbox 755 1117 915 1189; x_wconf 82' lang='lat' dir='ltr'><strong>dignitatem</strong></span> <span class='ocrx_word' id='word_1_55' title='bbox 938 1125 1032 1174; x_wconf 86' lang='lat' dir='ltr'><strong>tenere</strong></span> <span class='ocrx_word' id='word_1_56' title='bbox 1054 1134 1105 1173; x_wconf 91' lang='lat' dir='ltr'><strong>nos</strong></span> <span class='ocrx_word' id='word_1_57' title='bbox 1127 1117 1219 1180; x_wconf 88' lang='lat' dir='ltr'><strong>scitis,</strong></span> <span class='ocrx_word' id='word_1_58' title='bbox 1242 1126 1272 1172; x_wconf 91' lang='lat' dir='ltr'><strong>nt</strong></span> <span class='ocrx_word' id='word_1_59' title='bbox 1294 1118 1425 1172; x_wconf 85' lang='lat' dir='ltr'><strong>vitamet</strong></span> <span class='ocrx_word' id='word_1_60' title='bbox 1447 1134 1541 1173; x_wconf 87' lang='lat' dir='ltr'><strong>omnes</strong></span> <span class='ocrx_word' id='word_1_61' title='bbox 1563 1118 1688 1172; x_wconf 78' lang='lat' dir='ltr'><strong>fortunas</strong></span> <span class='ocrx_word' id='word_1_62' title='bbox 1710 1126 1819 1173; x_wconf 86' lang='lat' dir='ltr'><strong>nostras</strong></span> 
     </span>
     <span class='ocr_line' id='line_1_6' title="bbox 536 1202 1839 1276; baseline -0.006 -15"><span class='ocrx_word' id='word_1_63' title='bbox 536 1206 569 1261; x_wconf 88' lang='lat' dir='ltr'><strong>ad</strong></span> <span class='ocrx_word' id='word_1_64' title='bbox 590 1203 776 1260; x_wconf 76' lang='lat' dir='ltr'><strong>defensionem</strong></span> <span class='ocrx_word' id='word_1_65' title='bbox 798 1210 826 1257; x_wconf 88' lang='lat' dir='ltr'><strong>et</strong></span> <span class='ocrx_word' id='word_1_66' title='bbox 848 1202 980 1276; x_wconf 88' lang='lat' dir='ltr'><strong>publicam</strong></span> <span class='ocrx_word' id='word_1_67' title='bbox 1003 1202 1118 1258; x_wconf 88' lang='lat' dir='ltr'><strong>salutem</strong></span> <span class='ocrx_word' id='word_1_68' title='bbox 1141 1202 1224 1257; x_wconf 88' lang='lat' dir='ltr'><strong>orbis·</strong></span> <span class='ocrx_word' id='word_1_69' title='bbox 1238 1211 1370 1259; x_wconf 84' lang='lat' dir='ltr'><strong>terrarum</strong></span> <span class='ocrx_word' id='word_1_70' title='bbox 1392 1202 1571 1258; x_wconf 83' lang='lat' dir='ltr'><strong>conferamus.</strong></span> <span class='ocrx_word' id='word_1_71' title='bbox 1827 1217 1839 1253; x_wconf 80' lang='lat' dir='ltr'><strong>a</strong></span> 
     </span>
    </p>

    <p class='ocr_par' dir='ltr' id='par_1_3' title="bbox 443 1284 1853 2465">
     <span class='ocr_line' id='line_1_7' title="bbox 443 1284 1818 1361; baseline 0.003 -22"><span class='ocrx_word' id='word_1_72' title='bbox 443 1329 448 1339; x_wconf 81' lang='grc'>,</span> <span class='ocrx_word' id='word_1_73' title='bbox 494 1294 523 1339; x_wconf 87' lang='lat' dir='ltr'><strong>n.</strong></span> <span class='ocrx_word' id='word_1_74' title='bbox 622 1289 675 1345; x_wconf 81' lang='lat' dir='ltr'><strong>Nec</strong></span> <span class='ocrx_word' id='word_1_75' title='bbox 702 1305 766 1343; x_wconf 80' lang='lat' dir='ltr'><strong>vero</strong></span> <span class='ocrx_word' id='word_1_76' title='bbox 794 1304 945 1361; x_wconf 81' lang='lat' dir='ltr'><strong>quenquam</strong></span> <span class='ocrx_word' id='word_1_77' title='bbox 974 1305 989 1342; x_wconf 94' lang='lat' dir='ltr'><strong>e</strong></span> <span class='ocrx_word' id='word_1_78' title='bbox 1016 1287 1093 1356; x_wconf 71' lang='lat' dir='ltr'><strong>robis</strong></span> <span class='ocrx_word' id='word_1_79' title='bbox 1116 1287 1235 1343; x_wconf 89' lang='lat' dir='ltr'><strong>arbitror</strong></span> <span class='ocrx_word' id='word_1_80' title='bbox 1264 1304 1324 1342; x_wconf 87' lang='lat' dir='ltr'><strong>esse</strong></span> <span class='ocrx_word' id='word_1_81' title='bbox 1353 1288 1398 1360; x_wconf 90' lang='lat' dir='ltr'><strong>qui</strong></span> <span class='ocrx_word' id='word_1_82' title='bbox 1428 1287 1568 1342; x_wconf 86' lang='lat' dir='ltr'><strong>Turcicum</strong></span> <span class='ocrx_word' id='word_1_83' title='bbox 1595 1284 1695 1342; x_wconf 87' lang='lat' dir='ltr'><strong>bellum</strong></span> <span class='ocrx_word' id='word_1_84' title='bbox 1723 1304 1818 1360; x_wconf 91' lang='lat' dir='ltr'><strong>parum</strong></span> 
     </span>
     <span class='ocr_line' id='line_1_8' title="bbox 536 1371 1819 1445; baseline -0.005 -13"><span class='ocrx_word' id='word_1_85' title='bbox 536 1374 716 1431; x_wconf 90' lang='lat' dir='ltr'><strong>necessarium</strong></span> <span class='ocrx_word' id='word_1_86' title='bbox 739 1373 888 1434; x_wconf 81' lang='lat' dir='ltr'><strong>existimet,</strong></span> <span class='ocrx_word' id='word_1_87' title='bbox 912 1379 958 1428; x_wconf 88' lang='lat' dir='ltr'><strong>aut</strong></span> <span class='ocrx_word' id='word_1_88' title='bbox 980 1371 1103 1445; x_wconf 78' lang='lat' dir='ltr'><strong>postulet</strong></span> <span class='ocrx_word' id='word_1_89' title='bbox 1124 1380 1154 1427; x_wconf 89' lang='lat' dir='ltr'><strong>ut</strong></span> <span class='ocrx_word' id='word_1_90' title='bbox 1176 1371 1220 1427; x_wconf 88' lang='lat' dir='ltr'><strong>alii</strong></span> <span class='ocrx_word' id='word_1_91' title='bbox 1244 1372 1336 1445; x_wconf 89' lang='lat' dir='ltr'><strong>potius</strong></span> <span class='ocrx_word' id='word_1_92' title='bbox 1358 1372 1459 1445; x_wconf 75' lang='lat' dir='ltr'><strong>Reges,</strong></span> <span class='ocrx_word' id='word_1_93' title='bbox 1482 1372 1541 1428; x_wconf 83' lang='lat' dir='ltr'><strong>aliae</strong></span> <span class='ocrx_word' id='word_1_94' title='bbox 1564 1372 1688 1427; x_wconf 89' lang='lat' dir='ltr'><strong>nationes</strong></span> <span class='ocrx_word' id='word_1_95' title='bbox 1703 1371 1754 1426; x_wconf 89' lang='lat' dir='ltr'><strong>sibi</strong></span> <span class='ocrx_word' id='word_1_96' title='bbox 1771 1373 1819 1445; x_wconf 84' lang='lat' dir='ltr'><strong>has</strong></span> 
     </span>
     <span class='ocr_line' id='line_1_9' title="bbox 534 1456 1819 1534; baseline -0.002 -19"><span class='ocrx_word' id='word_1_97' title='bbox 534 1468 626 1534; x_wconf 89' lang='lat' dir='ltr'><strong>partes</strong></span> <span class='ocrx_word' id='word_1_98' title='bbox 648 1465 769 1514; x_wconf 88' lang='lat' dir='ltr'><strong>sumant:</strong></span> <span class='ocrx_word' id='word_1_99' title='bbox 792 1473 852 1512; x_wconf 87' lang='lat' dir='ltr'><strong>narn</strong></span> <span class='ocrx_word' id='word_1_100' title='bbox 875 1457 979 1513; x_wconf 91' lang='lat' dir='ltr'><strong>etiamsi</strong></span> <span class='ocrx_word' id='word_1_101' title='bbox 1003 1458 1096 1512; x_wconf 82' lang='lat' dir='ltr'><strong>Turcae</strong></span> <span class='ocrx_word' id='word_1_102' title='bbox 1120 1458 1176 1511; x_wconf 86' lang='lat' dir='ltr'><strong>suis</strong></span> <span class='ocrx_word' id='word_1_103' title='bbox 1192 1456 1289 1511; x_wconf 84' lang='lat' dir='ltr'><strong>linibus</strong></span> <span class='ocrx_word' id='word_1_104' title='bbox 1305 1457 1355 1511; x_wconf 92' lang='lat' dir='ltr'><strong>iam</strong></span> <span class='ocrx_word' id='word_1_105' title='bbox 1370 1457 1491 1512; x_wconf 85' lang='lat' dir='ltr'><strong>contenti</strong></span> <span class='ocrx_word' id='word_1_106' title='bbox 1507 1474 1561 1512; x_wconf 87' lang='grc' dir='ltr'>ιιοιι</span> <span class='ocrx_word' id='word_1_107' title='bbox 1575 1457 1732 1530; x_wconf 74' lang='lat' dir='ltr'><strong>proferrent</strong></span> <span class='ocrx_word' id='word_1_108' title='bbox 1747 1474 1819 1512; x_wconf 90' lang='lat' dir='ltr'><strong>arma</strong></span> 
     </span>
     <span class='ocr_line' id='line_1_10' title="bbox 535 1539 1818 1617; baseline -0.002 -19"><span class='ocrx_word' id='word_1_109' title='bbox 535 1544 658 1617; x_wconf 80' lang='lat' dir='ltr'><strong>longius,</strong></span> <span class='ocrx_word' id='word_1_110' title='bbox 681 1560 731 1599; x_wconf 91' lang='lat' dir='ltr'><strong>nec</strong></span> <span class='ocrx_word' id='word_1_111' title='bbox 753 1541 831 1596; x_wconf 88' lang='lat' dir='ltr'><strong>nobis</strong></span> <span class='ocrx_word' id='word_1_112' title='bbox 854 1541 1003 1616; x_wconf 88' lang='lat' dir='ltr'><strong>perieulum</strong></span> <span class='ocrx_word' id='word_1_113' title='bbox 1026 1542 1232 1602; x_wconf 88' lang='lat' dir='ltr'><strong>denunciarent,</strong></span> <span class='ocrx_word' id='word_1_114' title='bbox 1256 1558 1306 1596; x_wconf 88' lang='lat' dir='ltr'><strong>nos</strong></span> <span class='ocrx_word' id='word_1_115' title='bbox 1329 1541 1451 1614; x_wconf 87' lang='lat' dir='ltr'><strong>quidem.</strong></span> <span class='ocrx_word' id='word_1_116' title='bbox 1477 1539 1574 1614; x_wconf 81' lang='lat' dir='ltr'><strong>quibus</strong></span> <span class='ocrx_word' id='word_1_117' title='bbox 1597 1541 1665 1596; x_wconf 85' lang='lat' dir='ltr'><strong>lleus</strong></span> <span class='ocrx_word' id='word_1_118' title='bbox 1681 1542 1818 1615; x_wconf 79' lang='lat' dir='ltr'><strong>praecipue</strong></span> 
     </span>
     <span class='ocr_line' id='line_1_11' title="bbox 535 1625 1852 1700; baseline -0.003 -15"><span class='ocrx_word' id='word_1_119' title='bbox 535 1628 729 1685; x_wconf 82' lang='lat' dir='ltr'><strong>commendavit</strong></span> <span class='ocrx_word' id='word_1_120' title='bbox 759 1627 833 1682; x_wconf 90' lang='lat' dir='ltr'><strong>orbis</strong></span> <span class='ocrx_word' id='word_1_121' title='bbox 855 1627 998 1682; x_wconf 75' lang='lat' dir='ltr'><strong>Christiani</strong></span> <span class='ocrx_word' id='word_1_122' title='bbox 1026 1627 1224 1687; x_wconf 86' lang='lat' dir='ltr'><strong>delensionem,</strong></span> <span class='ocrx_word' id='word_1_123' title='bbox 1252 1625 1354 1683; x_wconf 90' lang='lat' dir='ltr'><strong>bellum</strong></span> <span class='ocrx_word' id='word_1_124' title='bbox 1382 1627 1482 1693; x_wconf 76' lang='lat' dir='ltr'><strong>inlerre</strong></span> <span class='ocrx_word' id='word_1_125' title='bbox 1514 1625 1567 1681; x_wconf 88' lang='lat' dir='ltr'><strong>illis</strong></span> <span class='ocrx_word' id='word_1_126' title='bbox 1597 1625 1758 1700; x_wconf 85' lang='lat' dir='ltr'><strong>oportebat,</strong></span> <span class='ocrx_word' id='word_1_127' title='bbox 1786 1634 1852 1681; x_wconf 83' lang='lat' dir='ltr'><strong>nt¹⁰</strong></span> 
     </span>
     <span class='ocr_line' id='line_1_12' title="bbox 536 1711 1818 1785; baseline -0.003 -16"><span class='ocrx_word' id='word_1_128' title='bbox 536 1714 664 1773; x_wconf 71' lang='lat' dir='ltr'><strong>Graeciam</strong></span> <span class='ocrx_word' id='word_1_129' title='bbox 679 1721 706 1770; x_wconf 90' lang='lat' dir='ltr'><strong>et</strong></span> <span class='ocrx_word' id='word_1_130' title='bbox 721 1713 821 1768; x_wconf 86' lang='lat' dir='ltr'><strong>vicinas</strong></span> <span class='ocrx_word' id='word_1_131' title='bbox 843 1712 995 1785; x_wconf 90' lang='lat' dir='ltr'><strong>provincias</strong></span> <span class='ocrx_word' id='word_1_132' title='bbox 1016 1712 1117 1767; x_wconf 87' lang='lat' dir='ltr'><strong>erudeli</strong></span> <span class='ocrx_word' id='word_1_133' title='bbox 1140 1712 1270 1768; x_wconf 84' lang='lat' dir='ltr'><strong>servitute</strong></span> <span class='ocrx_word' id='word_1_134' title='bbox 1293 1711 1477 1771; x_wconf 81' lang='lat' dir='ltr'><strong>liberaremus.</strong></span> <span class='ocrx_word' id='word_1_135' title='bbox 1527 1712 1632 1767; x_wconf 86' lang='lat' dir='ltr'><strong>namsi</strong></span> <span class='ocrx_word' id='word_1_136' title='bbox 1656 1711 1717 1783; x_wconf 89' lang='lat' dir='ltr'><strong>quis</strong></span> <span class='ocrx_word' id='word_1_137' title='bbox 1740 1719 1818 1784; x_wconf 86' lang='lat' dir='ltr'><strong>putat</strong></span> 
     </span>
     <span class='ocr_line' id='line_1_13' title="bbox 535 1794 1818 1870; baseline -0.002 -16"><span class='ocrx_word' id='word_1_138' title='bbox 535 1800 609 1855; x_wconf 89' lang='lat' dir='ltr'><strong>mitia</strong></span> <span class='ocrx_word' id='word_1_139' title='bbox 633 1805 678 1854; x_wconf 88' lang='lat' dir='ltr'><strong>aul</strong></span> <span class='ocrx_word' id='word_1_140' title='bbox 701 1796 852 1853; x_wconf 79' lang='lat' dir='ltr'><strong>tolerabilia</strong></span> <span class='ocrx_word' id='word_1_141' title='bbox 875 1814 934 1852; x_wconf 87' lang='lat' dir='ltr'><strong>esee</strong></span> <span class='ocrx_word' id='word_1_142' title='bbox 958 1799 1103 1853; x_wconf 87' lang='lat' dir='ltr'><strong>&#39;lurcaruur</strong></span> <span class='ocrx_word' id='word_1_143' title='bbox 1127 1797 1253 1870; x_wconf 89' lang='lat' dir='ltr'><strong>imperia,</strong></span> <span class='ocrx_word' id='word_1_144' title='bbox 1279 1797 1301 1850; x_wconf 92' lang='lat' dir='ltr'><strong>is</strong></span> <span class='ocrx_word' id='word_1_145' title='bbox 1323 1794 1405 1868; x_wconf 82' lang='lat' dir='ltr'><strong>longe</strong></span> <span class='ocrx_word' id='word_1_146' title='bbox 1421 1795 1540 1859; x_wconf 82' lang='lat' dir='ltr'><strong>fallitur;</strong></span> <span class='ocrx_word' id='word_1_147' title='bbox 1563 1813 1612 1851; x_wconf 89' lang='lat' dir='ltr'><strong>nec</strong></span> <span class='ocrx_word' id='word_1_148' title='bbox 1628 1797 1707 1851; x_wconf 88' lang='lat' dir='ltr'><strong>nobis</strong></span> <span class='ocrx_word' id='word_1_149' title='bbox 1721 1797 1754 1852; x_wconf 90' lang='lat' dir='ltr'><strong>de</strong></span> <span class='ocrx_word' id='word_1_150' title='bbox 1770 1797 1818 1854; x_wconf 90' lang='lat' dir='ltr'><strong>im·</strong></span> 
     </span>
     <span class='ocr_line' id='line_1_14' title="bbox 535 1880 1818 1957; baseline -0.002 -19"><span class='ocrx_word' id='word_1_151' title='bbox 535 1883 604 1957; x_wconf 91' lang='lat' dir='ltr'><strong>perii</strong></span> <span class='ocrx_word' id='word_1_152' title='bbox 626 1882 704 1938; x_wconf 90' lang='lat' dir='ltr'><strong>laude</strong></span> <span class='ocrx_word' id='word_1_153' title='bbox 726 1899 785 1937; x_wconf 92' lang='lat' dir='ltr'><strong>cum</strong></span> <span class='ocrx_word' id='word_1_154' title='bbox 809 1881 863 1935; x_wconf 87' lang='lat' dir='ltr'><strong>illis</strong></span> <span class='ocrx_word' id='word_1_155' title='bbox 884 1891 1020 1936; x_wconf 88' lang='lat' dir='ltr'><strong>certarnen</strong></span> <span class='ocrx_word' id='word_1_156' title='bbox 1044 1890 1099 1942; x_wconf 89' lang='lat' dir='ltr'><strong>est,</strong></span> <span class='ocrx_word' id='word_1_157' title='bbox 1129 1881 1174 1936; x_wconf 92' lang='lat' dir='ltr'><strong>sed</strong></span> <span class='ocrx_word' id='word_1_158' title='bbox 1196 1881 1229 1935; x_wconf 90' lang='lat' dir='ltr'><strong>de</strong></span> <span class='ocrx_word' id='word_1_159' title='bbox 1251 1880 1399 1953; x_wconf 84' lang='lat' dir='ltr'><strong>religione,</strong></span> <span class='ocrx_word' id='word_1_160' title='bbox 1430 1881 1463 1935; x_wconf 92' lang='lat' dir='ltr'><strong>dc</strong></span> <span class='ocrx_word' id='word_1_161' title='bbox 1485 1880 1641 1955; x_wconf 84' lang='lat' dir='ltr'><strong>disciplina,</strong></span> <span class='ocrx_word' id='word_1_162' title='bbox 1668 1880 1702 1936; x_wconf 92' lang='lat' dir='ltr'><strong>de</strong></span> <span class='ocrx_word' id='word_1_163' title='bbox 1724 1882 1818 1936; x_wconf 91' lang='lat' dir='ltr'><strong>coniu-</strong></span> 
     </span>
     <span class='ocr_line' id='line_1_15' title="bbox 536 1964 1818 2042; baseline -0.002 -19"><span class='ocrx_word' id='word_1_164' title='bbox 536 1986 600 2042; x_wconf 76' lang='lat' dir='ltr'><strong>gum</strong></span> <span class='ocrx_word' id='word_1_165' title='bbox 622 1975 649 2022; x_wconf 91' lang='lat' dir='ltr'><strong>et</strong></span> <span class='ocrx_word' id='word_1_166' title='bbox 672 1966 818 2023; x_wconf 89' lang='lat' dir='ltr'><strong>liberorum</strong></span> <span class='ocrx_word' id='word_1_167' title='bbox 846 1966 982 2039; x_wconf 86' lang='lat' dir='ltr'><strong>pudicitia.</strong></span> <span class='ocrx_word' id='word_1_168' title='bbox 1027 1966 1164 2039; x_wconf 79' lang='lat' dir='ltr'><strong>praecipue</strong></span> <span class='ocrx_word' id='word_1_169' title='bbox 1194 1975 1282 2021; x_wconf 90' lang='lat' dir='ltr'><strong>autern</strong></span> <span class='ocrx_word' id='word_1_170' title='bbox 1314 1974 1473 2038; x_wconf 81' lang='lat' dir='ltr'><strong>grassantur</strong></span> <span class='ocrx_word' id='word_1_171' title='bbox 1499 1967 1526 2020; x_wconf 92' lang='lat' dir='ltr'><strong>in</strong></span> <span class='ocrx_word' id='word_1_172' title='bbox 1555 1964 1737 2025; x_wconf 85' lang='lat' dir='ltr'><strong>nobilitatem.</strong></span> <span class='ocrx_word' id='word_1_173' title='bbox 1768 1983 1818 2021; x_wconf 91' lang='lat' dir='ltr'><strong>nec</strong></span> 
     </span>
     <span class='ocr_line' id='line_1_16' title="bbox 536 2049 1853 2125; baseline -0.007 -17"><span class='ocrx_word' id='word_1_174' title='bbox 536 2052 624 2109; x_wconf 89' lang='lat' dir='ltr'><strong>solum</strong></span> <span class='ocrx_word' id='word_1_175' title='bbox 653 2050 842 2125; x_wconf 86' lang='lat' dir='ltr'><strong>possessiones</strong></span> <span class='ocrx_word' id='word_1_176' title='bbox 869 2059 951 2106; x_wconf 76' lang='lat' dir='ltr'><strong>certae</strong></span> <span class='ocrx_word' id='word_1_177' title='bbox 979 2051 1057 2105; x_wconf 73' lang='lat' dir='ltr'><strong>victis</strong></span> <span class='ocrx_word' id='word_1_178' title='bbox 1085 2049 1167 2105; x_wconf 76' lang='lat' dir='ltr'><strong>nullae</strong></span> <span class='ocrx_word' id='word_1_179' title='bbox 1196 2049 1401 2123; x_wconf 87' lang='lat' dir='ltr'><strong>relinquuntur,</strong></span> <span class='ocrx_word' id='word_1_180' title='bbox 1430 2050 1476 2105; x_wconf 89' lang='lat' dir='ltr'><strong>sed</strong></span> <span class='ocrx_word' id='word_1_181' title='bbox 1504 2051 1585 2107; x_wconf 90' lang='lat' dir='ltr'><strong>etiam</strong></span> <span class='ocrx_word' id='word_1_182' title='bbox 1613 2049 1672 2106; x_wconf 80' lang='lat' dir='ltr'><strong>lixae</strong></span> <span class='ocrx_word' id='word_1_183' title='bbox 1700 2059 1728 2106; x_wconf 88' lang='lat' dir='ltr'><strong>et</strong></span> <span class='ocrx_word' id='word_1_184' title='bbox 1756 2061 1853 2124; x_wconf 76' lang='lat' dir='ltr'><strong>gre-to</strong></span> 
     </span>
     <span class='ocr_line' id='line_1_17' title="bbox 535 2135 1819 2210; baseline -0.002 -17"><span class='ocrx_word' id='word_1_185' title='bbox 535 2138 605 2210; x_wconf 72' lang='lat' dir='ltr'><strong>parii</strong></span> <span class='ocrx_word' id='word_1_186' title='bbox 626 2135 727 2192; x_wconf 86' lang='lat' dir='ltr'><strong>milites</strong></span> <span class='ocrx_word' id='word_1_187' title='bbox 749 2135 859 2208; x_wconf 89' lang='lat' dir='ltr'><strong>rapiunt</strong></span> <span class='ocrx_word' id='word_1_188' title='bbox 882 2136 914 2189; x_wconf 91' lang='lat' dir='ltr'><strong>ad</strong></span> <span class='ocrx_word' id='word_1_189' title='bbox 937 2145 1031 2208; x_wconf 88' lang='lat' dir='ltr'><strong>stupra</strong></span> <span class='ocrx_word' id='word_1_190' title='bbox 1055 2135 1237 2190; x_wconf 88' lang='lat' dir='ltr'><strong>nobilissimas</strong></span> <span class='ocrx_word' id='word_1_191' title='bbox 1258 2144 1340 2209; x_wconf 88' lang='lat' dir='ltr'><strong>atque</strong></span> <span class='ocrx_word' id='word_1_192' title='bbox 1363 2136 1568 2193; x_wconf 87' lang='lat' dir='ltr'><strong>honestissimas</strong></span> <span class='ocrx_word' id='word_1_193' title='bbox 1591 2145 1742 2195; x_wconf 88' lang='lat' dir='ltr'><strong>matronas,</strong></span> <span class='ocrx_word' id='word_1_194' title='bbox 1766 2137 1819 2191; x_wconf 88' lang='lat' dir='ltr'><strong>rir-</strong></span> 
     </span>
     <span class='ocr_line' id='line_1_18' title="bbox 534 2219 1818 2295; baseline 0.001 -19"><span class='ocrx_word' id='word_1_195' title='bbox 534 2222 627 2295; x_wconf 77' lang='lat' dir='ltr'><strong>giues,</strong></span> <span class='ocrx_word' id='word_1_196' title='bbox 656 2237 772 2293; x_wconf 78' lang='lat' dir='ltr'><strong>pueros:</strong></span> <span class='ocrx_word' id='word_1_197' title='bbox 801 2219 913 2276; x_wconf 73' lang='lat' dir='ltr'><strong>adhaec</strong></span> <span class='ocrx_word' id='word_1_198' title='bbox 936 2219 1027 2275; x_wconf 90' lang='lat' dir='ltr'><strong>multis</strong></span> <span class='ocrx_word' id='word_1_199' title='bbox 1051 2221 1139 2276; x_wconf 90' lang='lat' dir='ltr'><strong>modis</strong></span> <span class='ocrx_word' id='word_1_200' title='bbox 1161 2221 1322 2293; x_wconf 82' lang='lat' dir='ltr'><strong>extinguunt</strong></span> <span class='ocrx_word' id='word_1_201' title='bbox 1343 2239 1373 2276; x_wconf 93' lang='lat' dir='ltr'><strong>ac</strong></span> <span class='ocrx_word' id='word_1_202' title='bbox 1394 2220 1485 2276; x_wconf 84' lang='lat' dir='ltr'><strong>delent</strong></span> <span class='ocrx_word' id='word_1_203' title='bbox 1546 2221 1685 2277; x_wconf 89' lang='lat' dir='ltr'><strong>ristianam</strong></span> <span class='ocrx_word' id='word_1_204' title='bbox 1708 2219 1818 2293; x_wconf 74' lang='lat' dir='ltr'><strong>religio·</strong></span> 
     </span>
     <span class='ocr_line' id='line_1_19' title="bbox 535 2305 1817 2378; baseline 0 -16"><span class='ocrx_word' id='word_1_205' title='bbox 535 2323 604 2362; x_wconf 89' lang='lat' dir='ltr'><strong>nem.</strong></span> <span class='ocrx_word' id='word_1_206' title='bbox 648 2305 689 2359; x_wconf 77' lang='lat' dir='ltr'><strong>bn</strong></span> <span class='ocrx_word' id='word_1_207' title='bbox 711 2322 766 2360; x_wconf 91' lang='lat' dir='ltr'><strong>nou</strong></span> <span class='ocrx_word' id='word_1_208' title='bbox 788 2305 829 2360; x_wconf 82' lang='lat' dir='ltr'><strong>lun</strong></span> <span class='ocrx_word' id='word_1_209' title='bbox 851 2312 915 2360; x_wconf 90' lang='lat' dir='ltr'><strong>sunt</strong></span> <span class='ocrx_word' id='word_1_210' title='bbox 937 2323 1041 2377; x_wconf 75' lang='lat' dir='ltr'><strong>magnae</strong></span> <span class='ocrx_word' id='word_1_211' title='bbox 1063 2314 1090 2361; x_wconf 89' lang='lat' dir='ltr'><strong>et</strong></span> <span class='ocrx_word' id='word_1_212' title='bbox 1113 2306 1192 2360; x_wconf 79' lang='lat' dir='ltr'><strong>iustae</strong></span> <span class='ocrx_word' id='word_1_213' title='bbox 1214 2323 1330 2366; x_wconf 85' lang='lat' dir='ltr'><strong>caussae,</strong></span> <span class='ocrx_word' id='word_1_214' title='bbox 1354 2322 1415 2378; x_wconf 77' lang='lat' dir='ltr'><strong>quae</strong></span> <span class='ocrx_word' id='word_1_215' title='bbox 1431 2305 1494 2360; x_wconf 83' lang='lat' dir='ltr'><strong>viris</strong></span> <span class='ocrx_word' id='word_1_216' title='bbox 1522 2305 1628 2361; x_wconf 90' lang='lat' dir='ltr'><strong>ortibus</strong></span> <span class='ocrx_word' id='word_1_217' title='bbox 1643 2305 1675 2361; x_wconf 93' lang='lat' dir='ltr'><strong>ad</strong></span> <span class='ocrx_word' id='word_1_218' title='bbox 1692 2306 1817 2362; x_wconf 89' lang='lat' dir='ltr'><strong>tuendam</strong></span> 
     </span>
     <span class='ocr_line' id='line_1_20' title="bbox 535 2388 1436 2465; baseline 0 -21"><span class='ocrx_word' id='word_1_219' title='bbox 535 2389 652 2465; x_wconf 81' lang='lat' dir='ltr'><strong>gloriam</strong></span> <span class='ocrx_word' id='word_1_220' title='bbox 672 2389 716 2445; x_wconf 89' lang='lat' dir='ltr'><strong>llci</strong></span> <span class='ocrx_word' id='word_1_221' title='bbox 739 2396 768 2445; x_wconf 85' lang='lat' dir='ltr'><strong>et</strong></span> <span class='ocrx_word' id='word_1_222' title='bbox 788 2388 902 2445; x_wconf 87' lang='lat' dir='ltr'><strong>salutem</strong></span> <span class='ocrx_word' id='word_1_223' title='bbox 926 2391 1044 2445; x_wconf 86' lang='lat' dir='ltr'><strong>omniurn</strong></span> <span class='ocrx_word' id='word_1_224' title='bbox 1066 2391 1188 2461; x_wconf 83' lang='lat' dir='ltr'><strong>gentiunt</strong></span> <span class='ocrx_word' id='word_1_225' title='bbox 1210 2407 1283 2445; x_wconf 91' lang='lat' dir='ltr'><strong>arura</strong></span> <span class='ocrx_word' id='word_1_226' title='bbox 1305 2390 1436 2445; x_wconf 82' lang='lat' dir='ltr'><strong>induant?</strong></span> 
     </span>
    </p>

    <p class='ocr_par' dir='ltr' id='par_1_4' title="bbox 504 2472 1852 3650">
     <span class='ocr_line' id='line_1_21' title="bbox 504 2472 1852 2548; baseline 0.002 -20"><span class='ocrx_word' id='word_1_227' title='bbox 504 2484 524 2528; x_wconf 87' lang='lat' dir='ltr'><strong>t.</strong></span> <span class='ocrx_word' id='word_1_228' title='bbox 605 2472 707 2541; x_wconf 48' lang='lat' dir='ltr'><strong>,Quare</strong></span> <span class='ocrx_word' id='word_1_229' title='bbox 734 2474 836 2547; x_wconf 76' lang='lat' dir='ltr'><strong>ingenti</strong></span> <span class='ocrx_word' id='word_1_230' title='bbox 858 2474 953 2529; x_wconf 88' lang='lat' dir='ltr'><strong>dolore</strong></span> <span class='ocrx_word' id='word_1_231' title='bbox 974 2473 1091 2534; x_wconf 81' lang='lat' dir='ltr'><strong>allicior,</strong></span> <span class='ocrx_word' id='word_1_232' title='bbox 1120 2493 1180 2529; x_wconf 91' lang='lat' dir='ltr'><strong>cnm</strong></span> <span class='ocrx_word' id='word_1_233' title='bbox 1201 2476 1293 2548; x_wconf 84' lang='lat' dir='ltr'><strong>cogito</strong></span> <span class='ocrx_word' id='word_1_234' title='bbox 1315 2474 1458 2535; x_wconf 77' lang='lat' dir='ltr'><strong>Graeciam.</strong></span> <span class='ocrx_word' id='word_1_235' title='bbox 1488 2493 1547 2548; x_wconf 79' lang='lat' dir='ltr'><strong>quae</strong></span> <span class='ocrx_word' id='word_1_236' title='bbox 1578 2491 1632 2530; x_wconf 93' lang='lat' dir='ltr'><strong>non</strong></span> <span class='ocrx_word' id='word_1_237' title='bbox 1654 2474 1743 2530; x_wconf 91' lang='lat' dir='ltr'><strong>solum</strong></span> <span class='ocrx_word' id='word_1_238' title='bbox 1765 2476 1852 2531; x_wconf 78' lang='lat' dir='ltr'><strong>‹to-u</strong></span> 
     </span>
     <span class='ocr_line' id='line_1_22' title="bbox 533 2558 1818 2632; baseline 0 -17"><span class='ocrx_word' id='word_1_239' title='bbox 533 2560 681 2617; x_wconf 89' lang='lat' dir='ltr'><strong>ctrinarum</strong></span> <span class='ocrx_word' id='word_1_240' title='bbox 704 2577 801 2632; x_wconf 89' lang='lat' dir='ltr'><strong>parens</strong></span> <span class='ocrx_word' id='word_1_241' title='bbox 824 2567 878 2619; x_wconf 89' lang='lat' dir='ltr'><strong>est,</strong></span> <span class='ocrx_word' id='word_1_242' title='bbox 902 2560 949 2614; x_wconf 91' lang='lat' dir='ltr'><strong>sed</strong></span> <span class='ocrx_word' id='word_1_243' title='bbox 972 2560 1051 2615; x_wconf 90' lang='lat' dir='ltr'><strong>etiarn</strong></span> <span class='ocrx_word' id='word_1_244' title='bbox 1076 2560 1148 2614; x_wconf 87' lang='lat' dir='ltr'><strong>omni</strong></span> <span class='ocrx_word' id='word_1_245' title='bbox 1171 2558 1250 2615; x_wconf 87' lang='lat' dir='ltr'><strong>laude</strong></span> <span class='ocrx_word' id='word_1_246' title='bbox 1271 2560 1400 2614; x_wconf 84' lang='lat' dir='ltr'><strong>virtutum</strong></span> <span class='ocrx_word' id='word_1_247' title='bbox 1423 2558 1549 2616; x_wconf 82' lang='lat' dir='ltr'><strong>excelluit</strong></span> <span class='ocrx_word' id='word_1_248' title='bbox 1571 2569 1598 2615; x_wconf 88' lang='lat' dir='ltr'><strong>et</strong></span> <span class='ocrx_word' id='word_1_249' title='bbox 1619 2560 1665 2615; x_wconf 93' lang='lat' dir='ltr'><strong>din</strong></span> <span class='ocrx_word' id='word_1_250' title='bbox 1681 2560 1818 2615; x_wconf 87' lang='lat' dir='ltr'><strong>lloreutis·</strong></span> 
     </span>
     <span class='ocr_line' id='line_1_23' title="bbox 534 2643 1817 2718; baseline 0 -18"><span class='ocrx_word' id='word_1_251' title='bbox 534 2645 600 2700; x_wconf 87' lang='lat' dir='ltr'><strong>sima</strong></span> <span class='ocrx_word' id='word_1_252' title='bbox 628 2661 691 2718; x_wconf 90' lang='lat' dir='ltr'><strong>pars</strong></span> <span class='ocrx_word' id='word_1_253' title='bbox 713 2643 834 2700; x_wconf 74' lang='lat' dir='ltr'><strong>ecclesie</strong></span> <span class='ocrx_word' id='word_1_254' title='bbox 855 2645 1014 2712; x_wconf 69' lang='lat' dir='ltr'><strong>Christianae</strong></span> <span class='ocrx_word' id='word_1_255' title='bbox 1037 2645 1102 2705; x_wconf 90' lang='lat' dir='ltr'><strong>luit,</strong></span> <span class='ocrx_word' id='word_1_256' title='bbox 1125 2661 1197 2700; x_wconf 90' lang='lat' dir='ltr'><strong>nune</strong></span> <span class='ocrx_word' id='word_1_257' title='bbox 1220 2643 1266 2700; x_wconf 89' lang='lat' dir='ltr'><strong>tali</strong></span> <span class='ocrx_word' id='word_1_258' title='bbox 1283 2646 1418 2700; x_wconf 83' lang='lat' dir='ltr'><strong>servitute</strong></span> <span class='ocrx_word' id='word_1_259' title='bbox 1441 2660 1599 2718; x_wconf 84' lang='lat' dir='ltr'><strong>oppressam</strong></span> <span class='ocrx_word' id='word_1_260' title='bbox 1622 2661 1690 2707; x_wconf 88' lang='lat' dir='ltr'><strong>esse,</strong></span> <span class='ocrx_word' id='word_1_261' title='bbox 1713 2645 1740 2700; x_wconf 93' lang='lat' dir='ltr'><strong>in</strong></span> <span class='ocrx_word' id='word_1_262' title='bbox 1764 2662 1817 2718; x_wconf 92' lang='lat' dir='ltr'><strong>qua</strong></span> 
     </span>
     <span class='ocr_line' id='line_1_24' title="bbox 534 2724 1817 2803; baseline -0.001 -17"><span class='ocrx_word' id='word_1_263' title='bbox 534 2747 594 2786; x_wconf 91' lang='lat' dir='ltr'><strong>cum</strong></span> <span class='ocrx_word' id='word_1_264' title='bbox 615 2737 713 2786; x_wconf 84' lang='lat' dir='ltr'><strong>caetera</strong></span> <span class='ocrx_word' id='word_1_265' title='bbox 734 2729 808 2785; x_wconf 88' lang='lat' dir='ltr'><strong>dictu</strong></span> <span class='ocrx_word' id='word_1_266' title='bbox 831 2730 1004 2802; x_wconf 72' lang='lat' dir='ltr'><strong>laedamque</strong></span> <span class='ocrx_word' id='word_1_267' title='bbox 1026 2728 1160 2785; x_wconf 87' lang='lat' dir='ltr'><strong>horrenda</strong></span> <span class='ocrx_word' id='word_1_268' title='bbox 1183 2730 1342 2803; x_wconf 78' lang='lat' dir='ltr'><strong>perferenda</strong></span> <span class='ocrx_word' id='word_1_269' title='bbox 1364 2737 1442 2790; x_wconf 88' lang='lat' dir='ltr'><strong>sunt,</strong></span> <span class='ocrx_word' id='word_1_270' title='bbox 1468 2738 1524 2786; x_wconf 90' lang='lat' dir='ltr'><strong>tum</strong></span> <span class='ocrx_word' id='word_1_271' title='bbox 1546 2730 1627 2785; x_wconf 85' lang='lat' dir='ltr'><strong>ctiam</strong></span> <span class='ocrx_word' id='word_1_272' title='bbox 1649 2724 1817 2803; x_wconf 77' lang='lat' dir='ltr'><strong>religio&#39;pe·</strong></span> 
     </span>
     <span class='ocr_line' id='line_1_25' title="bbox 534 2813 1816 2889; baseline 0.001 -20"><span class='ocrx_word' id='word_1_273' title='bbox 534 2815 607 2871; x_wconf 89' lang='lat' dir='ltr'><strong>nilus</strong></span> <span class='ocrx_word' id='word_1_274' title='bbox 629 2813 768 2877; x_wconf 89' lang='lat' dir='ltr'><strong>aboletur;</strong></span> <span class='ocrx_word' id='word_1_275' title='bbox 797 2822 824 2868; x_wconf 93' lang='lat' dir='ltr'><strong>ct</strong></span> <span class='ocrx_word' id='word_1_276' title='bbox 852 2822 934 2886; x_wconf 80' lang='lat' dir='ltr'><strong>auget</strong></span> <span class='ocrx_word' id='word_1_277' title='bbox 961 2832 1049 2869; x_wconf 89' lang='lat' dir='ltr'><strong>meum</strong></span> <span class='ocrx_word' id='word_1_278' title='bbox 1078 2813 1214 2876; x_wconf 91' lang='lat' dir='ltr'><strong>dolorem,</strong></span> <span class='ocrx_word' id='word_1_279' title='bbox 1244 2815 1317 2888; x_wconf 95' lang='lat' dir='ltr'><strong>quod</strong></span> <span class='ocrx_word' id='word_1_280' title='bbox 1339 2832 1383 2870; x_wconf 92' lang='lat' dir='ltr'><strong>res</strong></span> <span class='ocrx_word' id='word_1_281' title='bbox 1405 2824 1491 2888; x_wconf 78' lang='lat' dir='ltr'><strong>gestae</strong></span> <span class='ocrx_word' id='word_1_282' title='bbox 1512 2815 1649 2889; x_wconf 80' lang='lat' dir='ltr'><strong>praecipue</strong></span> <span class='ocrx_word' id='word_1_283' title='bbox 1672 2823 1816 2877; x_wconf 89' lang='lat' dir='ltr'><strong>testantur,</strong></span> 
     </span>
     <span class='ocr_line' id='line_1_26' title="bbox 534 2898 1851 2973; baseline -0.003 -19"><span class='ocrx_word' id='word_1_284' title='bbox 534 2899 661 2955; x_wconf 83' lang='lat' dir='ltr'><strong>Graeciam</strong></span> <span class='ocrx_word' id='word_1_285' title='bbox 690 2916 745 2954; x_wconf 94' lang='lat' dir='ltr'><strong>non</strong></span> <span class='ocrx_word' id='word_1_286' title='bbox 772 2908 870 2973; x_wconf 88' lang='lat' dir='ltr'><strong>sponte</strong></span> <span class='ocrx_word' id='word_1_287' title='bbox 897 2909 944 2955; x_wconf 93' lang='lat' dir='ltr'><strong>ant</strong></span> <span class='ocrx_word' id='word_1_288' title='bbox 965 2900 1023 2954; x_wconf 89' lang='lat' dir='ltr'><strong>siue</strong></span> <span class='ocrx_word' id='word_1_289' title='bbox 1045 2900 1191 2956; x_wconf 89' lang='lat' dir='ltr'><strong>certamine</strong></span> <span class='ocrx_word' id='word_1_290' title='bbox 1213 2900 1349 2973; x_wconf 90' lang='lat' dir='ltr'><strong>accepisse</strong></span> <span class='ocrx_word' id='word_1_291' title='bbox 1371 2900 1422 2956; x_wconf 89' lang='lat' dir='ltr'><strong>boc</strong></span> <span class='ocrx_word' id='word_1_292' title='bbox 1446 2900 1551 2972; x_wconf 81' lang='lat' dir='ltr'><strong>iugum:</strong></span> <span class='ocrx_word' id='word_1_293' title='bbox 1580 2898 1627 2955; x_wconf 91' lang='lat' dir='ltr'><strong>illa</strong></span> <span class='ocrx_word' id='word_1_294' title='bbox 1653 2917 1718 2955; x_wconf 83' lang='lat' dir='ltr'><strong>vero</strong></span> <span class='ocrx_word' id='word_1_295' title='bbox 1746 2898 1851 2956; x_wconf 78' lang='lat' dir='ltr'><strong>mul-es</strong></span> 
     </span>
     <span class='ocr_line' id='line_1_27' title="bbox 535 2984 1817 3059; baseline 0 -19"><span class='ocrx_word' id='word_1_296' title='bbox 535 2993 578 3040; x_wconf 88' lang='lat' dir='ltr'><strong>tos</strong></span> <span class='ocrx_word' id='word_1_297' title='bbox 601 3002 686 3040; x_wconf 88' lang='lat' dir='ltr'><strong>annos</strong></span> <span class='ocrx_word' id='word_1_298' title='bbox 710 2984 857 3040; x_wconf 78' lang='lat' dir='ltr'><strong>fortissime</strong></span> <span class='ocrx_word' id='word_1_299' title='bbox 878 2985 1008 3041; x_wconf 81' lang='lat' dir='ltr'><strong>dimicans</strong></span> <span class='ocrx_word' id='word_1_300' title='bbox 1032 2985 1137 3041; x_wconf 87' lang='lat' dir='ltr'><strong>tandem</strong></span> <span class='ocrx_word' id='word_1_301' title='bbox 1160 2985 1291 3046; x_wconf 84' lang='lat' dir='ltr'><strong>concidit,</strong></span> <span class='ocrx_word' id='word_1_302' title='bbox 1315 3002 1369 3040; x_wconf 93' lang='lat' dir='ltr'><strong>non</strong></span> <span class='ocrx_word' id='word_1_303' title='bbox 1392 2984 1493 3040; x_wconf 86' lang='lat' dir='ltr'><strong>virtute</strong></span> <span class='ocrx_word' id='word_1_304' title='bbox 1514 2994 1654 3059; x_wconf 87' lang='lat' dir='ltr'><strong>superata.</strong></span> <span class='ocrx_word' id='word_1_305' title='bbox 1684 2985 1730 3040; x_wconf 90' lang='lat' dir='ltr'><strong>sed</strong></span> <span class='ocrx_word' id='word_1_306' title='bbox 1754 2985 1817 3058; x_wconf 88' lang='lat' dir='ltr'><strong>quia</strong></span> 
     </span>
     <span class='ocr_line' id='line_1_28' title="bbox 533 3068 1817 3143; baseline 0 -18"><span class='ocrx_word' id='word_1_307' title='bbox 533 3068 592 3125; x_wconf 86' lang='lat' dir='ltr'><strong>sola</strong></span> <span class='ocrx_word' id='word_1_308' title='bbox 615 3077 715 3124; x_wconf 92' lang='lat' dir='ltr'><strong>tantam</strong></span> <span class='ocrx_word' id='word_1_309' title='bbox 737 3069 856 3125; x_wconf 88' lang='lat' dir='ltr'><strong>hostium</strong></span> <span class='ocrx_word' id='word_1_310' title='bbox 880 3069 1080 3125; x_wconf 89' lang='lat' dir='ltr'><strong>multitudinem</strong></span> <span class='ocrx_word' id='word_1_311' title='bbox 1108 3078 1135 3125; x_wconf 89' lang='lat' dir='ltr'><strong>et</strong></span> <span class='ocrx_word' id='word_1_312' title='bbox 1164 3079 1217 3124; x_wconf 89' lang='lat' dir='ltr'><strong>tarn</strong></span> <span class='ocrx_word' id='word_1_313' title='bbox 1246 3069 1357 3142; x_wconf 77' lang='lat' dir='ltr'><strong>longum</strong></span> <span class='ocrx_word' id='word_1_314' title='bbox 1381 3069 1480 3126; x_wconf 91' lang='lat' dir='ltr'><strong>bellurn</strong></span> <span class='ocrx_word' id='word_1_315' title='bbox 1503 3070 1638 3126; x_wconf 84' lang='lat' dir='ltr'><strong>sustinere</strong></span> <span class='ocrx_word' id='word_1_316' title='bbox 1660 3087 1714 3125; x_wconf 92' lang='lat' dir='ltr'><strong>uon</strong></span> <span class='ocrx_word' id='word_1_317' title='bbox 1738 3078 1817 3143; x_wconf 89' lang='lat' dir='ltr'><strong>pote·</strong></span> 
     </span>
     <span class='ocr_line' id='line_1_29' title="bbox 533 3154 1817 3227; baseline 0.001 -18"><span class='ocrx_word' id='word_1_318' title='bbox 533 3162 584 3210; x_wconf 91' lang='lat' dir='ltr'><strong>rat.</strong></span> <span class='ocrx_word' id='word_1_319' title='bbox 627 3154 714 3209; x_wconf 79' lang='lat' dir='ltr'><strong>llndio</strong></span> <span class='ocrx_word' id='word_1_320' title='bbox 737 3155 882 3210; x_wconf 89' lang='lat' dir='ltr'><strong>etiamnum</strong></span> <span class='ocrx_word' id='word_1_321' title='bbox 905 3163 1005 3210; x_wconf 89' lang='lat' dir='ltr'><strong>tautam</strong></span> <span class='ocrx_word' id='word_1_322' title='bbox 1029 3172 1089 3210; x_wconf 89' lang='lat' dir='ltr'><strong>esse</strong></span> <span class='ocrx_word' id='word_1_323' title='bbox 1112 3154 1163 3210; x_wconf 87' lang='lat' dir='ltr'><strong>vim</strong></span> <span class='ocrx_word' id='word_1_324' title='bbox 1187 3156 1372 3227; x_wconf 80' lang='lat' dir='ltr'><strong>ingeniorum,</strong></span> <span class='ocrx_word' id='word_1_325' title='bbox 1396 3163 1497 3211; x_wconf 89' lang='lat' dir='ltr'><strong>tantam</strong></span> <span class='ocrx_word' id='word_1_326' title='bbox 1512 3156 1638 3212; x_wconf 85' lang='lat' dir='ltr'><strong>virtutem</strong></span> <span class='ocrx_word' id='word_1_327' title='bbox 1654 3155 1754 3211; x_wconf 81' lang='lat' dir='ltr'><strong>Graecae</strong></span> <span class='ocrx_word' id='word_1_328' title='bbox 1770 3172 1817 3210; x_wconf 86' lang='lat' dir='ltr'><strong>na·</strong></span> 
     </span>
     <span class='ocr_line' id='line_1_30' title="bbox 532 3239 1814 3314; baseline 0.002 -20"><span class='ocrx_word' id='word_1_329' title='bbox 532 3240 628 3301; x_wconf 87' lang='lat' dir='ltr'><strong>tionis,</strong></span> <span class='ocrx_word' id='word_1_330' title='bbox 657 3247 689 3295; x_wconf 91' lang='lat' dir='ltr'><strong>ut</strong></span> <span class='ocrx_word' id='word_1_331' title='bbox 716 3256 769 3295; x_wconf 91' lang='lat' dir='ltr'><strong>non</strong></span> <span class='ocrx_word' id='word_1_332' title='bbox 799 3239 850 3295; x_wconf 90' lang='lat' dir='ltr'><strong>alia</strong></span> <span class='ocrx_word' id='word_1_333' title='bbox 882 3256 948 3312; x_wconf 77' lang='lat' dir='ltr'><strong>gens</strong></span> <span class='ocrx_word' id='word_1_334' title='bbox 978 3240 1183 3313; x_wconf 77' lang='lat' dir='ltr'><strong>praestantiores</strong></span> <span class='ocrx_word' id='word_1_335' title='bbox 1211 3240 1292 3295; x_wconf 89' lang='lat' dir='ltr'><strong>duces</strong></span> <span class='ocrx_word' id='word_1_336' title='bbox 1316 3241 1410 3296; x_wconf 86' lang='lat' dir='ltr'><strong>Turcis</strong></span> <span class='ocrx_word' id='word_1_337' title='bbox 1431 3240 1587 3314; x_wconf 86' lang='lat' dir='ltr'><strong>suppeditet</strong></span> <span class='ocrx_word' id='word_1_338' title='bbox 1610 3257 1688 3314; x_wconf 89' lang='lat' dir='ltr'><strong>qnam</strong></span> <span class='ocrx_word' id='word_1_339' title='bbox 1712 3240 1814 3303; x_wconf 76' lang='lat' dir='ltr'><strong>llraeca,</strong></span> 
     </span>
     <span class='ocr_line' id='line_1_31' title="bbox 533 3321 1851 3398; baseline -0.001 -20"><span class='ocrx_word' id='word_1_340' title='bbox 533 3324 578 3398; x_wconf 87' lang='lat' dir='ltr'><strong>qui</strong></span> <span class='ocrx_word' id='word_1_341' title='bbox 608 3321 649 3397; x_wconf 80' lang='lat' dir='ltr'><strong>(ut</strong></span> <span class='ocrx_word' id='word_1_342' title='bbox 671 3322 761 3396; x_wconf 84' lang='lat' dir='ltr'><strong>audio)</strong></span> <span class='ocrx_word' id='word_1_343' title='bbox 792 3341 945 3397; x_wconf 91' lang='lat' dir='ltr'><strong>quanquam</strong></span> <span class='ocrx_word' id='word_1_344' title='bbox 966 3324 1065 3380; x_wconf 87' lang='lat' dir='ltr'><strong>ritibus</strong></span> <span class='ocrx_word' id='word_1_345' title='bbox 1089 3324 1182 3380; x_wconf 88' lang='lat' dir='ltr'><strong>imbuti</strong></span> <span class='ocrx_word' id='word_1_346' title='bbox 1207 3325 1342 3386; x_wconf 81' lang='lat' dir='ltr'><strong>ancicis,</strong></span> <span class='ocrx_word' id='word_1_347' title='bbox 1373 3334 1460 3381; x_wconf 88' lang='lat' dir='ltr'><strong>tamen</strong></span> <span class='ocrx_word' id='word_1_348' title='bbox 1483 3341 1617 3381; x_wconf 87' lang='lat' dir='ltr'><strong>memores</strong></span> <span class='ocrx_word' id='word_1_349' title='bbox 1639 3333 1742 3381; x_wconf 79' lang='lat' dir='ltr'><strong>nostrae</strong></span> <span class='ocrx_word' id='word_1_350' title='bbox 1766 3337 1851 3381; x_wconf 73' lang='lat' dir='ltr'><strong>noae</strong></span> 
     </span>
     <span class='ocr_line' id='line_1_32' title="bbox 531 3405 1816 3484; baseline 0.001 -19"><span class='ocrx_word' id='word_1_351' title='bbox 531 3409 635 3465; x_wconf 91' lang='lat' dir='ltr'><strong>biscum</strong></span> <span class='ocrx_word' id='word_1_352' title='bbox 664 3405 871 3465; x_wconf 79' lang='lat' dir='ltr'><strong>necessitudinis</strong></span> <span class='ocrx_word' id='word_1_353' title='bbox 901 3409 976 3465; x_wconf 85' lang='lat' dir='ltr'><strong>inviti</strong></span> <span class='ocrx_word' id='word_1_354' title='bbox 1005 3407 1107 3464; x_wconf 86' lang='lat' dir='ltr'><strong>bellum</strong></span> <span class='ocrx_word' id='word_1_355' title='bbox 1133 3418 1233 3482; x_wconf 81' lang='lat' dir='ltr'><strong>gerunt</strong></span> <span class='ocrx_word' id='word_1_356' title='bbox 1261 3411 1287 3465; x_wconf 92' lang='lat' dir='ltr'><strong>in</strong></span> <span class='ocrx_word' id='word_1_357' title='bbox 1315 3411 1419 3465; x_wconf 91' lang='lat' dir='ltr'><strong>nostris</strong></span> <span class='ocrx_word' id='word_1_358' title='bbox 1447 3410 1601 3484; x_wconf 83' lang='lat' dir='ltr'><strong>provinciis.</strong></span> <span class='ocrx_word' id='word_1_359' title='bbox 1647 3410 1718 3466; x_wconf 90' lang='lat' dir='ltr'><strong>llanc</strong></span> <span class='ocrx_word' id='word_1_360' title='bbox 1741 3419 1816 3466; x_wconf 89' lang='lat' dir='ltr'><strong>certe</strong></span> 
     </span>
     <span class='ocr_line' id='line_1_33' title="bbox 532 3493 1816 3568; baseline 0.003 -21"><span class='ocrx_word' id='word_1_361' title='bbox 532 3494 684 3553; x_wconf 88' lang='lat' dir='ltr'><strong>nationem.</strong></span> <span class='ocrx_word' id='word_1_362' title='bbox 708 3510 769 3566; x_wconf 75' lang='lat' dir='ltr'><strong>quae</strong></span> <span class='ocrx_word' id='word_1_363' title='bbox 792 3493 985 3567; x_wconf 86' lang='lat' dir='ltr'><strong>pulcerrimum</strong></span> <span class='ocrx_word' id='word_1_364' title='bbox 1008 3503 1199 3550; x_wconf 86' lang='lat' dir='ltr'><strong>ornamentum</strong></span> <span class='ocrx_word' id='word_1_365' title='bbox 1222 3496 1339 3550; x_wconf 85' lang='lat' dir='ltr'><strong>nominis</strong></span> <span class='ocrx_word' id='word_1_366' title='bbox 1361 3495 1521 3556; x_wconf 82' lang='lat' dir='ltr'><strong>Clnistiani,</strong></span> <span class='ocrx_word' id='word_1_367' title='bbox 1546 3511 1661 3568; x_wconf 71' lang='lat' dir='ltr'><strong>quaeque</strong></span> <span class='ocrx_word' id='word_1_368' title='bbox 1683 3513 1743 3550; x_wconf 91' lang='lat' dir='ltr'><strong>enm</strong></span> <span class='ocrx_word' id='word_1_369' title='bbox 1761 3513 1816 3551; x_wconf 92' lang='lat' dir='ltr'><strong>ma·</strong></span> 
     </span>
     <span class='ocr_line' id='line_1_34' title="bbox 533 3577 1816 3650; baseline 0.002 -17"><span class='ocrx_word' id='word_1_370' title='bbox 533 3577 638 3634; x_wconf 90' lang='lat' dir='ltr'><strong>ioribus</strong></span> <span class='ocrx_word' id='word_1_371' title='bbox 660 3578 763 3633; x_wconf 89' lang='lat' dir='ltr'><strong>uostris</strong></span> <span class='ocrx_word' id='word_1_372' title='bbox 786 3579 930 3650; x_wconf 80' lang='lat' dir='ltr'><strong>sanguine,</strong></span> <span class='ocrx_word' id='word_1_373' title='bbox 953 3579 1107 3635; x_wconf 78' lang='lat' dir='ltr'><strong>liederibus</strong></span> <span class='ocrx_word' id='word_1_374' title='bbox 1133 3588 1161 3635; x_wconf 92' lang='lat' dir='ltr'><strong>et</strong></span> <span class='ocrx_word' id='word_1_375' title='bbox 1188 3578 1280 3635; x_wconf 91' lang='lat' dir='ltr'><strong>multis</strong></span> <span class='ocrx_word' id='word_1_376' title='bbox 1308 3579 1403 3636; x_wconf 81' lang='lat' dir='ltr'><strong>olliciis</strong></span> <span class='ocrx_word' id='word_1_377' title='bbox 1432 3580 1578 3635; x_wconf 86' lang='lat' dir='ltr'><strong>coniuncta</strong></span> <span class='ocrx_word' id='word_1_378' title='bbox 1599 3581 1665 3642; x_wconf 88' lang='lat' dir='ltr'><strong>l&#39;nit,</strong></span> <span class='ocrx_word' id='word_1_379' title='bbox 1694 3597 1755 3636; x_wconf 89' lang='lat' dir='ltr'><strong>cum</strong></span> <span class='ocrx_word' id='word_1_380' title='bbox 1780 3581 1816 3635; x_wconf 90' lang='lat' dir='ltr'><strong>ob</strong></span> 
     </span>
    </p>

    <p class='ocr_par' dir='ltr' id='par_1_5' title="bbox 475 3664 1848 3823">
     <span class='ocr_line' id='line_1_35' title="bbox 475 3664 1817 3742; baseline 0.001 -23"><span class='ocrx_word' id='word_1_381' title='bbox 475 3680 481 3692; x_wconf 76' lang='lat'><strong><em>¹</em></strong></span> <span class='ocrx_word' id='word_1_382' title='bbox 532 3672 644 3742; x_wconf 76' lang='lat' dir='ltr'><strong>caeteras</strong></span> <span class='ocrx_word' id='word_1_383' title='bbox 666 3680 775 3719; x_wconf 87' lang='lat' dir='ltr'><strong>caussas</strong></span> <span class='ocrx_word' id='word_1_384' title='bbox 798 3665 921 3737; x_wconf 88' lang='lat' dir='ltr'><strong>oportuit</strong></span> <span class='ocrx_word' id='word_1_385' title='bbox 943 3682 993 3720; x_wconf 87' lang='lat' dir='ltr'><strong>nos</strong></span> <span class='ocrx_word' id='word_1_386' title='bbox 1016 3664 1041 3719; x_wconf 93' lang='lat' dir='ltr'><strong>in</strong></span> <span class='ocrx_word' id='word_1_387' title='bbox 1065 3664 1217 3720; x_wconf 88' lang='lat' dir='ltr'><strong>libertatem</strong></span> <span class='ocrx_word' id='word_1_388' title='bbox 1240 3665 1387 3727; x_wconf 83' lang='lat' dir='ltr'><strong>vindicare,</strong></span> <span class='ocrx_word' id='word_1_389' title='bbox 1418 3673 1473 3720; x_wconf 88' lang='lat' dir='ltr'><strong>turn</strong></span> <span class='ocrx_word' id='word_1_390' title='bbox 1498 3665 1533 3721; x_wconf 87' lang='lat' dir='ltr'><strong>ob</strong></span> <span class='ocrx_word' id='word_1_391' title='bbox 1562 3665 1620 3721; x_wconf 86' lang='lat' dir='ltr'><strong>lnce</strong></span> <span class='ocrx_word' id='word_1_392' title='bbox 1641 3665 1736 3720; x_wconf 89' lang='lat' dir='ltr'><strong>merita</strong></span> <span class='ocrx_word' id='word_1_393' title='bbox 1760 3665 1817 3721; x_wconf 80' lang='lat' dir='ltr'><strong>sin·</strong></span> 
     </span>
     <span class='ocr_line' id='line_1_36' title="bbox 532 3747 1848 3823; baseline -0.002 -20"><span class='ocrx_word' id='word_1_394' title='bbox 532 3747 650 3821; x_wconf 78' lang='lat' dir='ltr'><strong>gularia,</strong></span> <span class='ocrx_word' id='word_1_395' title='bbox 682 3748 756 3821; x_wconf 89' lang='lat' dir='ltr'><strong>quod</strong></span> <span class='ocrx_word' id='word_1_396' title='bbox 784 3747 889 3822; x_wconf 87' lang='lat' dir='ltr'><strong>aliquot</strong></span> <span class='ocrx_word' id='word_1_397' title='bbox 917 3749 1023 3805; x_wconf 81' lang='lat' dir='ltr'><strong>saeculis</strong></span> <span class='ocrx_word' id='word_1_398' title='bbox 1046 3751 1188 3806; x_wconf 86' lang='lat' dir='ltr'><strong>immanem</strong></span> <span class='ocrx_word' id='word_1_399' title='bbox 1215 3749 1288 3805; x_wconf 89' lang='lat' dir='ltr'><strong>illam</strong></span> <span class='ocrx_word' id='word_1_400' title='bbox 1317 3750 1467 3806; x_wconf 89' lang='lat' dir='ltr'><strong>barbariem</strong></span> <span class='ocrx_word' id='word_1_401' title='bbox 1496 3751 1643 3806; x_wconf 77' lang='lat' dir='ltr'><strong>fortissime</strong></span> <span class='ocrx_word' id='word_1_402' title='bbox 1672 3751 1848 3823; x_wconf 75' lang='lat' dir='ltr'><strong>repressitas</strong></span> 
     </span>
    </p>

    <p class='ocr_par' dir='ltr' id='par_1_6' title="bbox 532 3832 1816 3907">
     <span class='ocr_line' id='line_1_37' title="bbox 532 3832 1816 3907; baseline 0.002 -19"><span class='ocrx_word' id='word_1_403' title='bbox 532 3842 560 3888; x_wconf 91' lang='lat' dir='ltr'><strong>et</strong></span> <span class='ocrx_word' id='word_1_404' title='bbox 581 3851 597 3887; x_wconf 89' lang='lat' dir='ltr'><strong>a</strong></span> <span class='ocrx_word' id='word_1_405' title='bbox 619 3833 722 3888; x_wconf 82' lang='lat' dir='ltr'><strong>nostris</strong></span> <span class='ocrx_word' id='word_1_406' title='bbox 744 3833 894 3890; x_wconf 90' lang='lat' dir='ltr'><strong>cervicibus</strong></span> <span class='ocrx_word' id='word_1_407' title='bbox 917 3832 1034 3907; x_wconf 87' lang='lat' dir='ltr'><strong>depulit:</strong></span> <span class='ocrx_word' id='word_1_408' title='bbox 1065 3834 1168 3891; x_wconf 92' lang='lat' dir='ltr'><strong>nullum</strong></span> <span class='ocrx_word' id='word_1_409' title='bbox 1198 3837 1269 3892; x_wconf 87' lang='lat' dir='ltr'><strong>enirn</strong></span> <span class='ocrx_word' id='word_1_410' title='bbox 1298 3836 1395 3890; x_wconf 88' lang='lat' dir='ltr'><strong>iustius</strong></span> <span class='ocrx_word' id='word_1_411' title='bbox 1417 3844 1460 3891; x_wconf 89' lang='lat' dir='ltr'><strong>est</strong></span> <span class='ocrx_word' id='word_1_412' title='bbox 1483 3835 1600 3891; x_wconf 88' lang='lat' dir='ltr'><strong>ellicium</strong></span> <span class='ocrx_word' id='word_1_413' title='bbox 1623 3852 1702 3907; x_wconf 84' lang='lat' dir='ltr'><strong>quain</strong></span> <span class='ocrx_word' id='word_1_414' title='bbox 1726 3853 1816 3891; x_wconf 72' lang='lat' dir='ltr'><strong>sersa-</strong></span> 
     </span>
    </p>

    <p class='ocr_par' dir='ltr' id='par_1_7' title="bbox 534 3916 1792 3998">
     <span class='ocr_line' id='line_1_38' title="bbox 534 3916 1792 3998; baseline 0.002 -25"><span class='ocrx_word' id='word_1_415' title='bbox 534 3918 640 3973; x_wconf 86' lang='lat' dir='ltr'><strong>tnrilnrs</strong></span> <span class='ocrx_word' id='word_1_416' title='bbox 662 3916 813 3974; x_wconf 87' lang='lat' dir='ltr'><strong>calamitate</strong></span> <span class='ocrx_word' id='word_1_417' title='bbox 836 3917 926 3992; x_wconf 88' lang='lat' dir='ltr'><strong>aliqua</strong></span> <span class='ocrx_word' id='word_1_418' title='bbox 942 3920 1041 3994; x_wconf 19' lang='lat' dir='ltr'><strong>‘fractis</strong></span> <span class='ocrx_word' id='word_1_419' title='bbox 1064 3937 1160 3976; x_wconf 88' lang='lat' dir='ltr'><strong>rursus</strong></span> <span class='ocrx_word' id='word_1_420' title='bbox 1184 3938 1262 3994; x_wconf 90' lang='lat' dir='ltr'><strong>opem</strong></span> <span class='ocrx_word' id='word_1_421' title='bbox 1285 3920 1356 3976; x_wconf 88' lang='lat' dir='ltr'><strong>lerre</strong></span> <span class='ocrx_word' id='word_1_422' title='bbox 1378 3930 1406 3975; x_wconf 94' lang='lat' dir='ltr'><strong>ct</strong></span> <span class='ocrx_word' id='word_1_423' title='bbox 1428 3938 1519 3994; x_wconf 90' lang='lat' dir='ltr'><strong>pareru</strong></span> <span class='ocrx_word' id='word_1_424' title='bbox 1542 3921 1657 3998; x_wconf 77' lang='lat' dir='ltr'><strong>gratiam</strong></span> <span class='ocrx_word' id='word_1_425' title='bbox 1680 3920 1792 3976; x_wconf 82' lang='lat' dir='ltr'><strong>referre.</strong></span> 
     </span>
    </p>

    <p class='ocr_par' dir='ltr' id='par_1_8' title="bbox 368 4003 1816 4078">
     <span class='ocr_line' id='line_1_39' title="bbox 368 4003 1816 4078; baseline 0.001 -20"><span class='ocrx_word' id='word_1_426' title='bbox 368 4011 376 4034; x_wconf 78' lang='lat'>⁸</span> <span class='ocrx_word' id='word_1_427' title='bbox 492 4010 520 4054; x_wconf 85' lang='lat' dir='ltr'><strong>tt.</strong></span> <span class='ocrx_word' id='word_1_428' title='bbox 618 4003 670 4058; x_wconf 85' lang='lat' dir='ltr'><strong>Sed</strong></span> <span class='ocrx_word' id='word_1_429' title='bbox 692 4019 746 4076; x_wconf 92' lang='lat' dir='ltr'><strong>quo</strong></span> <span class='ocrx_word' id='word_1_430' title='bbox 769 4021 811 4059; x_wconf 91' lang='lat' dir='ltr'><strong>me</strong></span> <span class='ocrx_word' id='word_1_431' title='bbox 832 4003 913 4059; x_wconf 91' lang='lat' dir='ltr'><strong>dolor</strong></span> <span class='ocrx_word' id='word_1_432' title='bbox 934 4003 1062 4061; x_wconf 77' lang='lat' dir='ltr'><strong>abducit?</strong></span> <span class='ocrx_word' id='word_1_433' title='bbox 1091 4007 1174 4061; x_wconf 86' lang='lat' dir='ltr'><strong>Tanta</strong></span> <span class='ocrx_word' id='word_1_434' title='bbox 1202 4015 1244 4060; x_wconf 86' lang='lat' dir='ltr'><strong>cst</strong></span> <span class='ocrx_word' id='word_1_435' title='bbox 1272 4009 1342 4060; x_wconf 91' lang='lat' dir='ltr'><strong>enirn</strong></span> <span class='ocrx_word' id='word_1_436' title='bbox 1371 4023 1424 4060; x_wconf 88' lang='lat' dir='ltr'><strong>non</strong></span> <span class='ocrx_word' id='word_1_437' title='bbox 1448 4005 1536 4061; x_wconf 90' lang='lat' dir='ltr'><strong>solum</strong></span> <span class='ocrx_word' id='word_1_438' title='bbox 1559 4005 1687 4078; x_wconf 79' lang='lat' dir='ltr'><strong>regnandi</strong></span> <span class='ocrx_word' id='word_1_439' title='bbox 1710 4005 1816 4078; x_wconf 87' lang='lat' dir='ltr'><strong>cupidi·</strong></span> 
     </span>
    </p>

    <p class='ocr_par' dir='ltr' id='par_1_9' title="bbox 531 4087 1848 4248">
     <span class='ocr_line' id='line_1_40' title="bbox 533 4087 1813 4162; baseline 0.004 -21"><span class='ocrx_word' id='word_1_440' title='bbox 533 4094 586 4150; x_wconf 84' lang='lat' dir='ltr'><strong>tas,</strong></span> <span class='ocrx_word' id='word_1_441' title='bbox 614 4087 661 4142; x_wconf 91' lang='lat' dir='ltr'><strong>scd</strong></span> <span class='ocrx_word' id='word_1_442' title='bbox 688 4087 773 4143; x_wconf 87' lang='lat' dir='ltr'><strong>multo</strong></span> <span class='ocrx_word' id='word_1_443' title='bbox 800 4089 887 4162; x_wconf 82' lang='lat' dir='ltr'><strong>magis</strong></span> <span class='ocrx_word' id='word_1_444' title='bbox 909 4090 1018 4144; x_wconf 89' lang='lat' dir='ltr'><strong>humaui</strong></span> <span class='ocrx_word' id='word_1_445' title='bbox 1041 4091 1181 4162; x_wconf 84' lang='lat' dir='ltr'><strong>sanguinis</strong></span> <span class='ocrx_word' id='word_1_446' title='bbox 1203 4091 1276 4150; x_wconf 87' lang='lat' dir='ltr'><strong>sitis,</strong></span> <span class='ocrx_word' id='word_1_447' title='bbox 1307 4097 1398 4145; x_wconf 90' lang='lat' dir='ltr'><strong>tantus</strong></span> <span class='ocrx_word' id='word_1_448' title='bbox 1420 4091 1497 4145; x_wconf 92' lang='lat' dir='ltr'><strong>luror</strong></span> <span class='ocrx_word' id='word_1_449' title='bbox 1519 4090 1545 4144; x_wconf 94' lang='lat' dir='ltr'><strong>in</strong></span> <span class='ocrx_word' id='word_1_450' title='bbox 1569 4089 1677 4150; x_wconf 84' lang='lat' dir='ltr'><strong>ancis,</strong></span> <span class='ocrx_word' id='word_1_451' title='bbox 1705 4099 1736 4145; x_wconf 88' lang='lat' dir='ltr'><strong>nt</strong></span> <span class='ocrx_word' id='word_1_452' title='bbox 1758 4109 1813 4146; x_wconf 89' lang='lat' dir='ltr'><strong>non</strong></span> 
     </span>
     <span class='ocr_line' id='line_1_41' title="bbox 531 4171 1848 4248; baseline 0 -22"><span class='ocrx_word' id='word_1_453' title='bbox 531 4171 692 4245; x_wconf 87' lang='lat' dir='ltr'><strong>reliquerint</strong></span> <span class='ocrx_word' id='word_1_454' title='bbox 713 4173 791 4229; x_wconf 88' lang='lat' dir='ltr'><strong>nobis</strong></span> <span class='ocrx_word' id='word_1_455' title='bbox 812 4173 1033 4230; x_wconf 87' lang='lat' dir='ltr'><strong>deliberationem</strong></span> <span class='ocrx_word' id='word_1_456' title='bbox 1055 4175 1088 4229; x_wconf 90' lang='lat' dir='ltr'><strong>de</strong></span> <span class='ocrx_word' id='word_1_457' title='bbox 1111 4175 1251 4231; x_wconf 89' lang='lat' dir='ltr'><strong>inlerendo</strong></span> <span class='ocrx_word' id='word_1_458' title='bbox 1274 4174 1345 4230; x_wconf 91' lang='lat' dir='ltr'><strong>bello</strong></span> <span class='ocrx_word' id='word_1_459' title='bbox 1367 4174 1495 4236; x_wconf 89' lang='lat' dir='ltr'><strong>liberam,</strong></span> <span class='ocrx_word' id='word_1_460' title='bbox 1518 4175 1564 4230; x_wconf 90' lang='lat' dir='ltr'><strong>sed</strong></span> <span class='ocrx_word' id='word_1_461' title='bbox 1579 4176 1613 4230; x_wconf 93' lang='lat' dir='ltr'><strong>de</strong></span> <span class='ocrx_word' id='word_1_462' title='bbox 1627 4174 1848 4248; x_wconf 78' lang='lat' dir='ltr'><strong>propulsandum</strong></span> 
     </span>
    </p>

    <p class='ocr_par' dir='ltr' id='par_1_10' title="bbox 532 4255 1814 4333">
     <span class='ocr_line' id='line_1_42' title="bbox 532 4255 1814 4333; baseline 0.004 -22"><span class='ocrx_word' id='word_1_463' title='bbox 532 4255 619 4318; x_wconf 90' lang='lat' dir='ltr'><strong>bello.</strong></span> <span class='ocrx_word' id='word_1_464' title='bbox 642 4258 676 4313; x_wconf 89' lang='lat' dir='ltr'><strong>de</strong></span> <span class='ocrx_word' id='word_1_465' title='bbox 698 4258 857 4316; x_wconf 80' lang='lat' dir='ltr'><strong>defensione</strong></span> <span class='ocrx_word' id='word_1_466' title='bbox 879 4258 1020 4332; x_wconf 78' lang='lat' dir='ltr'><strong>religionis</strong></span> <span class='ocrx_word' id='word_1_467' title='bbox 1042 4260 1216 4320; x_wconf 74' lang='lat' dir='ltr'><strong>Christianae,</strong></span> <span class='ocrx_word' id='word_1_468' title='bbox 1239 4277 1319 4332; x_wconf 90' lang='lat' dir='ltr'><strong>quam</strong></span> <span class='ocrx_word' id='word_1_469' title='bbox 1342 4260 1443 4333; x_wconf 84' lang='lat' dir='ltr'><strong>ubique</strong></span> <span class='ocrx_word' id='word_1_470' title='bbox 1465 4269 1598 4316; x_wconf 89' lang='lat' dir='ltr'><strong>terrarum</strong></span> <span class='ocrx_word' id='word_1_471' title='bbox 1619 4259 1711 4316; x_wconf 87' lang='lat' dir='ltr'><strong>delere</strong></span> <span class='ocrx_word' id='word_1_472' title='bbox 1732 4277 1814 4316; x_wconf 88' lang='lat' dir='ltr'><strong>eona-</strong></span> 
     </span>
    </p>

    <p class='ocr_par' dir='ltr' id='par_1_11' title="bbox 533 4341 1813 4420">
     <span class='ocr_line' id='line_1_43' title="bbox 533 4341 1813 4420; baseline 0.004 -23"><span class='ocrx_word' id='word_1_473' title='bbox 533 4350 577 4397; x_wconf 92' lang='lat' dir='ltr'><strong>tur</strong></span> <span class='ocrx_word' id='word_1_474' title='bbox 599 4341 645 4397; x_wconf 92' lang='lat' dir='ltr'><strong>illa</strong></span> <span class='ocrx_word' id='word_1_475' title='bbox 667 4342 819 4405; x_wconf 86' lang='lat' dir='ltr'><strong>barbaries.</strong></span> <span class='ocrx_word' id='word_1_476' title='bbox 842 4343 986 4400; x_wconf 88' lang='lat' dir='ltr'><strong>consilium</strong></span> <span class='ocrx_word' id='word_1_477' title='bbox 1009 4344 1167 4420; x_wconf 90' lang='lat' dir='ltr'><strong>capiendum</strong></span> <span class='ocrx_word' id='word_1_478' title='bbox 1190 4353 1246 4407; x_wconf 90' lang='lat' dir='ltr'><strong>est,</strong></span> <span class='ocrx_word' id='word_1_479' title='bbox 1270 4345 1409 4401; x_wconf 84' lang='lat' dir='ltr'><strong>retinenda</strong></span> <span class='ocrx_word' id='word_1_480' title='bbox 1432 4354 1474 4401; x_wconf 87' lang='lat' dir='ltr'><strong>est</strong></span> <span class='ocrx_word' id='word_1_481' title='bbox 1496 4345 1577 4400; x_wconf 88' lang='lat' dir='ltr'><strong>lutins</strong></span> <span class='ocrx_word' id='word_1_482' title='bbox 1592 4344 1706 4419; x_wconf 86' lang='lat' dir='ltr'><strong>lmperii</strong></span> <span class='ocrx_word' id='word_1_483' title='bbox 1730 4345 1813 4402; x_wconf 89' lang='lat' dir='ltr'><strong>maie·</strong></span> 
     </span>
    </p>
   </div>
   <div class='ocr_carea' id='block_1_3' title="bbox 529 4427 1847 4843">
    <p class='ocr_par' dir='ltr' id='par_1_12' title="bbox 529 4427 1847 4843">
     <span class='ocr_line' id='line_1_44' title="bbox 531 4427 1814 4503; baseline 0.004 -22"><span class='ocrx_word' id='word_1_484' title='bbox 531 4435 602 4489; x_wconf 88' lang='lat' dir='ltr'><strong>stas,</strong></span> <span class='ocrx_word' id='word_1_485' title='bbox 626 4428 731 4501; x_wconf 83' lang='lat' dir='ltr'><strong>tuendae</strong></span> <span class='ocrx_word' id='word_1_486' title='bbox 753 4429 884 4503; x_wconf 78' lang='lat' dir='ltr'><strong>conjuges</strong></span> <span class='ocrx_word' id='word_1_487' title='bbox 907 4437 934 4484; x_wconf 91' lang='lat' dir='ltr'><strong>et</strong></span> <span class='ocrx_word' id='word_1_488' title='bbox 956 4427 1033 4485; x_wconf 91' lang='lat' dir='ltr'><strong>liberi</strong></span> <span class='ocrx_word' id='word_1_489' title='bbox 1057 4430 1153 4485; x_wconf 89' lang='lat' dir='ltr'><strong>nostri.</strong></span> <span class='ocrx_word' id='word_1_490' title='bbox 1199 4430 1250 4484; x_wconf 91' lang='lat' dir='ltr'><strong>nisi</strong></span> <span class='ocrx_word' id='word_1_491' title='bbox 1274 4431 1343 4485; x_wconf 81' lang='lat' dir='ltr'><strong>enirn</strong></span> <span class='ocrx_word' id='word_1_492' title='bbox 1368 4430 1548 4491; x_wconf 87' lang='lat' dir='ltr'><strong>occurrimus,</strong></span> <span class='ocrx_word' id='word_1_493' title='bbox 1579 4428 1659 4503; x_wconf 89' lang='lat' dir='ltr'><strong>paulo</strong></span> <span class='ocrx_word' id='word_1_494' title='bbox 1682 4440 1745 4503; x_wconf 89' lang='lat' dir='ltr'><strong>post</strong></span> <span class='ocrx_word' id='word_1_495' title='bbox 1766 4432 1814 4487; x_wconf 93' lang='lat' dir='ltr'><strong>do·</strong></span> 
     </span>
     <span class='ocr_line' id='line_1_45' title="bbox 531 4512 1811 4585; baseline 0.002 -17"><span class='ocrx_word' id='word_1_496' title='bbox 531 4512 605 4568; x_wconf 87' lang='lat' dir='ltr'><strong>mitis</strong></span> <span class='ocrx_word' id='word_1_497' title='bbox 627 4512 719 4568; x_wconf 84' lang='lat' dir='ltr'><strong>vicinis</strong></span> <span class='ocrx_word' id='word_1_498' title='bbox 748 4514 875 4585; x_wconf 81' lang='lat' dir='ltr'><strong>gentibus</strong></span> <span class='ocrx_word' id='word_1_499' title='bbox 905 4515 931 4569; x_wconf 94' lang='lat' dir='ltr'><strong>in</strong></span> <span class='ocrx_word' id='word_1_500' title='bbox 959 4515 1045 4570; x_wconf 86' lang='lat' dir='ltr'><strong>media</strong></span> <span class='ocrx_word' id='word_1_501' title='bbox 1075 4515 1215 4570; x_wconf 84' lang='lat' dir='ltr'><strong>Germania</strong></span> <span class='ocrx_word' id='word_1_502' title='bbox 1244 4515 1367 4571; x_wconf 86' lang='lat' dir='ltr'><strong>ridebitis</strong></span> <span class='ocrx_word' id='word_1_503' title='bbox 1395 4514 1499 4571; x_wconf 82' lang='lat' dir='ltr'><strong>excindi</strong></span> <span class='ocrx_word' id='word_1_504' title='bbox 1527 4514 1623 4577; x_wconf 89' lang='lat' dir='ltr'><strong>urbes,</strong></span> <span class='ocrx_word' id='word_1_505' title='bbox 1653 4516 1811 4571; x_wconf 84' lang='lat' dir='ltr'><strong>inllainmari</strong></span> 
     </span>
     <span class='ocr_line' id='line_1_46' title="bbox 531 4587 1847 4673; baseline 0.002 -21"><span class='ocrx_word' id='word_1_506' title='bbox 531 4587 645 4670; x_wconf 85' lang='lat' dir='ltr'><strong>templa,</strong></span> <span class='ocrx_word' id='word_1_507' title='bbox 666 4598 725 4670; x_wconf 89' lang='lat' dir='ltr'><strong>rapi</strong></span> <span class='ocrx_word' id='word_1_508' title='bbox 741 4598 778 4654; x_wconf 90' lang='lat' dir='ltr'><strong>ad.</strong></span> <span class='ocrx_word' id='word_1_509' title='bbox 795 4615 873 4656; x_wconf 88' lang='lat' dir='ltr'><strong>omne</strong></span> <span class='ocrx_word' id='word_1_510' title='bbox 896 4598 991 4672; x_wconf 80' lang='lat' dir='ltr'><strong>flagitii</strong></span> <span class='ocrx_word' id='word_1_511' title='bbox 1013 4617 1100 4671; x_wconf 79' lang='lat' dir='ltr'><strong>genus</strong></span> <span class='ocrx_word' id='word_1_512' title='bbox 1121 4600 1250 4673; x_wconf 82' lang='lat' dir='ltr'><strong>coniuges</strong></span> <span class='ocrx_word' id='word_1_513' title='bbox 1273 4610 1300 4655; x_wconf 90' lang='lat' dir='ltr'><strong>ct</strong></span> <span class='ocrx_word' id='word_1_514' title='bbox 1321 4600 1432 4661; x_wconf 90' lang='lat' dir='ltr'><strong>liberos,</strong></span> <span class='ocrx_word' id='word_1_515' title='bbox 1455 4599 1545 4656; x_wconf 83' lang='lat' dir='ltr'><strong>divelli</strong></span> <span class='ocrx_word' id='word_1_516' title='bbox 1567 4591 1685 4656; x_wconf 56' lang='lat' dir='ltr'><strong>&#39;infantes</strong></span> <span class='ocrx_word' id='word_1_517' title='bbox 1708 4613 1847 4656; x_wconf 74' lang='lat' dir='ltr'><strong>accen-et</strong></span> 
     </span>
     <span class='ocr_line' id='line_1_47' title="bbox 530 4681 1812 4758; baseline 0.003 -21"><span class='ocrx_word' id='word_1_518' title='bbox 530 4681 610 4754; x_wconf 79' lang='lat' dir='ltr'><strong>plenu</strong></span> <span class='ocrx_word' id='word_1_519' title='bbox 632 4691 775 4756; x_wconf 86' lang='lat' dir='ltr'><strong>parentum</strong></span> <span class='ocrx_word' id='word_1_520' title='bbox 797 4693 879 4758; x_wconf 89' lang='lat' dir='ltr'><strong>atque</strong></span> <span class='ocrx_word' id='word_1_521' title='bbox 902 4684 1029 4746; x_wconf 89' lang='lat' dir='ltr'><strong>interlici,</strong></span> <span class='ocrx_word' id='word_1_522' title='bbox 1052 4685 1152 4742; x_wconf 90' lang='lat' dir='ltr'><strong>medias</strong></span> <span class='ocrx_word' id='word_1_523' title='bbox 1175 4685 1260 4740; x_wconf 80' lang='lat' dir='ltr'><strong>secari</strong></span> <span class='ocrx_word' id='word_1_524' title='bbox 1282 4687 1405 4758; x_wconf 82' lang='lat' dir='ltr'><strong>gravidas</strong></span> <span class='ocrx_word' id='word_1_525' title='bbox 1420 4684 1549 4742; x_wconf 87' lang='lat' dir='ltr'><strong>mulieres</strong></span> <span class='ocrx_word' id='word_1_526' title='bbox 1564 4684 1613 4740; x_wconf 88' lang='lat' dir='ltr'><strong>illo</strong></span> <span class='ocrx_word' id='word_1_527' title='bbox 1628 4685 1735 4742; x_wconf 89' lang='lat' dir='ltr'><strong>acinace</strong></span> <span class='ocrx_word' id='word_1_528' title='bbox 1751 4687 1812 4742; x_wconf 81' lang='lat' dir='ltr'><strong>bar·</strong></span> 
     </span>
     <span class='ocr_line' id='line_1_48' title="bbox 529 4764 1813 4843; baseline 0.004 -21"><span class='ocrx_word' id='word_1_529' title='bbox 529 4764 635 4831; x_wconf 81' lang='lat' dir='ltr'><strong>barieo:</strong></span> <span class='ocrx_word' id='word_1_530' title='bbox 658 4767 780 4825; x_wconf 81' lang='lat' dir='ltr'><strong>lanaticae</strong></span> <span class='ocrx_word' id='word_1_531' title='bbox 802 4768 964 4840; x_wconf 79' lang='lat' dir='ltr'><strong>religiones,</strong></span> <span class='ocrx_word' id='word_1_532' title='bbox 988 4768 1086 4842; x_wconf 82' lang='lat' dir='ltr'><strong>quilius</strong></span> <span class='ocrx_word' id='word_1_533' title='bbox 1109 4771 1210 4828; x_wconf 82' lang='lat' dir='ltr'><strong>incitati</strong></span> <span class='ocrx_word' id='word_1_534' title='bbox 1227 4780 1298 4833; x_wconf 75' lang='lat' dir='ltr'><strong>seint,</strong></span> <span class='ocrx_word' id='word_1_535' title='bbox 1321 4788 1354 4826; x_wconf 91' lang='lat' dir='ltr'><strong>nc</strong></span> <span class='ocrx_word' id='word_1_536' title='bbox 1371 4771 1478 4843; x_wconf 90' lang='lat' dir='ltr'><strong>quidem</strong></span> <span class='ocrx_word' id='word_1_537' title='bbox 1493 4771 1645 4827; x_wconf 86' lang='lat' dir='ltr'><strong>concedunt</strong></span> <span class='ocrx_word' id='word_1_538' title='bbox 1660 4772 1699 4826; x_wconf 90' lang='lat' dir='ltr'><strong>eis</strong></span> <span class='ocrx_word' id='word_1_539' title='bbox 1715 4772 1813 4834; x_wconf 71' lang='lat' dir='ltr'><strong>«icium,</strong></span> 
     </span>
    </p>
   </div>
   <div class='ocr_carea' id='block_1_4' title="bbox 597 5034 1399 5111">
    <p class='ocr_par' dir='ltr' id='par_1_13' title="bbox 597 5034 1399 5111">
     <span class='ocr_line' id='line_1_49' title="bbox 597 5034 1399 5111; baseline 0.001 -24"><span class='ocrx_word' id='word_1_540' title='bbox 597 5034 618 5111; x_wconf 52' lang='lat'><strong>¹9</strong></span> <span class='ocrx_word' id='word_1_541' title='bbox 637 5051 728 5104; x_wconf 69' lang='lat' dir='ltr'><strong>cauete</strong></span> <span class='ocrx_word' id='word_1_542' title='bbox 741 5041 766 5087; x_wconf 84' lang='lat'><strong>2.</strong></span> <span class='ocrx_word' id='word_1_543' title='bbox 778 5045 804 5087; x_wconf 80' lang='lat' dir='ltr'><strong>nt</strong></span> <span class='ocrx_word' id='word_1_544' title='bbox 816 5038 882 5103; x_wconf 83' lang='lat' dir='ltr'><strong>nbiq.</strong></span> <span class='ocrx_word' id='word_1_545' title='bbox 918 5037 937 5069; x_wconf 86' lang='lat'><strong>²¹</strong></span> <span class='ocrx_word' id='word_1_546' title='bbox 957 5039 1084 5088; x_wconf 84' lang='lat' dir='ltr'><strong>virtutem</strong></span> <span class='ocrx_word' id='word_1_547' title='bbox 1103 5044 1128 5089; x_wconf 73' lang='lat'><strong>2,</strong></span> <span class='ocrx_word' id='word_1_548' title='bbox 1165 5036 1186 5070; x_wconf 76' lang='lat'><strong>⁴⁰</strong></span> <span class='ocrx_word' id='word_1_549' title='bbox 1204 5054 1327 5103; x_wconf 77' lang='lat' dir='ltr'><strong>oeynaec</strong></span> <span class='ocrx_word' id='word_1_550' title='bbox 1348 5042 1399 5088; x_wconf 73' lang='lat' dir='ltr'><strong>m.</strong></span> 
     </span>
    </p>
   </div>
   <div class='ocr_carea' id='block_1_5' title="bbox 0 0 2154 6055">
    <p class='ocr_par' dir='ltr' id='par_1_14' title="bbox 0 0 2154 6055">
     <span class='ocr_line' id='line_1_50' title="bbox 0 0 2154 6055; baseline 0 0"><span class='ocrx_word' id='word_1_551' title='bbox 0 0 2154 6055; x_wconf 95' lang='lat' dir='ltr'><strong> </strong></span> 
     </span>
    </p>
   </div>
  </div>
 </body>
</html>
