4300 6059
462 674 532 746 188
607 705 798 740 cousvurfflo
811 705 971 740 GERMANICA
985 703 1139 739 rsorostu
1152 704 1187 738 ΔΒ
1201 703 1390 738 tnecuottxnvs
1403 704 1437 737 ET
1451 704 1474 738 C.
1488 703 1513 738 A.
1531 696 1586 763 lhil-

456 864 621 921 Maiestatem
638 863 718 919 missu
734 872 788 926 est,
812 863 838 918 in
861 863 967 920 caeteris
989 863 1158 936 discrepare.
1183 863 1230 918 sed
1251 863 1294 918 his
1317 863 1441 918 omnibus
1465 871 1599 938 tamquam
1622 864 1739 936 prudeu-

459 957 501 1005 ter
522 948 663 1023 perpensis
686 949 767 1004 etad
790 949 917 1004 amussim
939 948 1118 1005 consideratis
1141 948 1321 1020 acquiescere.

545 1042 567 1091 1.
590 1033 764 1089 Arbitrantur
785 1050 866 1107 ergo,
890 1034 941 1089 nisi
965 1032 1103 1107 quippiam
1126 1033 1153 1088 in
1176 1033 1267 1089 sutura
1289 1041 1384 1089 aestate
1405 1033 1619 1090 Christianarum
1641 1032 1738 1089 virium

458 1121 484 1176 in
507 1120 612 1174 hostem
636 1126 763 1192 paretur.
792 1135 853 1174 eum
881 1127 909 1174 et
937 1136 1041 1175 omnem
1066 1118 1234 1176 occasionem
1257 1119 1451 1192 insequentes
1473 1136 1558 1175 anuos
1581 1118 1739 1175 Christianis

456 1204 569 1262 nocendi
592 1212 779 1278 arrepturum,
802 1212 831 1260 et
852 1203 949 1260 auxilia
973 1204 1074 1266 omnia.
1099 1221 1160 1279 que
1182 1202 1215 1259 ab
1238 1204 1356 1260 extemis
1379 1204 1533 1260 nationibus
1554 1204 1659 1277 sperari
1674 1218 1759 1279 pos-s

457 1299 532 1352 sent.
555 1290 606 1345 nisi
629 1306 680 1344 aas
703 1289 728 1344 id
745 1290 832 1363 ipsum
848 1307 974 1363 agamus,
997 1289 1107 1345 omnino
1124 1298 1374 1363 praeoccupatorem
1392 1299 1652 1363 praereptnrnmqne.
1689 1289 1740 1345 b'e·

457 1365 590 1449 quaquam
615 1374 699 1448 igitur
727 1374 754 1428 iu
783 1374 900 1431 futuram
931 1375 1052 1449 proxime
1081 1383 1205 1430 aestatem
1231 1374 1404 1436 cessandum,
1433 1375 1480 1430 sed
1503 1375 1629 1434 dirorum
1652 1374 1738 1446 Reges

455 1458 630 1517 confirmandi
659 1459 848 1532 animandique
877 1468 904 1515 et
932 1459 1052 1521 iuvandi,
1081 1459 1240 1533 Scytharum
1269 1467 1298 1514 et
1320 1459 1494 1515 Tartaromm
1522 1460 1605 1515 buces
1633 1457 1739 1532 aliquot

455 1544 575 1619 premiis
597 1552 625 1601 et
648 1544 790 1618 stipendiis
813 1543 948 1601 alliciendi
970 1554 997 1600 et
1020 1545 1046 1599 in
1061 1544 1268 1618 ¹expeditionem
1291 1551 1416 1600 nostrast
1442 1544 1570 1599 invitandi
1594 1552 1738 1617 antequam

455 1648 470 1686 a
492 1631 587 1687 'lurcis
611 1631 817 1703 preveniamur.
862 1630 990 1703 quicum
1013 1630 1040 1684 in
1062 1629 1193 1702 proximis
1215 1629 1294 1686 bellis
1314 1646 1375 1686 cum
1398 1629 1511 1685 Sultano
1533 1623 1666 1701 et'Sopbi
1689 1629 1773 1684 llo-to

455 1733 511 1772 rem
534 1715 650 1772 militum
673 1733 785 1772 suorum
807 1714 988 1790 perdiderint.
1011 1714 1107 1788 procul
1129 1713 1211 1770 dubio
1233 1733 1248 1771 a
1271 1714 1391 1771 finitimis
1414 1715 1541 1788 gentibus
1563 1713 1660 1770 auxilia
1676 1722 1740 1771 snut
1792 1727 1794 1733 ·

456 1801 607 1875 quaesituri.
651 1800 675 1857 si
702 1802 767 1857 vero
789 1819 803 1857 a
827 1799 904 1856 nobis
926 1799 984 1855 Afri
1007 1806 1035 1855 et
1057 1798 1164 1872 Scythae
1187 1817 1233 1856 seu
1257 1801 1361 1856 Tartari
1383 1800 1497 1856 conduci
1520 1809 1547 1855 et
1569 1799 1668 1855 attrahi
1691 1818 1739 1874 po·

379 1894 381 1899 '
457 1894 557 1948 terunt,
580 1904 613 1942 eo
636 1886 742 1942 minora'
763 1884 861 1943 auxilia
883 1883 1009 1940 hostibus
1031 1882 1136 1957 reliqua
1159 1892 1248 1940 erunt.
1440 1878 1442 1885 ’

540 1977 565 2028 2.
588 1970 692 2038 Quibus
714 1988 777 2026 vero
801 1969 886 2025 modis
909 1969 1030 2042 pecuniae
1059 1969 1188 2041 cogendae
1216 1968 1285 2031 sint.
1315 1971 1467 2044 praesertim
1495 1970 1566 2043 qnod
1590 1968 1739 2024 Gernraniae

453 2055 565 2130 populis
588 2055 756 2112 tolerandum
779 2055 980 2115 existimarunt,
1011 2053 1062 2127 ipsi
1084 2052 1237 2109 Consiliarii
1258 2054 1379 2110 Caesarei
1403 2055 1430 2110 in
1458 2054 1633 2128 sequentibus
1656 2055 1773 2109 adnossra

458 2148 563 2202 tarunt.
594 2157 648 2195 non
679 2140 848 2214 intendentes
879 2147 981 2201 tumen,
1011 2139 1033 2193 si
1057 2139 1103 2212 qui
1126 2139 1264 2213 Principes
1288 2139 1435 2213 inllegnis
1458 2138 1659 2195 auditionibus
1682 2140 1738 2194 suis

457 2225 595 2281 meliorem
618 2225 670 2281 iam
692 2224 844 2280 inuenerint
866 2223 987 2297 pecuniae
1009 2223 1193 2296 acquirendae,
1217 2225 1259 2280 his
1281 2226 1350 2281 hanc
1371 2225 1459 2298 legem
1475 2225 1552 2280 lixam
1567 2224 1738 2299 apposuisse,

456 2310 503 2366 sed
526 2327 633 2383 semper
654 2309 812 2366 melioribus
835 2309 950 2365 inventis
973 2326 1068 2365 eorum
1091 2310 1262 2382 acquiescere
1285 2309 1361 2366 nelle.
1406 2309 1464 2378 Quo
1487 2319 1578 2365 antem
1601 2309 1695 2365 ordine
1712 2310 1738 2364 ia

455 2395 606 2470 proximum
629 2412 727 2451 annum
751 2393 851 2450 bellum
880 2394 1094 2467 suscipiendum,
1124 2404 1151 2449 et
1181 2395 1277 2468 quibus
1304 2395 1417 2451 ducibus
1445 2394 1676 2469 prosequendum,
1706 2411 1739 2449 ne

457 2478 514 2535 ulla>
533 2479 559 2533 in
582 2487 660 2552 parte
682 2480 818 2553 propositi
842 2478 951 2535 triennii
975 2478 1168 2552 quiescendum
1191 2479 1240 2542 sit,
1269 2479 1349 2535 etiam
1379 2481 1405 2535 in
1433 2479 1662 2552 subsequentibus
1690 2494 1772 2553 paea

457 2565 529 2638 ginis
552 2561 605 2637 legi
628 2564 746 2638 poterit:
775 2565 950 2637 Primumque
977 2563 1010 2619 de
1038 2564 1160 2637 pecxmiis
1184 2565 1268 2620 totins
1291 2565 1470 2638 expeditionis
1493 2564 1613 2626 dicetur,
1642 2563 1740 2619 Deinde

455 2649 489 2705 de
511 2648 635 2705 sedandis
658 2648 873 2705 Christianorum
895 2648 1052 2711 discordiis,
1076 2658 1104 2705 et
1127 2666 1242 2722 quornm
1264 2650 1430 2705 authoritate
1458 2660 1485 2705 et
1513 2649 1616 2704 viribus
1638 2647 1740 2722 ubique

455 2734 577 2807 gentium
600 2733 746 2789 Christiani
769 2734 843 2790 erbis
867 2734 893 2789 id
916 2733 973 2789 heri
996 2734 1109 2796 debeat,
1139 2736 1240 2807 quique
1271 2735 1335 2791 dum
1364 2735 1415 2790 hoc
1446 2736 1538 2790 loturo
1567 2751 1639 2790 anno
1661 2735 1740 2807 quip-

456 2820 527 2892 piam
550 2818 576 2874 iu
599 2819 693 2874 hostes
717 2819 860 2893 incipitur,
889 2819 1073 2874 dissensiones
1100 2821 1279 2893 composituri
1302 2820 1374 2875 dorni
1397 2837 1506 2877 manere
1528 2819 1652 2881 debeant,
1676 2819 1741 2874 Ter·

456 2904 494 2959 tio
518 2903 583 2976 quid
606 2904 633 2959 in
656 2904 778 2960 suturam
801 2922 900 2960 annum
924 2904 1118 2978 incipiendum,
1147 2905 1266 2978 quidque
1288 2912 1384 2980 postea
1408 2906 1434 2960 in
1458 2904 1579 2978 reliquos
1601 2904 1670 2959 duos
1692 2918 1774 2960 aues

455 3006 506 3045 uos
529 2989 748 3062 prosequendum
772 2990 822 3051 sit,
846 2987 952 3062 singula
975 3006 1006 3044 ex
1029 2990 1124 3045 urdine
1147 2999 1292 3063 ponentur.

539 3081 564 3134 3.
587 3073 619 3130 Et
643 3074 730 3149 primo
754 3075 826 3147 quod
849 3074 882 3130 ad
904 3074 996 3147 copias
1019 3083 1046 3129 et
1069 3075 1102 3129 ad
1126 3082 1207 3130 tanta
1231 3075 1410 3149 expeditionis
1427 3073 1525 3129 malem
1540 3072 1661 3129 alendam
1677 3091 1742 3129 con·

455 3158 587 3232 genisque
610 3159 752 3232 stipendiis
775 3159 959 3215 sustinendam
984 3167 1042 3214 toto
1065 3160 1197 3216 eiusmodi
1221 3161 1337 3216 triennio
1355 3160 1472 3221 attinet,
1496 3159 1663 3214 arbitrantur
1685 3158 1741 3214 Gae-

456 3245 525 3300 sarei
548 3243 697 3303 consiliarii
717 3233 890 3301 ‘commodum
913 3252 994 3317 atque
1017 3245 1198 3300 necessarium
1228 3246 1302 3307 lore.
1332 3247 1355 3300 si
1383 3261 1415 3300 es
1438 3246 1565 3300 universo
1587 3244 1740 3300 Christiano

456 3328 522 3385 orbe
544 3330 685 3385 recensitis
709 3329 809 3402 ubique
831 3330 975 3402 regionum
997 3328 1107 3404 populis
1130 3331 1369 3404 quinquagesimus
1392 3329 1507 3403 quisque
1536 3338 1589 3384 tam
1612 3329 1775 3402 spiritua-ao

456 3412 489 3469 lis
512 3431 591 3487 quam
614 3413 744 3470 secularis
767 3432 815 3488 per
838 3416 914 3470 locos
937 3414 992 3470 sive
1015 3414 1129 3484 familias
1152 3415 1228 3470 rnilcs
1251 3433 1320 3471 rarius
1342 3416 1369 3471 in
1393 3415 1461 3470 hane
1475 3412 1597 3470 rnilitiam
1614 3412 1741 3486 eligatur,

455 3499 498 3555 cui
522 3499 631 3572 quidem
653 3497 752 3572 reliqui
775 3499 952 3574 qnadraginta
975 3517 1069 3554 nomm
1093 3500 1256 3574 stipendium
1279 3517 1396 3556 asinarum
1419 3499 1638 3561 subministrent:
1669 3500 1741 3572 quod

456 3592 544 3641 tamen
568 3584 732 3657 stipendium
756 3584 836 3640 unius
859 3584 958 3657 peditis
981 3583 1165 3658 intelligetur.
1188 3603 1349 3660 semperque
1371 3586 1426 3640 duo
1449 3585 1553 3658 pedites
1575 3583 1637 3639 loeo
1659 3585 1741 3640 unius

456 3669 557 3742 equitis
579 3670 730 3742 computari
752 3664 876 3725 debeant.
921 3669 1090 3743 Stipendium
1113 3679 1202 3726 antem
1231 3671 1355 3744 ipsnma
1385 3670 1516 3744 praedicto
1546 3686 1650 3724 summo
1673 3686 1742 3743 pon·

457 3753 528 3810 tifice
550 3763 578 3812 et
599 3755 705 3810 caeteris
728 3754 769 3826 (ut
791 3753 883 3828 snpra)
905 3756 1079 3828 congregatis
1103 3755 1217 3812 adscribi
1241 3764 1322 3828 atque
1344 3755 1477 3811 nominari
1500 3754 1595 3810 debeat
1617 3755 1644 3809 iu
1668 3755 1775 3811 lmncas

455 3839 579 3900 modurn.
610 3838 733 3895 videlieet
759 3848 790 3896 ut
819 3838 958 3913 equitibus
987 3840 1054 3896 bene
1083 3841 1223 3896 instructis
1249 3839 1278 3896 ot
1307 3841 1388 3895 ermis
1411 3838 1608 3896 sufficientibus
1631 3842 1742 3895 armatis

459 3941 505 3980 sex
527 3924 617 3980 ducati
639 3927 728 3988 aurei,
760 3925 868 3981 levioris
896 3933 986 3981 autern
1015 3934 1159 3982 armaturas
1187 3944 1237 4000 pro
1260 3942 1354 3982 eorum
1377 3925 1555 3980 aestimatione
1577 3933 1605 3980 et
1627 3924 1742 3980 arbitrio

456 4009 576 4082 quinquo
599 4017 644 4064 aut
668 4019 798 4083 quatuor,
821 4009 957 4084 peditibus
979 4029 1043 4067 vero
1060 4021 1115 4067 tres
1132 4012 1157 4066 iu
1174 4009 1297 4083 singulos
1313 4028 1419 4066 menses
1435 4010 1633 4084 persolvantur.
1664 4011 1742 4065 cuins

455 4175 652 4190 ——-—-

523 4275 588 4326 'sd
607 4281 759 4328 am.om.4.
795 4276 806 4308 ⁸
842 4279 965 4329 l.om.2.
1002 4277 1193 4343 Arbitr.erga]
1213 4278 1440 4342 Arbitranturqua
1459 4281 1531 4327 2...4.
1573 4277 1741 4326 infuturum

457 4366 574 4412 estatem
593 4365 618 4412 4.
655 4362 871 4413 Christianorum
890 4366 963 4412 M.
1004 4361 1151 4412 ⁵nocendi
1169 4367 1302 4413 am.2...t.
1340 4363 1441 4412 exteris
1459 4365 1533 4411 2...4.
1574 4360 1640 4426 ⁶id]
1661 4363 1696 4411 sd
1714 4366 1740 4412 2.

454 4451 695 4512 preoccupans.
732 4451 876 4513 queunt.
905 4447 1129 4511 MNequaqued.
1164 4448 1530 4514 ⁷futurump.nnnnm2...d.
1565 4447 1741 4497 Afronornd.

455 4531 633 4595 “aliquodz
670 4529 690 4564 ¹⁰
708 4532 831 4597 sophyd.
868 4530 886 4563 ¹¹
906 4531 1042 4581 finittimis
1060 4536 1085 4580 2.
1123 4529 1144 4561 ¹³
1163 4537 1402 4595 qumssxxnnm.
1437 4529 1522 4597 ‘aphri
1539 4530 1741 4596 &Schythna

454 4617 561 4667 Tartari
579 4617 608 4665 in
626 4618 775 4681 proximum
794 4632 892 4666 sunum
911 4616 1060 4666 eandm.
1098 4613 1118 4647 ¹³
1137 4617 1240 4667 minore
1260 4618 1361 4667 anxilio
1374 4619 1399 4668 h.
1414 4616 1519 4681 relique
1533 4620 1557 4665 4.
1594 4614 1701 4681 ¹⁸2.]3.
1717 4622 1741 4666 2.

430 4703 515 4764 §um
527 4702 552 4752 2.
564 4716 612 4751 om.
627 4704 652 4751 3.
689 4700 709 4733 ¹³
727 4701 908 4751 tollerandum
927 4703 984 4750 1,2.
1020 4701 1213 4751 existimarant
1232 4705 1254 4752 l.
1290 4701 1311 4734 ¹⁷
1328 4687 1399 4751 hanc
1417 4718 1464 4752 om.
1478 4705 1503 4750 4.
1540 4699 1638 4779 1ζριιο
1657 4707 1682 4751 et
1700 4716 1742 4751 re·

454 4790 523 4852 liqna
544 4788 615 4836 huius
636 4792 687 4835 art.
700 4786 725 4834 2.
738 4801 785 4838 om.
798 4789 822 4835 4.
869 4784 891 4817 ²⁰
914 4785 1026 4834 triennii
1044 4785 1210 4836 Christianis
1229 4788 1402 4851 quiescat.
1447 4784 1468 4817 ²¹
1487 4787 1511 4835 4.
1522 4786 1697 4850 Primumque
1716 4791 1744 4837 2.

455 4872 539 4922 dicet.
552 4875 578 4923 2.
613 4869 752 4921 ”sueton
765 4877 791 4921 2.
826 4868 877 4902 Μ
891 4871 1028 4935 quispiam
1047 4875 1072 4920 2.
1108 4870 1131 4902 ¹⁶
1148 4887 1170 4921 s.
1184 4872 1228 4921 hic
1241 4888 1274 4922 ex
1287 4888 1310 4920 o.
1325 4875 1350 4920 2.
1385 4868 1408 4900 ¹¹
1425 4871 1450 4920 5.
1463 4874 1487 4919 2.
1524 4869 1742 4935 quodom.1...a.

393 4947 394 4950 ¹
454 4954 649 5006 ”amnem
689 4955 741 4988 Μ’
759 4956 865 5006 cesarii
883 4959 907 5006 t.
948 4942 970 4986 *θ’
989 4953 1056 5020 atq]
1076 4961 1105 5005 et
1124 4959 1148 5004 l.
1189 4954 1374 5020 ³³peditis...
1393 4955 1625 5006 uniusom.1...3.
1649 4962 1742 5019 aperto

454 5030 665 5106 dpoaocstsaicqx.
701 5038 723 5072 ⁸⁴
741 5039 842 5090 debeat
860 5043 917 5091 1.3.
951 5037 975 5070 ³⁷
992 5041 1053 5089 auri
1071 5043 1097 5089 4.
