4300 6059
567 651 691 689 aurunt
711 651 739 687 lli
759 651 904 688 VLRICBV!
922 651 1201 690 WIBTBHPHGHUE!
1218 653 1321 691 burto
1340 655 1360 693 1·
1378 654 1446 692 tm.
1458 655 1486 692 Aa
1500 651 1560 693 ibib.
1686 630 1707 700 7

418 807 509 877 culis,
532 824 683 886 opponere
704 805 930 869 discriminibus,
968 805 1021 868 ilis
1042 809 1085 869 sie
1108 807 1284 870 habentibus
1305 825 1380 872 nova
1399 810 1564 872 intercessit
1584 816 1709 883 occasio,
1721 830 1779 879 §.aa

418 929 477 990 qua
497 912 577 970 senis
599 909 742 969 beneficio
764 916 912 970 uteretur:
935 927 968 969 re
990 907 1128 970 familiari
1149 911 1186 971 ad
1206 928 1327 986 magnas
1342 914 1490 989 angustias
1509 915 1626 975 redacta
1642 935 1710 976 cum

419 1012 560 1091 quicquid
585 1011 714 1090 undique
737 1029 890 1071 corrasum
912 1018 975 1071 erat
995 1012 1193 1088 prodegisset,
1218 1021 1284 1073 orat
1305 1014 1392 1074 istum
1416 1018 1541 1092 pecunia
1561 1017 1618 1078 sibi
1642 1017 1711 1077 sub·

419 1114 532 1174 seruiat:
558 1120 658 1174 notum
682 1113 820 1173 omnibus
841 1119 886 1172 est
907 1131 994 1190 qnam
1015 1113 1072 1173 froc
1093 1112 1178 1174 facile
1198 1115 1378 1193 impetrarit:
1401 1116 1481 1176 uuile
1504 1120 1572 1180 dato
1586 1121 1712 1199 pignore

399 1229 478 1275 suec
499 1218 529 1276 io
552 1217 647 1276 foerrus
670 1214 694 1275 x
715 1215 793 1275 mitia
815 1233 973 1276 aureorum
997 1233 1151 1276 nummum
1178 1217 1306 1295 accepit,
1335 1234 1401 1294 qum
1422 1235 1501 1279 uurtc
1523 1240 1640 1300 quoquae
1660 1223 1711 1282 de·
1790 1236 1792 1241 ·

420 1317 480 1379 bet.
525 1317 602 1377 Ecce
634 1324 731 1378 autern
766 1317 844 1379 aliud
872 1316 972 1377 subito
1002 1316 1192 1392 benignitatis
1226 1325 1336 1376 nostra
1360 1302 1492 1396 tempus:
1523 1325 1780 1386 contorsiones.

420 1419 561 1481 adsersus
583 1438 652 1480 eum
673 1438 689 1479 a
711 1418 918 1499 popularibus,
946 1421 998 1497 qui
1025 1420 1229 1497 importunum
1255 1419 1346 1497 ipsius
1372 1422 1529 1500 imperium
1551 1425 1630 1485 ferre
1653 1444 1713 1486 non

421 1529 573 1603 poteraut,
596 1522 729 1599 rapinas,
757 1521 941 1581 extorsiones
967 1539 1001 1580 ac
1024 1519 1175 1599 vectigalia
1201 1519 1267 1597 plus
1289 1539 1374 1600 aequo
1402 1531 1501 1585 exacta
1525 1513 1712 1588 accusabant.

421 1624 466 1686 Eo
494 1642 562 1684 casu
592 1641 679 1702 quam
708 1629 853 1684 couuoota
881 1622 969 1683 fuerit
996 1623 1169 1690 Germania,
1201 1628 1402 1702 quantumque
1430 1626 1513 1687 vobis
1539 1629 1712 1705 periculum,

386 1739 414 1781 ro
424 1727 588 1833 principes,
619 1724 810 1803 impenderit,
838 1726 868 1785 in
891 1732 1032 1803 quantum
1054 1729 1113 1783 tota
1139 1723 1276 1785 nobilitas
1304 1714 1463 1790 ducrimcn
1489 1728 1577 1790 huius
1602 1730 1714 1790 scelere

421 1827 604 1906 pervenerit,
627 1827 775 1888 recentius
797 1833 855 1896 est,
879 1827 1013 1901 gravius,
1042 1825 1136 1886 acob
1164 1825 1192 1885 id
1217 1826 1438 1891 memorabilius
1466 1848 1554 1909 quam
1574 1839 1606 1891 nt
1629 1833 1713 1910 igno-

421 1947 492 1991 rare
511 1931 577 2008 qrris
596 1929 695 2007 possit.
732 1929 757 1987 si
784 1930 861 1989 enirn
889 1927 977 1987 latins
1005 1928 1062 1988 hoc
1088 1928 1257 2003 contagium
1284 1946 1406 2008 serpere
1432 1934 1615 2009 contigisset,
1648 1949 1782 2010 quaeso.

422 2049 484 2093 uon
506 2031 603 2090 statim
623 2048 737 2090 summa
758 2029 865 2089 intimis
885 2031 1046 2107 permixta,
1073 2029 1143 2108 quid
1170 2047 1229 2089 non
1254 2049 1270 2090 a
1293 2049 1347 2091 suo
1373 2039 1451 2093 statu
1473 2035 1619 2095 deiectum
1643 2037 1714 2096 fois·

421 2140 483 2201 set,
507 2132 577 2211 quid
598 2150 657 2192 non
674 2129 839 2198 turbatum,
866 2140 953 2209 quatu
968 2149 1027 2191 rron
1046 2131 1249 2208 indignitatem
1269 2150 1371 2193 onmes
1390 2135 1537 2196 tulissent!
1561 2137 1621 2196 Etsi
1637 2139 1716 2197 eninr

388 2250 461 2297 mex
486 2253 574 2295 causa
597 2232 791 2294 niuvebantur
813 2233 927 2300 miseri,
951 2240 980 2293 et
1001 2233 1098 2310 primo
1121 2232 1192 2293 nihil
1214 2234 1398 2297 inmoderati
1414 2237 1654 2315 proponebatur,
1674 2245 1716 2298 ta·

421 2355 492 2398 men
513 2342 613 2414 postea
635 2333 775 2412 gliscente
796 2332 924 2395 tuurultu
948 2335 1130 2395 corisortium
1152 2334 1298 2399 maiorum
1320 2337 1499 2408 institutum,
1529 2347 1562 2400 ιιι
1588 2340 1634 2409 fri,
1664 2339 1717 2398 bo·

421 2456 532 2500 uorum
559 2437 727 2497 antevertit:
756 2436 890 2496 adiunxit
916 2454 947 2496 se
968 2433 1134 2497 levissimus
1160 2438 1301 2516 quisque,
1333 2438 1455 2501 obaerati
1484 2460 1588 2502 omnes
1609 2460 1644 2501 ac
1667 2442 1718 2501 de·

422 2547 541 2623 sperata
568 2557 601 2600 re
628 2538 762 2599 familiari
791 2545 920 2615 egentes.
958 2536 1112 2598 consilium
1136 2546 1215 2607 erat,
1247 2547 1278 2600 ut
1304 2542 1399 2600 omnis
1421 2542 1552 2603 funditus
1580 2542 1718 2603 nobilitas

423 2643 576 2710 interiret,
599 2642 627 2702 in
652 2641 756 2701 domus
777 2639 958 2717 locupletum
980 2639 1107 2716 impetus
1128 2641 1226 2710 tieret,
1250 2644 1384 2718 pecuniae
1402 2646 1589 2706 sacerdotum
1608 2646 1717 2722 diripe·

382 2756 411 2798 ιι
423 2751 544 2813 rentur,
565 2745 664 2804 omnia
686 2750 831 2820 prostrata
854 2761 888 2801 ac
908 2758 1008 2801 eversa
1028 2749 1141 2823 essent,
1163 2760 1263 2803 rerum
1279 2743 1478 2820 gubernacula
1499 2749 1716 2808 desererentur.

424 2846 499 2919 Quae
521 2863 579 2905 non
602 2845 712 2905 idcirco
734 2844 831 2920 attigi,
865 2851 897 2903 ut
925 2842 1057 2904 rideatur
1086 2843 1134 2903 bic
1165 2843 1326 2923 aliquando,
1345 2846 1422 2908 bene
1451 2849 1495 2909 vel
1523 2851 1651 2911 sensisse
1672 2849 1786 2914 velers.

423 2948 546 3017 iecisse,
569 2947 619 3007 sed
643 2964 701 3025 quo
720 2945 871 3006 ostendam
892 2951 1019 3024 quantus
1041 2964 1077 3005 ex
1100 2944 1157 3005 hac
1178 2953 1260 3023 peste
1282 2947 1405 3008 meritus
1423 2956 1513 3010 totam
1530 2953 1717 3013 Germaniam

424 3067 542 3115 summo
566 3067 632 3109 eum
655 3047 802 3127 periculo,
823 3065 939 3108 summo
961 3043 1080 3126 publico
1103 3054 1183 3108 metu
1198 3048 1352 3119 invaserit,
1375 3056 1466 3128 utque
1482 3071 1585 3113 omnes
1604 3069 1719 3113 mecum

426 3157 658 3228 recognoscant,
681 3167 741 3208 non
763 3169 779 3209 a
799 3168 846 3210 me
869 3154 1063 3226 cognoscant,
1085 3156 1226 3226 quantum
1250 3169 1285 3210 ex
1307 3150 1362 3211 bac
1377 3154 1521 3213 furiarum
1538 3155 1601 3215 face
1621 3134 1722 3214 inben-

389 3256 510 3317 ²⁵dium
532 3253 690 3313 conflatum
709 3251 761 3321 sit,
784 3251 863 3329 quod
884 3257 1006 3311 eatenus
1027 3250 1148 3328 quidem
1170 3260 1233 3312 erat
1250 3255 1316 3331 pice
1336 3272 1370 3312 ac
1385 3253 1450 3315 oleo
1468 3256 1720 3333 restinguendum,

427 3364 574 3438 quatenus
595 3362 677 3414 tuum
696 3353 871 3415 sceleratum
895 3358 998 3433 caput,
1021 3359 1101 3411 tuam
1128 3353 1305 3415 exitiabilem
1327 3357 1413 3416 vitatu
1437 3356 1563 3435 petebat.
1610 3358 1667 3417 Sed
1688 3365 1788 3418 tritae

426 3477 501 3539 age,
524 3466 556 3519 ut
579 3474 615 3517 co
637 3473 695 3533 quo
718 3464 859 3534 properat
880 3456 974 3515 oratio
994 3454 1123 3523 feratur,
1146 3455 1294 3533 quomodo
1316 3458 1433 3518 tandem
1454 3477 1490 3518 en
1507 3458 1552 3518 iris
1572 3458 1719 3526 ductibus,

426 3562 486 3623 boc
506 3559 660 3635 naufragio
683 3555 848 3619 emersistit
871 3558 1028 3635 quicquam
1051 3557 1080 3616 in
1105 3555 1146 3614 tui
1168 3560 1392 3620 conservatione
1411 3579 1470 3620 non
1491 3561 1527 3620 ad
1552 3569 1650 3621 nostra
1667 3561 1723 3619 ini·

427 3665 466 3725 tia
491 3661 680 3723 referendum
703 3661 765 3719 esti
786 3659 870 3728 Quod
894 3659 973 3719 sica
995 3677 1042 3719 me
1065 3657 1123 3717 dici
1145 3667 1230 3736 puta,
1252 3659 1364 3729 Caesar,
1388 3681 1446 3723 non
1469 3663 1547 3742 quod
1570 3663 1600 3721 in
1616 3662 1723 3721 restin-

392 3763 548 3843 sagnendo
569 3762 626 3822 boc
646 3761 783 3822 incendio
805 3768 854 3821 aut
876 3760 929 3821 abs
950 3767 979 3821 te
1000 3768 1050 3821 aut
1071 3759 1107 3819 ab
1124 3760 1186 3820 istis
1204 3762 1386 3842 principibus
1406 3767 1562 3844 epricquam
1578 3771 1722 3824 cessatum

427 3873 550 3948 potem,
567 3863 619 3925 sed
634 3864 701 3942 quia
719 3882 774 3923 nos
789 3862 876 3940 primi
891 3862 1009 3922 furiosae
1025 3862 1238 3924 coniurationis
1253 3876 1365 3926 motum
1383 3868 1614 3945 composuimus,
1635 3866 1724 3942 primi

412 3942 485 4031 'nos
508 3967 652 4046 grassanti
672 3964 810 4043 procellae
832 3971 932 4025 nostra
955 3964 1048 4043 capita
1074 3960 1246 4027 obiecimus.
1286 3966 1443 4047 ltespcnde
1462 3970 1509 4029 bic.
1525 3969 1619 4036 euim,
1637 3966 1722 4034 latro,
1734 3973 1792 4024 ιιι.

429 4072 487 4132 nisi
510 4068 557 4130 ifle
577 4068 634 4128 hoc
650 4066 818 4128 Ludovicho
839 4072 943 4126 autore
963 4065 1069 4125 missus
1092 4082 1128 4123 en
1144 4064 1265 4128 Francis
1281 4067 1333 4129 tibi
1351 4071 1497 4148 equitatus
1511 4077 1602 4135 essct,
1623 4087 1724 4147 quant·

430 4172 482 4235 diu
502 4170 689 4232 sustinuisses
716 4169 744 4229 id
769 4166 897 4228 bellum?
926 4173 977 4227 aut
1002 4184 1078 4236 non,
1110 4184 1175 4244 quae
1203 4174 1252 4229 tua
1283 4169 1322 4230 ibi
1347 4173 1473 4232 formido
1496 4178 1650 4251 perspecta
1672 4179 1725 4237 cst,

399 4274 470 4335 asad
492 4274 659 4352 proximum
682 4285 829 4348 quernque
851 4269 1003 4328 incursum
1024 4268 1249 4331 succubuisscsi
1277 4280 1308 4331 ut
1330 4291 1418 4334 neoto
1446 4276 1563 4351 ignoret
1584 4291 1672 4352 quam
1696 4280 1726 4331 ιιι

430 4375 595 4442 immerito,
624 4391 712 4451 quarn
736 4372 835 4448 inique
857 4390 892 4430 ac
914 4369 1026 4431 nefarie
1046 4370 1092 4430 tris
1113 4371 1163 4448 qui
1186 4379 1214 4431 te
1242 4384 1468 4445 conservarunt,
1501 4377 1550 4455 qui
1573 4378 1603 4436 iu
1626 4373 1725 4434 locum

431 4477 640 4543 restituerunt,
665 4466 775 4535 caedem
799 4491 834 4533 ac
856 4470 1014 4532 orbitatem
1033 4472 1178 4532 intuleris.
1222 4475 1404 4552 Arroganter
1426 4478 1475 4539 bic
1495 4477 1606 4557 aliquid
1633 4460 1793 4536 riderico.

431 4599 450 4641 a
474 4578 655 4667 medietum
677 4575 759 4636 vobis
780 4583 931 4653 putarem,
958 4576 1112 4643 Germani,
1142 4576 1199 4635 uisi
1221 4578 1328 4639 scirem
1349 4590 1450 4642 nostra
1481 4583 1511 4641 in
1534 4581 1614 4641 bunc
1637 4578 1726 4638 bene·

501 4794 609 4864 ⁴doto]
628 4771 718 4864 posito
736 4800 767 4847 11.
820 4792 935 4844 5ιιιίιιίιι
953 4798 979 4844 2.
1036 4773 1310 4852 ⁶Derarme1innz.
1374 4801 1394 4835 ¹²
1411 4799 1475 4869 hoc]
1495 4802 1523 4852 id
1540 4808 1569 4852 Η.
1626 4796 1648 4830 ²³
1667 4812 1728 4848 cum

432 4886 504 4938 onia.
519 4886 545 4934 t.
597 4881 619 4914 ²⁵
637 4882 699 4947 pice
719 4900 753 4933 ee
772 4881 833 4932 oleo
847 4883 923 4939 reat]
942 4881 958 4929 i.
972 4896 995 4930 c.
1007 4882 1152 4943 fovendum,
1170 4888 1317 4948 euocandum.
1367 4888 1389 4920 ²²³
1408 4885 1493 4953 tirum]
1511 4888 1597 4952 ipsius
1615 4900 1684 4934 corr.
1698 4888 1727 4931 n.

432 4964 523 5035 mm]
544 4968 631 5033 ipsius
649 4972 679 5015 11.
732 4966 754 4999 Π
772 4963 826 5032 his]
848 4965 881 5016 iis
898 4968 927 5013 Η.
981 4962 1003 5002 *i
1021 4962 1123 5031 hoeleo
1140 4970 1170 5016 ιι,
1235 4970 1256 5002 ³³
1276 4973 1396 5038 quandiu
1415 4975 1438 5022 χ,
1495 4971 1517 5004 as
1535 4983 1636 5037 quem
1654 4972 1677 5019 χ,
