4300 6059
568 689 689 724 mereri
710 688 738 723 nt
758 689 902 724 Vlaflicllblll
920 689 1200 726 wlnrrrttrntteettsmt
1218 689 1321 725 ORATIO
1340 690 1360 724 1.
1384 689 1449 724 AEsr.
1463 688 1489 724 A.
1503 680 1564 725 ibib.
1684 657 1707 728 9

419 845 585 922 composito
606 852 638 911 et
656 842 729 904 nihil
749 845 910 922 immutato,
924 843 1004 905 vultu
1026 862 1115 923 quem
1134 845 1285 905 occisurus
1300 852 1363 908 erat
1381 847 1506 922 aspexit,
1530 842 1637 904 blando
1656 861 1708 904 ore

418 938 458 1007 ed
476 947 579 1006 amicis
593 941 691 1007 verbis
707 946 809 1006 allatus
827 954 885 1015 cst;
906 945 986 1006 iubet
1002 948 1089 1007 etiam
1105 948 1169 1007 siue
1185 947 1273 1006 armis
1289 965 1367 1012 esse,
1391 946 1480 1024 ‘quod
1496 965 1592 1024 neque
1610 945 1706 1023 longe'

419 1044 516 1126 inquii
538 1047 734 1110 ‘comitaberis
754 1053 784 1107 et
799 1049 855 1108 iter
871 1065 1010 1108 securum
1026 1054 1084 1117 est,
1109 1051 1171 1109 sine
1188 1049 1314 1119 insidiis,
1337 1050 1400 1110 sine
1421 1048 1579 1127 periculo';
1600 1057 1629 1110 et
1645 1055 1708 1109 erat

419 1168 509 1219 sane,
533 1150 587 1210 nisi
605 1157 747 1228 quantum
766 1152 830 1228 ipse
853 1148 994 1210 allaturus
1017 1152 1104 1211 venit
1139 1149 1222 1220 Quod
1242 1150 1410 1211 recordanti
1431 1149 1502 1210 mibi
1521 1150 1607 1220 subit,
1630 1151 1706 1229 quod
1745 1134 1749 1142 ’

398 1253 471 1331 eqni
494 1252 659 1330 proditione
680 1257 818 1320 utuntur,
839 1269 892 1330 per
913 1250 986 1311 alios
1008 1271 1072 1313 eam
1095 1252 1151 1313 sibi
1172 1259 1359 1330 comparant:
1391 1251 1439 1311 bic
1462 1251 1517 1311 sibi
1536 1251 1616 1312 illum
1639 1270 1708 1331 pro·

419 1353 492 1415 didit
513 1355 592 1432 ipse,
615 1371 711 1432 neque
733 1353 790 1414 hoc
812 1355 896 1432 pensi
918 1353 1019 1413 babuit
1037 1353 1195 1422 scelestus,
1230 1353 1307 1433 quod
1336 1352 1435 1414 dicere
1463 1351 1566 1413 solitus
1588 1355 1708 1414 est'bu·

419 1463 523 1535 gustus
543 1455 653 1524 Caesar,
675 1456 871 1533 proditionem
894 1473 993 1515 amare
1012 1473 1061 1528 se,
1083 1457 1250 1534 proditores
1268 1472 1410 1516 veronen
1426 1453 1560 1524 laridarm
1583 1456 1631 1516 bio
1648 1475 1708 1517 ma·

419 1556 467 1617 lus
489 1574 552 1618 esse
576 1556 685 1618 mavult
705 1556 782 1635 ipse,
817 1576 904 1635 quarn
933 1557 1015 1619 malis
1037 1560 1079 1617 uti
1107 1557 1178 1619 aliis.
1224 1558 1325 1636 ltaque
1345 1556 1397 1617 ubi
1418 1559 1487 1617 satis
1508 1556 1549 1617 illi
1572 1557 1650 1618 bono
1673 1578 1778 1627 ecem.

420 1658 546 1736 simplici
569 1660 763 1737 persuasisset
784 1659 851 1720 tidei
873 1661 1059 1739 opinionem,
1097 1661 1215 1721 tandem
1236 1661 1331 1720 munit
1351 1677 1383 1720 se
1413 1661 1518 1729 armiS,
1546 1677 1643 1739 neque
1664 1660 1709 1720 bis

385 1760 531 1838 roquibm
550 1769 618 1822 ante
640 1762 728 1832 lociS,
749 1780 846 1840 neque
870 1779 904 1821 eo
927 1778 986 1839 quo
1005 1760 1115 1823 soleret
1136 1761 1252 1832 babitu,
1276 1768 1305 1821 et
1325 1759 1399 1821 clam
1418 1760 1564 1821 omnibus.
1600 1780 1708 1823 exeun·

419 1869 480 1922 tem
501 1864 655 1923 comitatus
677 1870 721 1925 est
744 1871 842 1923 noster
864 1863 927 1932 ille,
952 1870 1031 1923 totus
1053 1865 1116 1924 sine
1137 1865 1227 1923 armis
1255 1860 1457 1942 equestribus,
1485 1861 1591 1941 pusillo
1620 1880 1707 1940 equo,

419 1970 453 2024 ut
473 1963 643 2045 non,longe
663 1967 772 2034 iturus,
795 1973 828 2026 ut
850 1965 933 2026 brevi
954 1983 1142 2034 reversurus:
1168 1968 1286 2026 nescius
1307 1966 1397 2025 miser
1416 1964 1452 2025 ad
1475 1982 1563 2042 quern
1585 1964 1707 2033 cladem,

419 2064 457 2126 ad
481 2065 558 2145 quod
582 2067 701 2128 exitium
725 2067 900 2136 duceretur;
922 2086 1009 2146 quarn
1031 2085 1091 2127 non
1110 2085 1284 2128 reversurus
1306 2067 1342 2127 ad
1361 2066 1441 2127 bunc
1460 2068 1597 2137 tratrem,
1620 2085 1707 2146 quam

419 2184 480 2226 uon
503 2168 652 2229 revisurus
674 2169 752 2229 hunc
775 2178 889 2248 patrem
912 2171 1018 2236 exiret;
1038 2168 1117 2247 quod
1133 2169 1187 2229 iste
1201 2168 1321 2229 ultimus
1338 2165 1395 2230 sibi
1414 2168 1478 2228 vitre
1495 2169 1572 2238 dies,
1594 2171 1708 2248 primus

384 2266 565 2338 rsmalorum
595 2273 770 2332 constitutus
798 2279 882 2332 esset.
928 2270 1112 2331 lnterturbor
1138 2271 1313 2350 lachrymis,
1343 2271 1496 2338 Germani,
1529 2288 1588 2349 quo
1610 2273 1775 2336 minuerat.

417 2381 486 2450 apte
508 2372 545 2432 de
566 2372 612 2432 liis
633 2390 698 2454 quie
715 2380 879 2452 sequuntur
902 2374 1009 2434 decore
1032 2380 1061 2433 et
1081 2373 1212 2451 apposite
1231 2373 1341 2433 dicam:
1363 2372 1432 2450 quid
1452 2363 1569 2452 possem
1584 2374 1662 2434 enirn
1680 2375 1709 2433 in

417 2487 452 2535 re
475 2474 541 2534 talii
565 2493 665 2552 qrraeso
685 2493 744 2535 non
767 2477 872 2553 erigite
893 2475 1039 2552 dignitatis
1060 2477 1205 2535 rationem
1227 2474 1264 2534 ab
1286 2492 1322 2534 eo
1343 2475 1393 2552 qui
1410 2492 1464 2553 per
1479 2475 1709 2554 magnitudinem

417 2574 530 2636 doloris
551 2576 606 2637 sibi
633 2595 693 2637 non
721 2584 843 2637 constat.
887 2576 943 2637 Ubi
970 2584 1051 2637 extra
1078 2576 1182 2638 urbem
1206 2583 1323 2637 ventum
1347 2582 1406 2645 est,
1430 2595 1533 2639 omnes
1555 2596 1610 2656 per
1632 2588 1709 2656 quos

416 2696 478 2739 nou
502 2687 646 2740 staturum
669 2679 725 2739 hoc
747 2678 829 2739 nefas
851 2679 985 2758 putabat,
1010 2678 1046 2738 ab
1068 2697 1100 2738 so
1122 2679 1253 2746 dimittit,
1275 2677 1366 2738 alium
1388 2676 1459 2747 alio,
1483 2681 1521 2739 ita
1544 2688 1576 2740 ut
1591 2680 1709 2741 tandem

381 2787 528 2861 repraeter
551 2779 627 2841 illam
651 2781 780 2841 loturam
802 2783 947 2842 victimam
965 2788 994 2842 et
1015 2798 1106 2841 unum
1130 2800 1165 2840 cn
1188 2780 1304 2840 lumulis
1326 2782 1386 2842 suis
1408 2783 1555 2842 neminem
1578 2783 1657 2843 iuxta
1677 2801 1709 2842 se

415 2882 565 2943 babuerit.
607 2883 646 2943 ibi
669 2890 729 2943 toto
752 2886 856 2962 camptl
877 2885 998 2944 incertis
1020 2882 1174 2943 itineribus
1196 2882 1337 2943 oberrare
1360 2883 1461 2960 coepit,
1487 2883 1575 2943 modo
1588 2885 1618 2943 in
1632 2883 1709 2945 banc

416 2984 507 3046 modo
528 2986 557 3044 in
577 2985 654 3044 illam
678 2987 752 3045 viam
774 2984 939 3055 declinans,
968 2985 1098 3064 undique
1121 2985 1297 3045 carnificinae
1320 2967 1416 3045 lo'cunr
1443 2987 1641 3063 prospiciens,
1664 2986 1708 3045 ni-

415 3086 459 3148 bil
480 3088 551 3146 satis
573 3086 687 3155 videns,
715 3089 810 3147 omnia
837 3090 952 3149 timens.
994 3087 1031 3148 Ut
1059 3088 1136 3146 enim
1166 3087 1349 3164 cognoscatis
1373 3065 1456 3147 iuxta
1485 3075 1599 3148 insitam
1622 3087 1775 3153 mali-§.as

416 3192 489 3250 tiam
514 3186 586 3249 nibil
607 3206 671 3249 esse
693 3189 750 3249 hoc
772 3178 987 3259 meticulosius,
1011 3187 1085 3249 nibil
1105 3189 1249 3258 timidius,
1274 3187 1346 3249 nihil
1364 3187 1553 3256 imbecdlius,
1577 3189 1709 3250 nonsibi

383 3292 454 3352 sad
479 3291 694 3351 conllciendum
717 3293 865 3370 negotium
885 3292 1020 3353 sufficere
1042 3272 1211 3359 videbatur,
1235 3291 1292 3350 nisi
1314 3291 1349 3350 ad
1373 3308 1422 3350 eas
1444 3309 1517 3368 eluas
1541 3299 1607 3352 ante
1629 3310 1709 3352 com·

415 3402 573 3473 paraverat
591 3411 662 3472 opes
680 3393 735 3453 loci
757 3412 874 3473 quoque
893 3395 1142 3473 opportunitatem
1163 3393 1345 3471 exquirerem
1369 3408 1461 3471 qrrare
1481 3394 1708 3473 etiam-nequid

413 3515 504 3558 secus
527 3515 561 3556 ac
583 3497 745 3556 institutum
767 3504 831 3557 erat
852 3497 986 3564 cederet,
1010 3497 1093 3556 iussit
1115 3494 1296 3555 descendere
1318 3493 1458 3556 lamulum
1481 3502 1510 3555 et
1526 3495 1635 3555 arctius
1652 3495 1709 3555 sibi

414 3618 528 3678 equum
552 3600 743 3677 succingere,
767 3600 882 3658 mnnlre
903 3598 1045 3665 calceria,
1069 3597 1198 3659 formare
1219 3596 1353 3667 lrenum,
1375 3597 1551 3675 prudentius
1577 3596 1709 3674 lupatutn

413 3700 540 3767 indere;
572 3700 621 3759 ubi
650 3719 773 3760 securus
801 3699 848 3761 ille
879 3701 1023 3761 occidioni
1045 3699 1248 3760 sullamulatus
1269 3717 1329 3759 sure
1351 3717 1462 3778 equum
1483 3700 1608 3759 ministri
1630 3707 1710 3759 tenet

378 3817 527 3870 rrmerm,
558 3803 628 3861 dum
654 3805 749 3861 omnia
779 3804 944 3862 cautissime
971 3802 1127 3863 adversum
1150 3819 1181 3862 se
1204 3809 1393 3880 apparentur.
1434 3820 1489 3863 nec
1521 3802 1576 3862 iste
1598 3802 1708 3862 interea

410 3905 599 3967 familiariter
621 3918 656 3965 ac
678 3904 784 3965 blande
807 3903 934 3983 colloqui
957 3904 1079 3971 desiuit,
1108 3922 1167 3982 quo
1191 3921 1278 3963 omne
1306 3904 1480 3982 suspicionis
1503 3910 1708 3982 argumentum

408 4030 426 4071 e
448 4007 554 4069 medio
571 4003 667 4066 tollat.
715 4006 827 4067 l‘lacuit
848 4006 965 4067 tandem
989 4008 1019 4066 in
1042 4024 1106 4066 eam
1129 4024 1194 4085 quae
1217 4023 1310 4083 prope
1332 4013 1395 4066 erat
1410 4005 1518 4085 sylvam
1535 4005 1705 4070 succedere.
1718 4022 1775 4072 ιιι,

478 4160 491 4192 ³
512 4161 572 4211 ‚Et
591 4165 620 4209 11.
673 4158 705 4188 Μ
725 4159 861 4225 Augustus
880 4157 983 4226 Caesar]
1002 4164 1031 4208 11.
1051 4161 1167 4210 correxit
1186 4159 1326 4209 Romanus
1350 4157 1460 4225 quidem
1484 4159 1645 4225 Imperator.
1669 4177 1709 4210 re-

403 4250 501 4314 mci!
520 4247 557 4294 ad
577 4245 706 4294 Plutarch.
726 4247 751 4293 in
770 4244 839 4294 Rom.
855 4245 895 4294 17.
914 4244 966 4308 (ed.
981 4245 1075 4296 Reisk.
1091 4245 1112 4295 1.
1126 4261 1152 4310 p.
1167 4242 1237 4307 113.)
1256 4259 1331 4306 „non
1349 4243 1451 4304 solum,
1471 4247 1501 4293 nt
1513 4245 1635 4308 videtur,
1655 4244 1710 4295 An·

402 4335 525 4400 tigonns
545 4329 618 4379 dixit
634 4329 780 4394 prodentes
800 4322 1013 4393 [προδιδόντας,
1027 4331 1129 4394 Bryon.
1143 4324 1315 4390 προδοσίας,
1329 4325 1509 4395 proditiones]
1529 4345 1623 4380 amare
1636 4346 1707 4392 sese,

402 4436 454 4472 ιω
473 4432 547 4468 vero
571 4415 618 4480 qui
636 4409 832 4479 prodidissent,
857 4413 962 4476 odias03
986 4431 1074 4480 neque
1098 4413 1193 4463 Caeeer
1216 4412 1312 4462 dicens
1335 4412 1369 4461 de
1391 4412 1500 4464 Thrace
1523 4414 1707 4479 Rhymitelee,

401 4520 506 4559 mero
527 4517 560 4552 oe
579 4499 775 4565 proditionem,
793 4499 958 4563 proditorem
978 4505 1070 4551 autem
1089 4499 1206 4548 odisset
1236 4497 1309 4547 Plut.
1323 4497 1455 4563 apopbtb
1468 4497 1527 4550 207.
1542 4499 1598 4561 (ed.
1611 4500 1708 4551 Reiok.

400 4592 449 4643 Vl,
461 4607 493 4657 p.
512 4584 587 4649 778.)
620 4584 695 4633 ‘Cum
714 4583 909 4647 Rhymetalcee
927 4585 1065 4635 Thracum
1084 4600 1133 4633 rex
1151 4584 1186 4633 nb
1205 4583 1323 4632 Antonio
1342 4582 1483 4648 adipsum
1502 4583 1665 4644 deiecisset,
1768 4573 1771 4578 ’

399 4675 565 4743 propinans
585 4669 690 4718 cuidam
710 4669 873 4733 reliquorum
892 4686 983 4733 rogem
1003 4671 1098 4719 Cercar
1118 4665 1175 4734 [qui
1195 4668 1296 4734 primus
1314 4667 1452 4732 Augustus
1472 4672 1514 4717 est
1532 4670 1708 4734 cognomina-

399 4758 457 4826 tus]
478 4756 558 4808 dixit
579 4754 647 4817 ‘ligo
667 4754 846 4817 proditionem
866 4771 939 4815 nmo,
960 4755 1111 4819 proditores
1126 4759 1216 4803 eutem
1229 4768 1283 4802 uon
1295 4752 1395 4802 lnudo'.
1431 4753 1473 4802 De
1486 4753 1616 4819 Philippo
1636 4755 1708 4819 opud

399 4846 480 4898 stou.
497 4839 655 4890 florii.le
659 4836 713 4888 ,ou
726 4844 852 4888 narretur
865 4854 925 4889 eum
938 4839 1040 4889 dixisse
1053 4833 1120 4897 τοὺς
1132 4832 1286 4902 μέλλοντας
1299 4828 1472 4899 προδιδόναι
1484 4829 1608 4902 μάλιστα
1622 4836 1706 4900 φιλῶ,

398 4926 467 4989 πρὸς
494 4913 601 4990 δ’ἥδη
619 4915 837 4985 προδεδωκότας
860 4917 981 4989 μάλιστα
1003 4923 1083 4988 μισοῖ.
1155 4921 1175 4953 ¹⁶
1193 4922 1237 4971 cf.
1254 4921 1308 4972 vol.
1322 4922 1343 4971 1.
1357 4921 1432 4986 ptr.
1502 4922 1524 4955 Π
1543 4921 1665 4972 eaederet
1683 4925 1707 4972 2.

398 5015 419 5048 ³
436 5014 504 5074 ille]
529 5012 592 5061 loe.
606 5009 753 5057 Huttenus.
807 5007 829 5040 ³⁰
848 5006 912 5074 iste]
933 5010 1003 5059 Dux.
1066 5006 1089 5039 ⁸²
1106 5004 1221 5073 sylvam]
1242 5007 1465 5074 Biiblingensem.
