4300 6059
461 702 598 740 utentem
613 704 787 740 naarnonnst
801 705 905 740 ORATIO
918 705 953 740 DE
967 706 1156 740 sxrttntrtottn
1170 704 1279 741 conatu
1292 704 1398 741 'ivnon
1412 703 1604 741 svscimrtns.
1641 674 1711 747 251

425 863 612 938 magnitudine
641 865 731 938 seipsa
760 864 900 921 continere
929 865 969 920 rii
1000 865 1155 938 potuerint;
1190 866 1235 921 sed
1264 874 1410 940 postquam
1432 882 1527 921 eorum
1550 862 1716 939 respublicas

425 948 554 1011 avaricia,
577 948 725 1022 cupiditas,
749 949 861 1006 ambitio
884 959 912 1006 et
934 949 1026 1006 lubido
1050 950 1221 1011 dominandi,
1252 950 1341 1006 omnia
1368 949 1498 1006 viciorum
1526 956 1646 1007 monstra
1675 941 1716 1006 ln·

425 1050 533 1096 rasere,
562 1034 696 1090 discordia
720 1035 837 1092 laborari
860 1043 980 1109 carptum
1009 1045 1064 1098 est,
1096 1045 1124 1091 et
1151 1036 1224 1108 quod
1252 1034 1413 1108 longissimo
1441 1042 1595 1108 temporum
1623 1036 1714 1110 spacio

425 1119 508 1175 variis
529 1127 558 1174 et
579 1119 716 1176 diuturnis
739 1119 818 1176 bellis
840 1122 1035 1193 acquisierant.
1063 1120 1138 1177 brevi
1165 1120 1322 1176 amiserunt.
1366 1120 1437 1176 ldem
1468 1119 1616 1181 Thebanis,
1640 1120 1715 1176 idem

399 1204 684 1277 ⁵Carthagineusibus
706 1204 758 1261 sub
780 1206 924 1268 Annibale,
956 1223 1072 1279 qnorum
1096 1223 1140 1261 res
1162 1213 1234 1261 terra
1258 1206 1378 1278 marique
1401 1205 1574 1279 amplissimae
1596 1205 1714 1267 luerunt.

424 1290 550 1362 contigit.
583 1289 681 1363 ¹lgitur
702 1308 762 1346 cum
785 1291 1022 1364 inpraesentiarum
1043 1292 1076 1347 de
1101 1291 1199 1347 tuenda
1221 1289 1365 1346 Christiani
1395 1290 1512 1346 nominis
1534 1289 1661 1345 libertate
1683 1296 1771 1348 ach&

424 1374 539 1429 Romani
561 1374 666 1449 imperii
689 1375 778 1448 gloria
801 1383 829 1431 et
850 1376 983 1449 dignitate
1007 1385 1117 1450 agatur,
1148 1385 1180 1432 ut
1202 1376 1268 1431 nihil
1291 1376 1376 1449 magis
1398 1375 1560 1448 pestiferum
1580 1373 1716 1431 discordia

425 1475 487 1514 esse
503 1466 608 1533 potest,
625 1460 661 1515 ita
678 1461 759 1516 etiam
773 1460 1029 1532 concordiautilius
1045 1478 1104 1518 esse
1120 1460 1188 1517 nihil
1204 1469 1309 1535 potest:
1333 1468 1463 1535 quantum
1484 1460 1555 1515 cuim
1576 1477 1608 1516 ex
1628 1457 1716 1515 altero

425 1544 539 1601 iactura}
561 1563 591 1600 ac
613 1545 768 1608 dulecoris,
793 1553 912 1608 tantum,
935 1547 957 1601 si
981 1546 1096 1602 altenrm
1112 1554 1292 1607 assectamur,
1315 1545 1450 1602 commodi
1465 1553 1494 1600 et
1509 1545 1621 1601 honoris
1636 1543 1715 1600 uobis

387 1629 572 1686 auvendicare
590 1647 743 1704 possumus.
786 1629 960 1705 Quapropter
981 1632 1035 1710 hoc
1055 1631 1239 1693 Catholicum,
1267 1631 1293 1687 id
1319 1639 1363 1687 est
1391 1628 1541 1686 universale
1563 1629 1771 1687 concordiens.

423 1713 575 1777 vinculum.
599 1733 654 1788 quo
677 1716 710 1772 de
733 1716 760 1772 in
783 1716 835 1773 hoc
858 1725 948 1773 restro
971 1716 1139 1791 amplissimo
1154 1726 1288 1773 conventu
1304 1716 1400 1789 agitis,
1423 1715 1455 1770 ad
1471 1714 1625 1772 libertatem
1641 1714 1716 1771 Chri·

423 1799 507 1855 stiaui
529 1800 662 1862 nominis,
692 1801 723 1856 ad
752 1819 922 1858 communem
944 1801 1060 1875 gloriam
1089 1811 1116 1858 et
1144 1800 1349 1875 amplitudinem
1371 1801 1483 1856 Romani
1511 1800 1618 1874 imperii
1647 1798 1716 1857 tartti

423 1885 486 1940 lore
508 1883 642 1947 arbitror,
665 1894 696 1941 ut
718 1887 786 1942 eius.
800 1888 859 1942 iura
882 1905 936 1943 non
959 1886 1047 1943 solum
1070 1887 1178 1943 defendi
1201 1887 1321 1960 possint,
1345 1885 1533 1943 verumetiam
1550 1885 1569 1941 ii
1585 1885 1632 1959 qui
1648 1902 1716 1960 quo·

425 1969 491 2026 tidie
519 1986 587 2025 nova
616 1972 738 2044 quaedam
765 1988 912 2046 regnorum
941 1973 1096 2028 accessione
1124 1971 1304 2027 Monarchiani
1332 1971 1507 2028 consecuturi
1538 1969 1714 2032 arbitrantur,

387 2067 414 2107 ia
424 2056 497 2110 vires
524 2053 669 2129 aliquando
699 2065 809 2114 nostras
838 2058 894 2113 siut
922 2057 1108 2114 formidaturi:
1137 2057 1188 2113 hac
1215 2058 1286 2112 enirn
1315 2056 1459 2113 concordia
1487 2056 1568 2129 capiti
1597 2054 1716 2112 membra

424 2140 573 2202 uniuntur,
596 2157 750 2215 novumque
770 2159 885 2217 corpus.
909 2143 983 2217 quod
1005 2143 1082 2218 prius
1104 2159 1174 2217 pene
1197 2143 1346 2204 occiderat.
1376 2141 1535 2197 Christianae
1558 2139 1715 2215 reipublice

422 2224 591 2281 renascitur:
620 2227 826 2301 quodquidam
849 2228 886 2284 ita
908 2227 1071 2284 firmissimis
1094 2225 1290 2284 benevolentiae
1318 2226 1410 2283 uersis
1436 2225 1575 2300 compingi
1603 2242 1716 2282 necessa

421 2319 481 2376 est,
504 2318 613 2386 utnon
635 2310 714 2368 lacile
736 2313 764 2367 in
786 2320 928 2386 posterum
949 2314 1067 2370 membra
1092 2314 1213 2369 enervari
1236 2330 1267 2368 ac
1288 2311 1403 2368 distrahi
1426 2311 1548 2384 possint:
1576 2311 1602 2366 id
1625 2318 1715 2368 autem

420 2395 494 2451 haud
518 2394 597 2451 aliter
618 2396 676 2452 lieri
698 2406 804 2471 potest,
829 2398 881 2454 nisi
904 2400 977 2472 quod
1000 2417 1050 2473 pro
1073 2397 1209 2454 communi
1233 2406 1290 2453 tum
1312 2404 1481 2452 vestratum
1504 2396 1624 2453 omnium
1640 2395 1716 2452 Chri·

386 2481 578 2538 wstianorum
600 2489 628 2537 et
649 2480 775 2539 libertate
796 2491 825 2539 et
846 2485 989 2540 commodo
1019 2484 1188 2558 perfecistis,
1218 2481 1284 2538 illud
1313 2483 1340 2538 in
1367 2479 1514 2556 perniciem
1542 2481 1714 2538 fortunarum

419 2574 573 2622 uestrarum
597 2585 628 2623 nc
642 2567 787 2624 Christiani
810 2569 928 2625 nominis
943 2567 1123 2626 calamitatem
1139 2567 1248 2624 minime
1262 2575 1445 2624 convertatur.
1467 2564 1604 2633 Quorsum
1619 2567 1782 2623 huius-tm.

419 2652 495 2708 modi
519 2653 612 2708 tendat
635 2653 736 2717 oratio,
759 2653 929 2728 intelligetis.
973 2655 1087 2712 Romani
1107 2672 1169 2711 cum
1197 2652 1230 2709 ab
1252 2651 1383 2708 Annibale
1403 2653 1487 2708 Poeuo
1515 2660 1714 2725 premerentur.
1791 2674 1794 2686 ¹

419 2754 482 2793 mim
504 2736 631 2812 Philippo
654 2755 734 2811 rege.
758 2741 859 2814 quiex
881 2740 983 2797 ludere
1004 2739 1211 2814 Carthaginensi
1233 2738 1347 2796 classem
1370 2738 1503 2795 missurus
1531 2744 1607 2799 erat,
1635 2755 1715 2811 quas·

420 2822 482 2878 dam
505 2823 580 2897 pacis
603 2823 776 2881 conditiones
798 2825 942 2899 pepigere;
964 2827 1036 2883 victo
1059 2824 1207 2882 llannibale
1230 2823 1307 2880 novis
1322 2822 1355 2878 dc
1370 2822 1505 2878 industria
1520 2823 1637 2896 repertis
1652 2841 1715 2879 cau·

385 2908 476 2969 assis,
499 2924 549 2964 nec
572 2909 680 2981 quidem
703 2908 796 2972 iustis,
818 2908 974 2983 Philippum
997 2909 1070 2966 bello
1094 2910 1217 2984 aggressi
1240 2908 1401 2965 llaccdouiae
1425 2924 1509 2980 reguo
1532 2907 1714 2981 privaverunt.

420 2991 557 3049 Caeterum
581 2993 669 3049 hoca
693 3001 736 3056 tc,
758 2994 941 3051 sacratissime
963 2995 1067 3058 Cesar,
1099 3004 1202 3051 tautum
1231 2994 1326 3051 abesse
1354 2992 1457 3055 sentio,
1487 3000 1588 3065 quanto
1612 2993 1715 3066 magni·

420 3078 488 3134 tudo
511 3077 593 3133 animi
617 3077 656 3133 tui
678 3078 711 3135 ad
732 3095 876 3137 commune
897 3081 1142 3155 semperbonum,
1166 3079 1199 3136 ad
1222 3077 1367 3135 utilitatem
1395 3085 1423 3134 et
1444 3078 1615 3134 commodum
1638 3077 1714 3133 Chri·

418 3163 572 3219 stianoium
594 3163 748 3238 principum
770 3166 935 3240 propensior
957 3184 1017 3224 esse
1040 3166 1154 3222 videtur.
1197 3163 1275 3232 Quod
1298 3163 1421 3238 quidem.
1444 3162 1559 3239 tametsi
1569 3162 1646 3219 annis
1662 3163 1713 3220 iam
1723 3171 1780 3223 §.tt

419 3248 510 3304 tribus
538 3247 639 3322 elapsis
665 3267 727 3306 cum
757 3251 989 3324 praestantissimis
1011 3251 1132 3326 Regibus
1154 3251 1300 3307 Pannonia
1321 3250 1493 3320 Boemiaeque
1520 3265 1551 3305 ac
1573 3248 1714 3305 Sarmatiae

384 3344 478 3408 aoprae
501 3342 528 3389 tc
551 3332 652 3396 tulisti.
682 3344 770 3391 tomen
793 3336 836 3391 bis
860 3338 962 3393 nostris
986 3337 1156 3412 temporibus
1180 3344 1223 3392 tua
1248 3337 1299 3390 ista
1321 3333 1409 3390 divina
1439 3333 1525 3388 virtus
1552 3352 1582 3390 ac
1610 3334 1713 3391 incom-

418 3417 549 3492 parabilis
570 3418 713 3477 clementia
734 3421 888 3476 communia
910 3423 1126 3479 Christianorum
1148 3421 1289 3479 coumioda
1311 3418 1431 3493 propriis
1459 3419 1609 3475 commodis
1631 3435 1712 3494 quam

377 3577 380 3581 Ι
418 3503 501 3576 longe
523 3511 684 3578 anteponat,
708 3515 882 3580 perspectum
905 3516 955 3564 est.
1000 3511 1089 3581 Atque
1112 3507 1138 3562 id
1159 3507 1193 3563 de
1216 3506 1292 3561 robis
1312 3522 1373 3561 cum
1389 3503 1460 3559 haud
1476 3502 1555 3559 aliter
1570 3503 1636 3560 mihi
1651 3508 1780 3579 per-§.¹2

418 3606 528 3645 suasum
552 3589 600 3651 sit,
623 3591 808 3662 potentissimi
831 3592 984 3666 principes,
1008 3593 1085 3650 video
1109 3594 1160 3649 iam
1185 3590 1302 3666 populos
1325 3589 1444 3650 renasci,
1476 3589 1653 3647 rellorescere
1676 3590 1714 3647 ci·

1788 3153 1800 3185 h

418 3675 530 3735 vitales.
554 3691 615 3729 arva
639 3675 784 3732 obductum
808 3676 964 3751 squalorem
993 3679 1135 3741 omittere,
1165 3675 1338 3733 mercimonia
1366 3674 1499 3737 exerceri,
1529 3675 1653 3748 portoria
1683 3694 1714 3733 ac

384 3759 559 3831 andragatii
587 3769 737 3817 vostrarum
766 3762 906 3819 civitatum
934 3781 965 3820 ac
992 3764 1147 3830 domiuum,
1181 3779 1242 3835 quae
1269 3761 1346 3816 robis
1373 3759 1509 3815 bellorum
1538 3761 1612 3816 nervi
1640 3770 1712 3823 snut.

417 3844 546 3908 conduci;
569 3851 611 3908 et,
634 3855 665 3901 ut
687 3846 805 3903 breviter
826 3848 925 3911 dicam,
955 3848 1022 3903 uiliil
1045 3850 1077 3903 nd
1101 3857 1222 3904 nostram
1251 3845 1404 3902 libertatem
1432 3845 1617 3908 commodius,
1646 3847 1712 3902 nihil

417 3929 525 3991 utilius,
548 3930 630 3985 modo
653 3932 722 3988 iacta
743 3934 897 3989 concordiae
920 3951 952 3989 ac
974 3932 1163 3988 benivolentiae
1187 3923 1368 3988 fundamenta
1381 3930 1496 3986 firmiter
1510 3931 1580 3993 siut,
1604 3931 1711 3987 arohis

416 4014 512 4070 conlisi
536 4003 658 4089 potest,‘
674 4016 729 4078 vol,
759 4024 790 4072 ut
811 4018 902 4074 scorias
924 4019 1043 4074 sortasse
1064 4017 1164 4079 dicam,
1194 4018 1280 4090 niagis
1308 4015 1500 4071 necessarium.
1545 4015 1647 4071 Bellum
1676 4017 1780 4072 stou.

418 4100 525 4172 quidem
548 4100 732 4162 formidabile,
761 4102 946 4175 periculosum
975 4122 1006 4160 ac
1036 4102 1297 4177 perniciosissimum
1324 4100 1475 4156 cervicibus
1497 4100 1712 4157 Christianorum

383 4184 551 4246 uiiinninet,
574 4187 755 4242 sacratissimo
778 4188 880 4251 ttaanr,
904 4190 976 4263 quod
1000 4188 1107 4261 quidem
1131 4195 1159 4244 ct
1181 4188 1203 4242 si
1227 4185 1389 4242 sanctissimi
1412 4185 1514 4242 domiui
1537 4186 1624 4241 nostri
1645 4187 1712 4242 Leo·

417 4269 458 4324 nis
475 4269 503 4324 ll.
521 4270 657 4344 pontilicis
680 4271 786 4328 inaiiiui
809 4270 897 4329 litoris
921 4274 1046 4330 omnibus
1061 4273 1278 4330 Christianorum
1302 4270 1472 4346 principibus
1492 4278 1520 4327 et
1540 4270 1589 4326 tibi
1614 4271 1640 4326 in
1656 4272 1712 4345 pri-

417 4437 618 4445 m—

483 4537 640 4588 ²vitiorum
653 4543 677 4589 2.
713 4538 861 4603 ³ccpti11.
897 4538 1299 4602 ιἨιιιιιιίἱιιιῐιιλειιιὶιιιιίνιι.
1347 4538 1405 4588 ‘in
1422 4540 1573 4603 praesentia
1585 4543 1611 4590 2.
1649 4538 1671 4572 ¹⁰
1683 4540 1711 4590 id

405 4621 467 4688 est]
486 4623 515 4672 .i.
530 4628 554 4673 1.
573 4625 631 4674 sive
645 4629 670 4674 2.
718 4623 739 4656 ¹³
757 4629 860 4674 utnon
878 4625 1062 4675 s.ci.iuro2.
1112 4624 1132 4657 ¹⁴
1151 4641 1180 4675 se
1200 4628 1432 4675 consecuturosl.
1484 4621 1505 4656 ²¹
1525 4641 1673 4690 ,quorsum
1687 4629 1710 4676 1,

413 4706 435 4739 ¹²
453 4709 749 4775 cl.Liv.XXlll.sqq.
796 4707 818 4741 ²³
837 4709 932 4760 federa
946 4714 970 4760 1.
1017 4709 1069 4742 Μ
1089 4727 1133 4760 ari.
1147 4712 1187 4760 tui
1200 4725 1292 4775 magu.
1306 4714 1330 4759 2.
1371 4708 1393 4740 ²⁸
1412 4708 1711 4761 A.1515.vindobonae

412 4793 601 4851 Perdinsudo,
616 4794 801 4845 Maximiliani
814 4796 920 4861 nepoti,
938 4795 1019 4845 Anna
1031 4795 1170 4845 Vladislai
1182 4795 1334 4860 Huugariae
1346 4794 1542 4859 Bohemiaaquc
1556 4795 1630 4858 rogis
1642 4794 1710 4853 filio,

412 4878 554 4929 liudovico
571 4878 709 4930 Vlsdislai
727 4879 796 4938 filio,
816 4880 921 4942 Mario,
941 4880 1125 4930 Maximillam
1143 4881 1247 4945 neptis,
1268 4882 1303 4930 ab
1320 4880 1388 4945 ipsis
1404 4880 1517 4943 regibus
1533 4881 1655 4945 itemque
1668 4881 1710 4930 Si·

412 4963 559 5030 gismundo
570 4962 694 5015 Poloniea
711 4980 786 5030 rege,
800 4965 937 5015 Vladislni
952 4965 1048 5027 tratre,
1062 4965 1246 5031 praesentibus
1259 4965 1460 5030 desponsantur
1473 4970 1617 5015 contractu
1629 4964 1655 5014 d.
1667 4965 1709 5015 22.

411 5049 464 5100 lul.
477 5048 513 5114 (e.
527 5065 569 5115 gr.
577 5064 622 5115 ap.
635 5050 681 5100 Du
692 5051 771 5101 Mona
782 5050 829 5102 IV.
838 5051 860 5099 l.
868 5066 893 5115 p.
901 5049 960 5100 211.
969 5050 1030 5116 eqd,
1044 5050 1173 5101 rhetiam
1183 5051 1271 5100 Vitelli
1282 5055 1352 5101 oret.
1360 5051 1384 5112 5.
1391 5048 1416 5100 8.
1452 5048 1474 5081 ⁸⁸
1484 5049 1671 5116 perniciosum
1681 5053 1707 5102 8.
