4300 6059
451 669 523 738 320
561 700 663 734 utconlu
678 701 703 733 X.
718 700 827 735 CONTRA
840 701 990 735 BVTHERVM
1004 701 1093 735 nvntn
1109 698 1278 739 DAT.l5.1VN·
1292 704 1318 736 A.
1329 695 1387 736 1520.
1402 675 1426 736 ὁ.
1442 701 1565 736 HVTTB'NI
1579 701 1672 737 noris.

449 855 530 912 dium
551 858 694 926 pennula
716 857 848 927 nitendi,
871 857 997 929 lepeadi,
1021 873 1058 916 oc
1080 857 1299 932 interpretandi
1318 859 1436 930 quasvis
1456 859 1609 928 scientias,
1629 867 1659 915 et
1682 857 1742 929 so-

448 959 588 1026 cultales,
612 963 641 1014 et
662 956 856 1016 inhabilitatis
876 959 918 1016 ad
939 961 1006 1029 illie,
1029 969 1058 1017 et
1082 962 1144 1018 ulia
1169 963 1199 1018 in
1219 966 1369 1034 posterum
1386 958 1565 1026 obtinenda,·
1584 960 1742 1034 praediea-
1793 956 1798 965 ’

448 1061 534 1117 tionis
556 1074 670 1132 quoque
691 1058 801 1135 oflicii,
825 1076 863 1117 oc
882 1062 1046 1118 omissionis
1067 1061 1160 1119 studii
1177 1064 1342 1134 pennalis,
1370 1072 1399 1120 et
1416 1055 1544 1119 omnnium
1560 1063 1742 1134 priuilepio-

447 1175 514 1217 rum
533 1160 673 1218 eiusdem.
711 1165 784 1232 'quo
803 1177 872 1219 nero
893 1162 936 1218 od
953 1164 1116 1220 saeculares
1133 1164 1265 1222 'eiusdem
1280 1164 1606 1239 excommunicationis,
1626 1179 1742 1222 necnon

454 1256 620 1319 omissibnis
643 1264 844 1334 cuiuscunque
861 1263 1059 1337 empbiteosis,
1094 1281 1145 1323 sen
1167 1281 1407 1339 quorumcunque
1427 1265 1609 1338 feudorum,
1637 1272 1698 1323 tarn
1720 1280 1762 1322 ou

448 1361 584 1421 Ronrona
606 1349 744 1435 ecclesia,
768 1381 859 1437 auam
878 1368 956 1424 alios
978 1362 1211 1439 lqitomodolibet
1227 1367 1424 1438 obtentorum,
1452 1383 1491 1424 ae
1512 1367 1600 1424 etiam
1619 1367 1743 1425 inbabi-

446 1466 537 1522 litatis
552 1464 595 1522 ad
610 1467 678 1536 illa,
698 1476 729 1524 et
748 1467 811 1525 alia
831 1469 860 1524 in
876 1473 1026 1541 posterum
1044 1468 1212 1526 obtinenda.
1247 1484 1360 1526 necnon
1378 1483 1436 1541 qno
1451 1467 1493 1525 ad
1510 1482 1609 1526 omnes
1628 1474 1657 1526 et
1676 1472 1743 1527 sin-

445 1569 530 1643 pulos
549 1569 687 1640 saperius
707 1569 885 1637 nominatos,
907 1570 1103 1627 cinbibitionis
1123 1572 1331 1629 ecclesiasticae
1359 1572 1536 1644 sepulturae,
1564 1570 1742 1628 inbabilita-

447 1670 541 1742 lisque
563 1668 606 1726 ad
624 1684 722 1728 omnes
740 1676 769 1727 et
784 1671 915 1742 sinaitas
937 1679 1021 1730 actus
1045 1674 1203 1746 lepitimos,
1233 1671 1385 1743 infamiae,
1416 1688 1454 1730 ac
1475 1670 1687 1742 diffidationis,
1713 1678 1745 1730 et

447 1771 579 1828 criminis
599 1772 683 1830 laesae
706 1773 882 1843 maiestatis,
904 1780 933 1831 el
953 1773 1175 1843 baereticorum,
1203 1780 1232 1831 et
1255 1772 1411 1844 santorum
1432 1772 1591 1830 eorundem
1621 1775 1651 1831 in
1675 1775 1776 1831 iurem

450 1875 600 1946 expressis
616 1875 732 1946 partis,
759 1889 794 1930 eo
815 1876 891 1946 ipso,
918 1882 948 1933 ct
974 1876 1083 1950 absque
1104 1878 1241 1935 alteriori
1260 1876 1477 1943 declaratione,
1501 1890 1559 1948 per
1585 1890 1686 1932 omnes
1713 1883 1743 1932 el

449 1976 579 2047 stimulas
600 1976 803 2053 supradictoS,
826 1977 854 2033 si
874 1970 985 2050 (lanod
1004 1976 1095 2053 absit)
1117 1976 1366 2050 contrafecerint,
1389 1976 1588 2036 incurrendis.
1622 1977 1649 2032 A
1671 1977 1743 2049 qui-

449 2077 501 2134 bus
522 2079 638 2150 ⁰aipore
654 2079 853 2150 cuiuscunque
867 2076 1034 2148 facultatis,
1048 2085 1078 2137 et
1092 2081 1295 2138 clausularum
1313 2082 1403 2138 etiam
1418 2062 1448 2137 in
1465 2074 1744 2149 ‘cortfessianalibus

448 2178 596 2253 quibusvis
610 2180 761 2252 personis,
784 2180 837 2237 sub
859 2180 1006 2254 qteibtmis
1029 2182 1182 2239 uerborum
1198 2181 1308 2253 formis
1327 2187 1545 2250 contentarum,
1568 2181 1660 2237 nisio
1675 2177 1743 2236 Ro-

448 2296 536 2338 mano
560 2279 701 2351 Pontifice
723 2283 768 2339 ael
788 2283 849 2339 olio
869 2282 907 2339 ab
927 2298 960 2340 ea
982 2282 1026 2339 od
1045 2283 1079 2340 id
1094 2285 1123 2340 in
1144 2283 1434 2357 specie'saaultotem
1450 2282 1588 2353 tabente,
1605 2288 1740 2356 prater-
1754 2299 1775 2337 rs

448 2399 537 2455 qnam
559 2384 591 2440 in
613 2384 714 2441 mortis
736 2385 863 2441 articulo
884 2387 1045 2456 constituti,
1067 2385 1199 2443 ‘absolui
1218 2396 1374 2458 nequeant.
1413 2381 1574 2443 “Ominibus
1589 2388 1618 2441 et
1631 2385 1741 2456 simpu-

447 2485 484 2541 lis
505 2485 658 2558 utriusque
678 2502 768 2543 senus
788 2485 1045 2559 Cbristifidelibus,
1072 2494 1132 2544 tam
1153 2489 1239 2546 laicis
1261 2503 1349 2560 paam
1373 2488 1506 2554 clericis,
1526 2484 1737 2555 saecularibus,

446 2594 476 2644 et
494 2587 662 2658 quorumvis
677 2589 814 2646 ordinum
836 2589 1036 2661 reputaribm,
1059 2599 1087 2647 et
1101 2591 1169 2648 aliis
1183 2589 1402 2664 plumarumque
1414 2590 1558 2663 personis,
1568 2589 1741 2646 cuiuscun-

448 2814 477 2866 et
499 2824 601 2865 amnes
628 2814 769 2867 aeternum
800 2807 921 2867 valitura
950 2826 1014 2887 qnae
1042 2809 1180 2876 statuitis
1209 2826 1383 2886 persuasum
1411 2807 1496 2868 nobis
1526 2805 1619 2866 vultis.
1666 2805 1740 2876 Quis

447 2909 536 2985 igitur
558 2908 720 2969 adhaerebit
743 2927 822 2969 nuum
845 2908 910 2977 tibi,
935 2928 1000 2970 cirus
1024 2911 1060 2970 sit
1084 2918 1206 2979 certum,
1230 2929 1266 2970 ex
1289 2911 1414 2988 posteris
1436 2901 1603 2988 quempiam
1619 2905 1678 2967 hoc
1692 2909 1775 2967 inm

447 3010 554 3070 (licium
579 2994 661 3070 tuum
683 3009 868 3070 soluturum?
933 3011 1041 3071 ‘Parce
1065 3011 1186 3071 brachio
1209 3010 1357 3078 seculari,
1381 3011 1455 3078 Leo,
1481 3018 1512 3069 nt
1533 3011 1569 3070 sit
1591 3009 1670 3087 qnod
1689 3004 1739 3069 ¹ul·

446 3114 517 3170 timo
540 3117 642 3171 eontra
667 3130 719 3171 rios
742 3111 891 3191 implores.
956 3110 1081 3174 hnuilite
1104 3114 1326 3191 imperatorem!
1349 3112 1458 3191 Ecquis
1480 3130 1497 3171 a
1519 3111 1625 3173 Leonis
1647 3111 1739 3187 igitur

445 3231 539 3291 regno
561 3211 636 3273 liber
659 3216 720 3273 ost?
749 3221 799 3273 aut
822 3232 911 3292 quem
934 3233 992 3273 non
1016 3217 1167 3275 continere
1190 3235 1221 3275 se
1246 3213 1392 3292 unguibus
1414 3215 1475 3272 suis
1498 3212 1545 3273 ille
1574 3212 1674 3290 putat?
1701 3213 1739 3271 m

445 3323 474 3375 te
497 3316 651 3383 convenio,
676 3321 776 3393 pastor
798 3315 873 3384 Leo,
897 3315 965 3392 quid
988 3316 1171 3377 secularibus
1193 3316 1325 3394 implicas
1347 3325 1375 3375 te
1391 3316 1528 3391 negotiis,
1553 3315 1603 3393 qui
1618 3313 1737 3373 Christo

351 3426 356 3443 ¹
446 3397 597 3476 militaris?
627 3402 756 3475 Estboc
779 3417 871 3476 sicem
894 3416 1003 3477 Christi
1025 3437 1147 3496 gerere,
1178 3418 1296 3478 trahere
1319 3417 1354 3477 acl
1377 3436 1409 3477 se
1432 3435 1496 3495 quae
1519 3415 1652 3476 Christus
1674 3430 1772 3474 riona

445 3519 594 3595 agnoseit?
659 3518 700 3578 ⁶0
723 3520 947 3579 immanitatem!
971 3521 1096 3580 etiamne
1119 3522 1148 3579 in
1171 3527 1304 3579 mortuos
1326 3519 1393 3578 lieet
1415 3520 1517 3578 saevire
1539 3516 1608 3577 ubit
1639 3515 1737 3585 Quem

445 3620 516 3680 iacis
537 3620 683 3697 tyrannidi
706 3625 763 3680 tuae
786 3619 925 3679 mudum?
990 3619 1070 3680 dlmo
1093 3623 1143 3691 sit,
1174 3629 1203 3681 et
1230 3630 1351 3681 strenue
1379 3619 1506 3679 audeant
1528 3617 1610 3679 multi
1640 3617 1736 3678 ohsae·

443 3723 505 3781 vire
527 3720 588 3780 tibi.
675 3721 786 3781 ‘Etiam
808 3739 876 3788 snas
899 3739 992 3799 nugas
1014 3725 1147 3801 proterit.
1186 3730 1272 3802 atque
1295 3724 1406 3783 utinam
1428 3720 1504 3781 solas
1532 3720 1585 3780 has
1614 3720 1737 3780 concul-

444 3831 533 3882 caret.
601 3818 694 3892 ‘Quas
716 3831 814 3884 tannen
837 3842 1012 3883 emeramus.
1078 3826 1231 3885 ‘Petcnms
1253 3823 1377 3891 absolsi,
1402 3823 1544 3902 siqnidem
1560 3820 1664 3898 ligatos
1679 3840 1736 3882 nos

443 3927 612 3985 sentiemus
679 3923 846 3985 hlincursus
868 3925 991 3987 leoninae
1012 3929 1162 4004 potestatis
1185 3933 1236 3986 est.
1274 3928 1310 3986 m
1325 3945 1394 3986 vero
1411 3926 1523 3986 Domini
1538 3931 1582 3984 est
1596 3939 1772 4000 regnumne

443 4029 556 4104 etipse
579 4025 777 4117 dornirrabitur
800 4029 939 4103 gentium.
978 4030 1060 4106 isque
1083 4028 1170 4107 'sanilo
1193 4035 1260 4105 post
1282 4029 1359 4088 ilicet
1382 4028 1514 4104 ‘nugatus
1536 4025 1646 4094 leonis,
1676 4044 1734 4085 vox

442 4128 540 4189 lemine
564 4135 592 4188 et
614 4128 716 4189 dentes
740 4129 903 4190 catulorum
927 4130 1045 4190 leonum
1069 4130 1186 4189 contriti
1202 4129 1287 4189 sunt'.
1318 4130 1354 4189 Et
1376 4131 1443 4208 qnia
1459 4129 1668 4207 Hieronymum
1685 4147 1734 4188 so·

442 4229 524 4290 lebas
546 4237 650 4290 testem
674 4229 927 4299 obtineremus,
957 4232 1024 4291 audi
1048 4231 1117 4309 quid
1141 4231 1176 4290 cle
1200 4231 1255 4290 hoe
1278 4232 1376 4307 rugitu
1400 4239 1450 4290 tuo
1478 4229 1590 4293 sentiat,
1636 4229 1734 4290 ‘Vide-

443 4330 515 4392 mus'
541 4334 634 4408 inquit
657 4332 817 4409 ‘Principes
840 4332 970 4393 ecclesiae
993 4334 1030 4391 ita
1053 4333 1081 4391 in
1105 4332 1254 4392 subiectos
1275 4331 1400 4411 populos
1423 4331 1579 4401 detonare,
1610 4338 1639 4391 et
1662 4351 1734 4392 soce

441 4436 592 4511 tyrarrnica
616 4434 782 4512 ruptilisquo
805 4437 942 4494 comiciis
965 4433 1080 4512 plebem
1105 4442 1273 4502 conterere,
1299 4442 1404 4494 utnon
1420 4441 1567 4512 pastorem
1584 4434 1768 4512 inpage„

441 4535 491 4593 soil
515 4535 630 4595 lenirem
654 4537 729 4596 inter
752 4537 878 4597 oriculas
901 4535 1055 4616 putcmus'.
1094 4535 1198 4597 Nonne
1220 4537 1309 4614 igitur
1332 4534 1504 4595 obturando
1527 4533 1611 4597 nobis
1627 4544 1732 4596 eontra

509 4757 528 4789 ¹⁹
546 4765 577 4807 ut
594 4759 627 4808 do
646 4761 758 4808 laternis
777 4758 851 4806 etin
870 4757 1062 4822 sempiternum
1083 4753 1210 4806 valituris
1227 4755 1337 4821 legibus
1356 4756 1440 4806 etiam
1453 4739 1637 4820 Imperatores
1656 4762 1684 4806 at
1697 4757 1732 4807 da

440 4842 542 4893 divinis
555 4844 612 4893 auis
624 4843 744 4893 oraculis
757 4841 939 4906 loquebantur
951 4841 1024 4891 olim.
1061 4839 1083 4872 ²⁴
1102 4842 1138 4890 cl.
1153 4841 1254 4891 Daniel
1268 4841 1329 4890 VII.
1345 4839 1384 4890 m.
1420 4839 1442 4872 ²⁸
1461 4842 1497 4889 et.
1512 4854 1554 4891 ev.
1568 4833 1730 4893 scedarum

440 4927 604 4993 xt1.3t.sq.
640 4925 917 4977 ”Psstnuxxtsttt
954 4925 974 4957 ³¹
994 4924 1271 4990 Rugit.]10u1v.10.
1313 4923 1596 4989 ³¹inquitis-omunia
1610 4927 1730 4990 Sophon.

440 5028 464 5061 c.
479 5012 528 5060 111.
543 5012 595 5074 (ed.
611 5014 678 5063 Ben.
692 5013 739 5065 VI.
752 5028 779 5077 p.
791 5010 910 5075 ilteq.)
929 5012 1032 5060 Locum
1052 5011 1211 5059 exhibemus
1229 5010 1302 5058 infra
1321 5025 1347 5075 p.
1360 5009 1419 5059 3²7.
