4300 6059
505 701 574 772 112
595 732 716 767 arrosus
729 731 766 765 uu
776 731 922 766 rnrucrres
936 730 1062 766 oriemur
1076 730 1187 765 sutura
1200 728 1299 764 ruscis
1312 727 1452 764 rursum
1464 714 1782 792 accumbendum)

500 886 548 946 his
569 887 619 964 qui
642 885 720 964 quod
742 886 797 963 ipsi
819 884 896 945 ultro
924 884 1111 954 abiecerunt,
1139 899 1246 961 magno
1274 885 1433 945 aliis'usui
1461 903 1525 944 esse
1553 884 1660 953 rident.
1705 884 1781 945 rum

501 987 573 1049 illud
595 988 684 1049 credo
707 988 827 1057 furcis,
851 987 953 1066 quales
975 987 1075 1067 quales
1097 995 1180 1057 sunt,
1210 1005 1366 1047 commuue
1391 986 1544 1047 uobiscum
1567 1005 1632 1047 esse
1655 993 1686 1045 ut
1709 988 1784 1047 sicut
1853 980 1861 995 '

501 1091 725 1171 propensiorem
746 1090 777 1148 iu
798 1097 955 1149 strennuos
976 1089 1225 1158 misericordiam,
1247 1090 1286 1149 ita
1309 1088 1468 1158 districtius
1490 1090 1520 1147 in
1543 1088 1659 1147 timidos
1681 1088 1782 1148 odium

433 1189 590 1252 §.uiuant
628 1190 774 1261 Quorsum
796 1190 877 1251 hee?
909 1192 946 1252 Ut
972 1190 1257 1269 praeposterossillus
1279 1188 1463 1250 consultores
1483 1208 1506 1249 a
1530 1188 1610 1249 robis
1631 1187 1782 1266 ablegetis‚

502 1293 609 1354 nedum
638 1310 697 1352 non
719 1291 843 1351 audiatis
864 1311 899 1352 ee
920 1296 1101 1372 sequamini:
1124 1292 1196 1352 nihil
1219 1292 1427 1354 Germauitatis
1446 1291 1611 1351 istiusmodi
1631 1292 1784 1351 suasiones
1806 1309 1819 1345 s

500 1397 632 1473 sapiunt,
655 1395 765 1454 idcireo
788 1413 855 1456 cum
876 1395 945 1454 suis'
959 1394 1134 1455 authoribus
1156 1402 1319 1454 extremum
1342 1392 1577 1453 contemnendae:
1607 1393 1677 1471 quid
1705 1395 1784 1453 enim

501 1497 584 1557 fertis
606 1497 728 1573 eosqui
750 1494 877 1556 dedecus
899 1504 1068 1575 proponunt
1090 1501 1120 1557 et
1140 1497 1176 1556 ad
1198 1496 1347 1555 infamiam
1369 1494 1499 1554 ducunt?
1532 1496 1603 1572 quin
1631 1513 1712 1554 arma
1734 1513 1784 1554 su·

433 1600 580 1660 §.unitus
602 1606 631 1659 et
652 1596 792 1675 populum
816 1597 1011 1659 Christianum
1033 1586 1114 1658 metu
1136 1617 1170 1658 ac
1184 1596 1317 1677 periculo
1333 1595 1459 1657 liberum
1473 1595 1609 1658 redditis!
1632 1595 1692 1656 lam
1714 1597 1784 1656 huic

500 1718 676 1763 succurrere
696 1699 818 1769 morbo,
841 1699 897 1760 hue
920 1702 1092 1775 extinguere
1114 1700 1282 1760 incendium
1297 1697 1379 1758 licet:
1403 1700 1487 1758 sinite
1503 1696 1627 1759 ulterius
1640 1700 1780 1775 grassari,

501 1803 607 1862 furstra
630 1801 804 1862 medicinam
826 1801 1034 1871 adhibueritis,
1058 1803 1166 1862 frustra
1190 1801 1295 1861 valenti
1310 1800 1386 1860 malo
1404 1819 1454 1861 vos
1469 1801 1680 1879 opposueritis:
1702 1814 1818 1858 sum-ro
1877 1869 1887 1892 ι

501 1923 581 1966 mum
603 1906 632 1963 iu
655 1921 736 1963 mora
759 1902 938 1981 periculum,
961 1903 1114 1963 manifesta
1137 1905 1168 1961 iu
1190 1904 1375 1963 cunctatione
1397 1890 1564 1981 pernicies
1598 1903 1693 1980 Atque
1719 1903 1782 1966 ista.

499 2007 524 2066 si
546 2006 616 2083 quid
638 2004 808 2079 infeliciter,
832 2022 998 2083 quanquam
1021 2004 1131 2090 laetiqra
1155 2007 1284 2072 omiuor,
1308 2005 1452 2064 tamensi
1475 2004 1544 2082 quid
1566 2000 1720 2064 infeliciter
1735 2022 1784 2063 ca-

418 2179 419 2182 *
500 2107 563 2175 dal,
593 2095 703 2185 quanto
726 2106 811 2166 uobis
834 2124 920 2184 quam
940 2106 1003 2166 aliis
1026 2107 1127 2166 durior
1150 2107 1277 2167 conditio
1300 2107 1360 2167 est?
1382 2106 1526 2185 siquidem
1542 2125 1558 2165 a
1574 2103 1663 2166 Gallis
1677 2123 1783 2165 aurum

499 2216 599 2289 sperat
619 2209 732 2277 Terra,
761 2214 861 2285 sperat
889 2227 905 2268 a
933 2207 1088 2277 Dalmatis,
1117 2207 1263 2283 lluugaris
1293 2214 1323 2267 et
1350 2207 1481 2287 illyrico,
1511 2227 1526 2268 a
1550 2208 1702 2269 Germanis
1724 2225 1783 2266 nou

500 2319 613 2392 sperat;
636 2311 713 2370 idem
738 2327 857 2385 magnas
879 2309 967 2370 ltaliae
990 2328 1060 2388 opes
1083 2329 1117 2369 ao
1138 2308 1192 2370 soli
1215 2309 1395 2370 fertilitatem
1407 2310 1515 2378 inhiat,
1538 2309 1692 2370 horridum
1708 2312 1819 2371 Ger-¹⁵
1873 2348 1893 2393 0

433 2416 606 2477 §.eumeniae
628 2412 732 2472 caelum
754 2412 871 2487 refugit.
916 2411 1010 2472 ubiuis
1036 2397 1134 2489 potior
1160 2411 1201 2471 illi
1230 2429 1316 2489 quam
1346 2413 1393 2472 hic
1422 2410 1556 2472 lucrandi
1583 2429 1666 2489 spes;
1695 2417 1784 2489 atque

500 2517 587 2592 igitur
611 2514 712 2574 durius
734 2513 853 2596 babebit
869 2533 926 2575 eus
950 2515 1041 2573 fictur
1063 2511 1112 2573 ille
1133 2515 1183 2590 qui
1205 2533 1236 2574 se
1259 2515 1380 2587 minoris
1402 2515 1561 2574 rediment:
1584 2531 1654 2573 saue
1674 2513 1783 2593 praedae

500 2617 621 2678 ubertas
642 2616 760 2676 victuris
780 2616 856 2675 iram
878 2615 964 2685 lenit,
987 2617 1037 2693 qui
1060 2623 1139 2675 tanto
1162 2617 1258 2676 miuus
1280 2616 1394 2689 occidet
1415 2624 1523 2695 quanto
1545 2614 1706 2692 spoliorum
1721 2633 1784 2674 am·

500 2718 577 2798 plius
600 2719 740 2795 consequi
761 2716 1044 2785 licebit;.saliabuut
1066 2718 1128 2777 brec
1151 2717 1284 2777 hostilem
1307 2720 1469 2787 avaritiam,
1493 2725 1521 2778 et
1543 2735 1670 2795 quorum
1692 2735 1783 2795 pecu·

498 2823 577 2882 niam
599 2819 765 2888 abstulerit,
790 2818 873 2880 facile
896 2818 982 2879 vitam
1004 2821 1089 2879 siuet.
1134 2826 1267 2879 nostrum
1290 2820 1359 2897 quid
1382 2819 1459 2880 aliud
1482 2821 1553 2898 petit
1574 2837 1662 2898 mam
1683 2821 1817 2889 vitamst

432 2933 589 3002 §.requam
611 2922 801 2998 sanguinem?
835 2922 916 2982 Adde
943 2922 1014 2991 hoc,
1043 2921 1120 2998 qued
1149 2940 1207 2981 non
1234 2922 1275 2981 illi
1304 2923 1400 2982 minus
1427 2937 1514 3000 quam
1542 2928 1689 2982 terrarum
1717 2921 1783 2983 orbi

499 3042 674 3104 persuasum
697 3031 740 3083 est
762 3023 1013 3084 bellicosissimam
1037 3041 1102 3084 csse
1124 3022 1201 3083 hanc
1216 3026 1379 3093 nationem,
1403 3031 1519 3102 gentem
1529 3023 1715 3092 indomitam,
1737 3025 1783 3082 iu·

500 3126 679 3187 vincibilem:
708 3126 780 3187 nolit
801 3127 888 3203 igitur
910 3142 1065 3201 superesse
1088 3143 1164 3202 quos
1185 3127 1298 3194 timeat,
1326 3125 1398 3185 nolit
1425 3127 1521 3186 virere
1548 3144 1564 3186 a
1593 3124 1700 3202 quibus
1727 3125 1783 3185 sibi

500 3235 595 3289 meurs
616 3230 670 3297 sit,
688 3227 765 3287 molit
785 3228 945 3305 perniciem
967 3228 1081 3304 imperii
1104 3229 1149 3286 sui
1170 3226 1347 3288 incolumem
1370 3229 1457 3288 essct·
1473 3217 1550 3288 v'olet
1571 3227 1650 3288 bene
1665 3235 1782 3287 erutum

500 3328 699 3410 periculorum
721 3347 843 3390 suorum
871 3330 994 3398 fontem,
1026 3328 1104 3389 volet
1129 3329 1206 3389 hauc
1235 3331 1407 3408 extirpatum
1433 3330 1632 3390 calamitatum
1660 3348 1779 3390 suarum
1791 3343 1818 3381 ²⁵

500 3434 643 3500 radicem
667 3440 695 3493 et
716 3430 768 3491 ubi
789 3431 880 3491 semel
902 3431 991 3508 (quod
1014 3431 1087 3491 deus
1109 3435 1228 3507 avertat)
1251 3432 1385 3492 occidere
1406 3433 1435 3492 in
1458 3430 1543 3492 nobis
1565 3433 1699 3509 eoeperit,
1723 3449 1783 3492 non

501 3534 625 3599 cessabit
647 3534 741 3594 donec
764 3552 886 3612 usquam
908 3540 1045 3611 suppetet
1067 3529 1138 3593 caedi
1160 3535 1297 3602 materia;
1320 3552 1380 3593 nun
1395 3535 1524 3612 patietur
1543 3550 1698 3595 remanere
1720 3542 1782 3594 mh·

388 3672 403 3695 1
501 3637 598 3698 lorum
620 3655 740 3697 suorum
763 3654 879 3703 semeu;
902 3633 1016 3696 auferet
1037 3653 1124 3695 omne
1147 3637 1260 3697 timoris
1281 3638 1326 3696 sui
1348 3637 1709 3704 fomentum-extinctum
1733 3654 1783 3696 ro-

433 3739 543 3802 §.etet
564 3758 580 3801 a
603 3758 677 3817 quo,
700 3738 724 3796 si
746 3745 875 3806 maneat,
898 3745 1009 3798 metum
1031 3738 1087 3798 sibi
1109 3737 1239 3798 futurum
1261 3740 1358 3799 scutit.
1402 3736 1617 3808 Quamobrem,
1646 3745 1678 3798 ut
1700 3739 1782 3816 prius

500 3842 615 3911 monui,
645 3858 704 3899 uon
732 3839 774 3899 sic
801 3846 899 3917 putate
926 3838 1007 3899 illum
1035 3841 1134 3900 venire
1162 3841 1198 3900 ad
1232 3859 1286 3899 nos
1308 3848 1342 3900 ut
1362 3841 1500 3917 imperet;
1531 3841 1622 3909 venit,
1645 3842 1737 3910 venit,
1761 3854 1816 3900 oso

498 3945 663 4024 principes,
687 3948 718 4002 ut
741 3941 867 4010 occidat,
889 3947 922 4001 ut
941 3941 1064 4020 iugulet,
1090 3950 1121 4003 ut
1142 3942 1310 4009 interficiat,
1333 3949 1369 4001 ut·
1388 3943 1588 4011 excarnificet,
1614 3949 1647 4001 ut
1669 3960 1705 4002 ex
1728 3960 1781 4002 no-

501 4055 562 4106 stro
590 4045 708 4106 interitu
735 4042 912 4121 voluptatem
941 4045 1049 4123 capiat,
1085 4043 1320 4123 quandoquidem
1354 4019 1401 4104 αι’
1417 4045 1535 4104 victoria
1565 4043 1692 4104 fructum
1721 4061 1781 4104 nou

501 4153 615 4227 sperat;
638 4147 729 4215 veuit,
758 4152 790 4206 ut
812 4163 865 4204 nos
887 4147 1061 4224 pessundet,
1090 4151 1207 4207 nostras
1229 4163 1337 4206 uxores
1358 4145 1485 4207 ludibrio
1513 4145 1633 4214 babeat,
1664 4152 1783 4206 nostros
1863 4181 1882 4218 0

501 4248 612 4310 liberos
633 4246 810 4325 strangulet;
833 4249 925 4319 venit,
947 4248 1022 4327 proh
1046 4248 1174 4317 Christe,
1197 4256 1230 4308 ut
1250 4253 1343 4308 totum
1365 4250 1481 4327 penitus
1502 4248 1711 4309 Germanicum
1731 4267 1782 4327 ge-

433 4359 559 4412 mimus
581 4351 730 4427 extinguat
750 4368 785 4410 uc
807 4348 910 4410 deleat.
955 4350 1017 4420 ille,
1048 4352 1214 4430 principes,
1240 4349 1290 4410 ille
1313 4351 1443 4428 quinon
1470 4350 1586 4428 pueris,
1615 4367 1674 4410 nou
1703 4352 1816 4412 seni-³⁵

502 4451 571 4522 bus,
594 4469 655 4511 nou
675 4451 848 4523 mulieribus
869 4453 919 4529 qui
940 4453 1042 4529 parcit,
1562 4524 1565 4530 1

667 4561 768 4613 nauum
788 4559 855 4613 aute
878 4570 929 4612 ore
952 4555 1061 4630 patris,
1084 4560 1198 4632 patrem
1220 4556 1271 4632 qui
1292 4552 1449 4616 obtruncat
1469 4537 1507 4615 ad
1528 4571 1609 4623 aras;
1702 4575 1705 4581 ’

502 4657 559 4735 qui
571 4656 687 4733 sepium
713 4654 786 4733 palis
813 4654 958 4716 inlautum
985 4673 1110 4734 corpora
1138 4654 1262 4734 subigit3
1290 4657 1340 4735 qui
1366 4676 1383 4718 e
1410 4658 1624 4735 pregnantium
1652 4665 1781 4718 mahom

568 4874 737 4939 ⁴ablegetis
750 4877 775 4924 2.
792 4875 841 4923 aed
851 4889 919 4923 corr.
933 4875 983 4936 ds.
1023 4874 1226 4926 ‘autoribusd
1273 4875 1293 4907 ¹²
1307 4874 1393 4926 iufoel.
1407 4879 1430 4926 1.
1444 4883 1469 4925 et
1485 4879 1522 4926 eie
1539 4877 1565 4926 r'n
1575 4893 1615 4942 sq.
1652 4875 1780 4929 ”condi-

503 4961 547 5010 cio
559 4963 583 5011 1.
634 4956 689 5008 ²²3³
705 4957 875 5007 invicibilem
888 4960 914 5006 4.
952 4954 974 4988 ²⁴
992 4948 1090 5023 ipoeui
1106 4977 1161 5026 ego.
1201 4959 1222 4992 ⁸⁵
1241 4959 1480 5025 illeluthrrh'us.
1516 4959 1538 4993 ⁸⁷
1555 4966 1649 5011 netum
1663 4962 1780 5030 mures]

502 5042 709 5109 Verg.AEn.IL
722 5039 782 5091 663.
832 5040 853 5071 ³⁸
869 5043 1062 5107 pregnantium
1080 5049 1136 5096 1.2.
1764 5069 1766 5072 >
