4300 6059
521 682 568 754 18
666 713 789 750 narratu
807 713 837 749 11!
856 714 1001 750 vomenta(
1020 713 1297 749 wrnrsnrsttonssmt
1315 714 1418 749 omnmo
1437 715 1455 749 1.
1481 714 1546 750 EST.
1560 713 1584 749 A.
1601 708 1659 750 1515.

450 868 604 928 §.at-iobis
633 871 753 929 minime
780 870 832 936 sit,
861 871 910 947 qui
935 869 1127 930 sic'aifectus
1153 878 1211 936 est,
1235 869 1305 948 quid
1332 876 1489 930 mereatur.
1531 870 1592 930 lam
1614 869 1683 930 illud
1707 878 1804 930 autem

519 968 607 1050 qnam
629 989 688 1030 non
707 970 929 1049 suspicandum,
953 971 1030 1050 quod
1050 970 1221 1032 obiecturus
1240 971 1395 1037 interfecto
1410 973 1521 1032 crimen
1539 972 1593 1031 sill
1616 972 1678 1041 cui,
1701 970 1804 1049 siquod

519 1072 622 1141 babet,
647 1092 699 1133 cur
718 1081 768 1133 aut
790 1092 848 1133 non
872 1082 938 1134 ante
960 1074 1069 1134 caedem
1092 1073 1214 1143 obiecit,
1238 1080 1288 1134 aut
1308 1073 1358 1133 ubi
1380 1075 1536 1133 commisso
1558 1071 1716 1134 homicidio
1737 1090 1802 1150 pas·

519 1174 573 1233 sior
595 1175 723 1253 primum
746 1175 821 1236 rnale
844 1175 980 1236 audiebat
1000 1177 1259 1237 commemoravit?
1281 1182 1331 1235 aut
1352 1176 1377 1234 si
1399 1174 1535 1252 pudenda
1557 1181 1601 1237 est
1623 1175 1722 1252 culpa,
1751 1193 1805 1234 cnr

518 1274 634 1353 culpam
654 1285 755 1346 vocat,
779 1296 866 1357 quam
888 1277 1050 1356 impingere
1072 1296 1131 1338 noo
1154 1278 1260 1339 audet?
1282 1276 1381 1345 lllum,
1409 1277 1434 1337 si
1460 1248 1643 1355 deliquisset,
1670 1279 1824 1337 accusaris

519 1378 605 1456 plane
627 1386 677 1437 aut
699 1397 782 1438 reum
805 1380 851 1455 agi
874 1381 1018 1457 oportuit:
1034 1381 1134 1449 ,buum
1163 1380 1186 1438 si
1207 1381 1236 1439 in
1259 1385 1420 1440 merentem
1443 1364 1675 1439 animadvertere
1699 1376 1804 1439 voluis·

519 1488 578 1549 set,
601 1487 630 1539 et
650 1482 692 1540 ira
715 1500 838 1541 saeuum
862 1498 925 1541 esse
949 1490 1031 1542 etex
1052 1481 1152 1558 legum
1174 1480 1231 1541 boe
1253 1480 1425 1558 praescripto
1445 1481 1565 1560 exequi:
1586 1487 1615 1541 at
1637 1498 1733 1559 oeque
1756 1498 1804 1539 ac·

519 1583 629 1642 cusarit
647 1600 749 1651 reatus,
774 1590 801 1642 et
823 1584 930 1643 indicta
952 1601 1038 1644 causa
1059 1585 1172 1644 necavit
1194 1589 1223 1643 et
1244 1582 1278 1642 ad
1294 1579 1389 1642 nullas
1403 1582 1483 1659 leges
1500 1584 1642 1661 respexit,
1663 1601 1718 1644 neo
1736 1600 1803 1661 per-

452 1683 639 1745 §.seiunctos
660 1684 819 1763 parricidio
842 1685 926 1744 irasci
943 1684 1060 1745 destitit.
1099 1686 1208 1746 lterum
1230 1685 1320 1762 igitur
1342 1683 1408 1744 dico
1430 1682 1511 1754 ‘Onia
1529 1686 1620 1746 veniae
1641 1684 1726 1745 locos
1742 1685 1803 1745 esti

519 1795 569 1846 arrt
590 1787 668 1846 uude
690 1787 884 1846 miserationis
907 1788 1091 1847 occasionem
1111 1784 1284 1866 arripietisl'
1313 1784 1378 1845 Non
1401 1786 1492 1848 babes
1514 1806 1574 1865 quo
1595 1794 1624 1847 te
1654 1786 1801 1865 expedias,
1813 1802 1837 1841 to

520 1888 665 1948 carnifex:
689 1888 784 1948 fassus
803 1907 836 1947 es
858 1887 1011 1957 delictum,
1035 1886 1219 1968 promulgata
1241 1895 1286 1948 est
1309 1886 1408 1965 eulpa:
1438 1907 1513 1949 novo
1537 1897 1565 1949 et
1587 1888 1717 1949 inaudito
1739 1905 1802 1948 sce·

519 1991 580 2051 lere
602 1990 729 2069 polluisti
752 1990 954 2059 Germaniam:
985 1991 1121 2051 omnibus
1141 1992 1252 2051 invisus
1274 2008 1321 2058 es,
1349 1992 1531 2067 perniciosus
1558 1990 1664 2050 multis.
1708 1987 1803 2050 indul·

518 2099 580 2152 tann
604 2094 673 2152 satis
691 2093 801 2151 ferrari:
830 2091 899 2152 binc
921 2091 1111 2153 abducendus
1133 2112 1165 2151 es
1185 2093 1216 2152 in
1240 2108 1346 2151 caecam
1374 2089 1499 2170 aliquam
1524 2100 1552 2153 et
1580 2091 1803 2154 subterraneam

518 2194 657 2262 donmm,
682 2193 733 2254 ubi
754 2200 783 2254 te
806 2211 864 2253 non
887 2196 1037 2272 contingat
1059 2192 1137 2254 illios
1159 2193 1228 2255 solis
1249 2192 1363 2262 lumen,
1392 2195 1442 2272 qui
1469 2212 1501 2254 se
1530 2195 1588 2253 tuis
1615 2193 1803 2254 sceleratissi-

520 2298 576 2355 mis
597 2293 760 2356 soeleribus
775 2294 864 2374 pollui
880 2303 974 2373 putat,
998 2294 1047 2357 ubi
1068 2297 1124 2355 situ
1143 2315 1178 2356 ac
1198 2294 1316 2373 paedore
1339 2296 1490 2355 confectus
1506 2294 1583 2356 illam
1603 2297 1688 2356 vitam
1707 2295 1801 2361 finias,
1814 2311 1838 2350 ¹5

451 2405 586 2476 §.mque
608 2397 662 2456 diis
684 2396 897 2457 immortalibus
918 2397 1032 2467 odiosa,
1057 2397 1185 2456 bumauo
1205 2398 1307 2473 generi
1326 2399 1488 2474 perniciosa
1508 2404 1560 2458 est.
1598 2397 1727 2459 Debetur
1748 2396 1804 2456 boc

520 2506 572 2559 bro
593 2498 748 2578 profligato
776 2499 895 2567 sceleri;
929 2500 1053 2561 debetur
1081 2499 1168 2560 buius
1194 2501 1321 2559 nationis
1349 2500 1524 2575 integritati:
1559 2498 1683 2560 debetur
1710 2497 1803 2565 robis,

520 2601 622 2668 Saevi,
647 2600 753 2679 quibos
775 2601 968 2662 auferendum
992 2608 1036 2662 est
1057 2600 1115 2662 boc
1136 2600 1313 2678 probrosum
1336 2607 1438 2679 eaput,
1461 2604 1510 2681 qui
1534 2600 1711 2663 exonerandi
1734 2602 1804 2661 estis

520 2703 639 2780 indigno
661 2700 743 2762 robis
764 2704 846 2780 iugo,
871 2702 976 2782 quibus
999 2703 1152 2763 adimenda
1174 2711 1218 2764 ost
1245 2703 1369 2763 servitus
1394 2704 1441 2764 isti
1462 2703 1588 2765 libertati
1616 2704 1734 2763 minime
1753 2701 1803 2762 de-

519 2802 587 2863 bita.
633 2802 708 2872 Quid
730 2805 920 2881 ingemiscitis
941 2805 1088 2884 perculsi-‘t
1110 2812 1160 2864 aut
1179 2805 1247 2884 qnid
1270 2823 1329 2864 non
1348 2804 1482 2865 obscuris
1499 2806 1838 2884 emptam-orationemta

520 2906 652 2985 suspiriis
673 2905 860 2984 interpellare
883 2908 1023 2986 pergitis?
1043 2908 1127 2984 quasi
1149 2925 1203 2966 nos
1224 2905 1264 2966 illi
1285 2908 1444 2985 equitatum
1464 2906 1533 2968 olim
1549 2907 1723 2976 miserimus,
1746 2924 1804 2984 quo

452 3007 598 3068 §.santam
621 3010 719 3087 potius
738 3010 887 3075 iniuriam,
911 3028 997 3088 quam
1018 3011 1065 3069 ius
1086 3008 1238 3088 publicum
1261 3015 1402 3070 tueretur.
1445 3009 1476 3069 Si
1499 3010 1564 3088 quis
1586 3026 1685 3079 error,
1708 3008 1803 3076 Saevi,

520 3109 752 3188 imprudentium
775 3117 833 3170 ost:
859 3129 912 3170 nos
933 3113 1011 3172 onim
1034 3129 1093 3171 non
1113 3115 1215 3173 contra
1235 3119 1345 3172 vestras
1366 3109 1499 3171 fortunas
1519 3129 1601 3172 arma
1622 3111 1692 3171 boio
1713 3110 1804 3171 admi·

519 3214 720 3278 nistrarimus,
742 3212 792 3273 sed
816 3220 848 3273 ut
871 3231 1115 3292 componeremus
1136 3212 1335 3292 periculosum
1359 3213 1523 3274 Germaniae
1545 3219 1671 3282 motum;
1700 3219 1729 3272 et
1747 3211 1804 3271 boc

520 3321 599 3374 certe
621 3319 761 3393 quantum
784 3332 838 3391 por
859 3333 914 3374 nos
935 3315 998 3376 fieri
1020 3317 1129 3395 potuit,
1158 3317 1220 3376 sine
1242 3315 1372 3375 omnium
1398 3316 1518 3384 iniuria:
1549 3333 1613 3395 qua
1641 3316 1839 3393 insequutaas

521 3433 579 3477 non
603 3422 711 3474 nostrae
730 3417 955 3487 misericordiae,
986 3417 1038 3480 sed
1067 3416 1143 3478 illius
1169 3417 1369 3495 perversitatis
1392 3425 1476 3476 sunt:
1509 3418 1656 3494 suppetias
1684 3414 1804 3476 tulimus

521 3536 608 3578 omne
630 3517 758 3605 ditinum
779 3525 865 3597 atque
887 3519 1047 3580 humanum
1069 3518 1240 3597 imploranti
1260 3518 1414 3589 auxilium,
1438 3518 1546 3596 optimo
1567 3517 1617 3578 sed
1634 3517 1712 3595 quod
1729 3515 1804 3578 male

452 3632 511 3683 §.sn
522 3621 609 3680 cessit
629 3622 790 3697 proposito.
828 3621 871 3680 'At
897 3623 994 3688 euius,
1024 3622 1129 3697 agite,¹
1145 3621 1247 3680 maiori
1275 3637 1362 3697 qoam
1385 3627 1485 3681 nostro
1504 3619 1552 3681 bic
1573 3618 1650 3679 malo
1672 3625 1805 3680 servatus

519 3724 580 3782 est?
612 3740 648 3782 en
677 3722 786 3782 arealem
817 3730 845 3791 et
872 3723 1041 3791 orbitatem,
1072 3722 1149 3801 quod
1178 3721 1303 3782 reddidit
1328 3721 1533 3782 liberatoribus
1560 3722 1621 3781 suis
1640 3722 1803 3798 prmmium.

519 3825 629 3883 utinam
652 3810 862 3903 quievissomus
884 3827 1086 3904 potiusquam
1109 3824 1185 3885 istud
1212 3823 1296 3884 nobis
1315 3825 1445 3884 omnium
1467 3823 1545 3883 bono
1566 3823 1838 3885 conciliassemusoo

520 3923 650 3985 maluml'
667 3931 747 3985 certe
770 3927 845 3986 onim
871 3944 902 3987 ea
925 3926 1006 3987 illum
1026 3928 1182 4004 impunitas
1196 3927 1231 3986 ad
1248 3925 1384 3987 uberiora
1400 3926 1595 4003 perpetranda
1611 3924 1722 3985 scelera
1740 3943 1805 3985 mu·

516 4028 604 4095 nisit,
628 4034 714 4106 atque
736 4028 805 4088 binc
828 4028 883 4090 sibi
907 4030 1015 4107 ptrrmvit
1035 4029 1071 4090 ad
1092 4029 1256 4107 turpissima
1282 4028 1495 4106 foedissimaque
1514 4029 1610 4087 omnia
1627 4026 1805 4105 patefactum

417 4142 428 4179 t
452 4129 648 4191 catalitani:
672 4131 770 4189 statim
792 4132 869 4191 enirn
893 4139 924 4190 ut
938 4132 968 4191 in
988 4130 1215 4190 dominationem
1232 4138 1276 4190 est
1296 4129 1460 4201 restitutus,
1483 4129 1597 4208 aperuit
1612 4115 1693 4201 sese,
1710 4138 1804 4190 restra

520 4228 596 4289 bona
617 4230 772 4308 diripiens,
796 4239 905 4292 vostras
928 4233 1060 4293 fortunas
1083 4231 1229 4309 affligem,
1263 4232 1382 4292 aedifrcia
1405 4231 1582 4301 demoliens,
1613 4230 1707 4291 bonos
1729 4232 1805 4292 cives

520 4335 625 4411 partim
648 4333 733 4394 exilio
756 4336 860 4411 partim
884 4353 956 4394 arceo
978 4336 1117 4412 puniens,
1140 4353 1195 4412 per
1216 4335 1381 4394 universam
1404 4334 1529 4412 denique
1550 4341 1658 4394 terram
1676 4333 1839 4393 caedoacas

452 4484 458 4494 .
520 4436 621 4512 rapina
644 4435 778 4495 saeviens:
800 4437 873 4496 adeo
894 4435 1023 4496 omnium
1047 4437 1215 4516 opinionem
1240 4434 1384 4496 fefellerat
1403 4435 1569 4496 simulatum
1588 4454 1621 4495 ac
1641 4434 1805 4495 dissimula-

519 4544 583 4596 tum
605 4539 724 4616 pessimi
745 4539 910 4616 ingenium:
934 4538 961 4597 id
984 4538 1069 4616 ‹parod
1085 4556 1144 4598 non
1166 4556 1270 4616 parum
1291 4537 1326 4597 ad
1348 4536 1435 4597 buius
1456 4536 1670 4597 damnationem
1690 4536 1804 4597 additu·

454 4619 587 4702 §.mrum
611 4647 691 4717 puto.
735 4639 796 4699 lam
826 4640 902 4699 euim
924 4639 1058 4700 ‹lulritarc
1081 4640 1236 4700 Germania
1264 4657 1321 4699 non
1347 4646 1443 4719 potest
1468 4638 1536 4717 quid
1564 4638 1600 4699 de
1624 4637 1757 4707 bomine,
1781 4641 1805 4698 si

587 4859 664 4910 ⁸eur
683 4866 731 4910 orat
748 4857 813 4926 non}
841 4861 921 4910 malim
944 4874 992 4909 erar
1015 4875 1068 4909 non
1093 4866 1152 4921 ont,
1178 4864 1227 4910 nini
1248 4876 1302 4909 non
1325 4866 1384 4908 ante
1412 4859 1634 4910 commemoravit
1660 4841 1803 4922 repetatur.

519 4944 658 4995 ⁴audiret
672 4948 694 4994 1.
708 4963 777 4996 corr.
790 4953 819 4995 ll.
881 4944 900 4977 ¹¹
920 4982 926 4994 .
946 4945 1050 4993 1⁴‘oesus
1068 4946 1103 4994 ll.
1157 4945 1395 5011 1“’·1ιοοιὶε1ευ.11.γ
1450 4941 1472 4974 ²¹
1491 4942 1553 4993 olim
1572 4959 1621 4993 aon
1639 4943 1695 4992 dab.
1717 4947 1740 4994 1.
1758 4946 1803 4993 od-

520 5032 574 5082 did.
585 5035 616 5082 H.
667 5027 689 5061 ²⁸
707 5028 821 5095 motum]
839 5031 875 5082 ef.
888 5030 911 5091 ὃ.
925 5029 966 5081 21.
1018 5027 1040 5061 ²³
1058 5030 1186 5081 insecuta
1203 5033 1228 5082 2.
