4300 6059
454 695 518 764 2²
601 723 725 759 EVTTHI
743 722 774 761 ΙΙ
792 724 938 760 VLMCRV!
956 721 1236 758 diuturnorum
1255 720 1358 757 cumo
1376 723 1395 758 1.
1416 721 1479 760 EST·
1493 721 1519 758 Δ.
1535 715 1592 756 tall.
1666 772 1669 777 Ι

455 880 603 940 ‘invictum
626 878 791 942 Germaniae
810 877 918 938 robur!
942 877 1018 948 vale,
1037 876 1143 938 nobilis
1165 878 1296 955 equitnm
1319 877 1407 946 ordo,
1430 878 1513 937 cuius
1535 885 1595 938 tam
1618 878 1740 955 insignis

456 989 502 1041 ‘ex
525 999 571 1040 me
594 979 750 1059 despectus
773 986 818 1040 eat
838 980 989 1059 quaesitus!
1011 978 1103 1040 valete
1124 981 1220 1040 omnia
1243 998 1308 1059 qua
1330 978 1439 1060 ubique
1463 981 1546 1050 estis,
1570 979 1677 1059 quibus
1696 980 1740 1038 in·

385 1096 452 1147 §.voa
465 1083 618 1144 ‘nocentiae
630 1100 702 1142 meae
714 1083 911 1143 testimouium
926 1080 1055 1160 reliquii
1092 1081 1161 1142 llaec
1172 1081 1341 1160 loquentem
1357 1077 1559 1162 illum'liugite,
1572 1098 1739 1160 quanquam

453 1183 590 1263 loquatur
612 1186 674 1262 ipse
696 1190 791 1253 certe;
812 1183 924 1245 ,nunde
947 1183 1016 1262 quid
1043 1202 1094 1245 vos
1121 1190 1250 1244 statuere
1278 1197 1394 1261 aequum
1416 1183 1467 1251 sit,
1499 1184 1632 1261 cogitate.
1672 1200 1740 1243 reus

452 1291 608 1355 tractatur,
627 1286 656 1345 in
677 1286 760 1347 cuius
776 1284 973 1349 incolumitate
988 1287 1083 1347 omnis
1097 1286 1256 1364 pernicies,
1275 1285 1459 1346 damnatione
1474 1304 1541 1346 cum
1558 1303 1673 1347 summo
1690 1300 1765 1346 ve·s

407 1386 412 1404 '
453 1394 515 1448 stro
536 1386 692 1448 commodo
714 1405 826 1449 summa
848 1387 985 1450 honestas
1007 1396 1035 1448 et
1055 1388 1154 1466 le‘gum
1175 1393 1278 1447 natura
1301 1388 1455 1446 cbniuucta
1478 1394 1537 1447 est:
1566 1387 1635 1465 quid
1661 1388 1740 1447 enim

453 1506 512 1548 non
535 1489 733 1558 horrendum,
763 1489 882 1551 crudele
909 1498 938 1551 et
960 1499 1043 1551 atrox
1066 1491 1103 1550 de
1125 1508 1161 1550 eo
1189 1488 1398 1568 suspicandum
1417 1489 1473 1568 qui
1501 1489 1554 1549 ista
1578 1488 1740 1549 commisit?

452 1598 502 1652 aut
524 1591 592 1670 quid
616 1609 675 1650 oon
697 1590 830 1660 audebit,
853 1593 923 1668 quid
946 1609 1003 1651 non
1025 1593 1112 1652 laciet
1133 1594 1171 1662 is,
1194 1592 1219 1650 si
1243 1590 1301 1650 lvoc
1324 1592 1443 1668 impunc
1464 1589 1582 1651 tulerit?
1604 1590 1674 1672 quiid
1688 1608 1740 1651 au·

452 1697 511 1753 tein
534 1693 717 1753 commodius
741 1710 775 1753 ac
798 1692 896 1754 utilius
917 1696 968 1754 toti
991 1695 1155 1756 Germaniae
1174 1710 1261 1772 quam
1284 1699 1316 1752 ut
1338 1693 1465 1769 priuvum
1488 1693 1552 1752 lvaec
1571 1698 1740 1752 amoveatur

453 1793 570 1874 publica
592 1796 697 1872 pestis,
726 1794 784 1855 hoc
806 1797 991 1872 extinguatur
1013 1812 1169 1856 commune
1196 1794 1384 1856 incendium?
1415 1794 1521 1856 deinde
1550 1794 1618 1873 quid
1648 1794 1739 1855 bone·
1752 1812 1776 1854 ro

384 1898 532 1962 §.onustius
551 1915 640 1975 quam
659 1896 810 1958 orantibus
831 1896 917 1958 uobis
939 1896 1074 1966 concedi,
1096 1905 1129 1957 ut
1150 1898 1195 1958 ins
1210 1903 1342 1956 nostrum
1361 1895 1561 1957 obtineamus?
1584 1897 1741 1957 lurisimus

453 2001 605 2070 iuvenem,
628 2000 659 2058 iu
681 2017 739 2078 (pro
761 2017 828 2059 cum
850 2000 955 2060 eximia
982 2001 1115 2077 corporis
1141 1997 1358 2077 pulchritudine
1386 2000 1623 2077 praestantissima
1651 1999 1740 2059 animi

452 2102 544 2161 virtus
566 2101 721 2161 coniuncta
745 2100 814 2160 luit:
844 2119 911 2161 eum
934 2102 988 2161 iste
1010 2102 1212 2170 innocentem,
1243 2100 1351 2183 indicta
1373 2119 1476 2171 carisa,
1510 2099 1590 2161 nulla
1614 2103 1739 2162 interce·

452 2203 539 2264 dente
560 2203 685 2272 eliense,
706 2219 794 2280 quem
819 2203 849 2261 in
871 2179 950 2263 omni
978 2202 1143 2264 ciliciorum
1171 2220 1281 2282 genere
1310 2201 1606 2282 obsequentissimum
1629 2202 1740 2264 babue-

451 2310 513 2373 rat,
537 2323 553 2364 a
577 2305 661 2364 cuius
682 2311 766 2383 patre
787 2311 830 2364 tot
852 2311 990 2384 tantaque
1012 2303 1152 2366 beneficia
1181 2313 1349 2383 acceperat,
1375 2312 1446 2366 tunc
1472 2318 1540 2366 cum
1564 2303 1620 2365 sibi
1647 2306 1773 2366 inser-u

452 2406 540 2472 viret,
561 2403 778 2477 crudelissime,
799 2408 997 2478 atrocissime,
1026 2408 1251 2493 immanissime,
1281 2409 1408 2484 primum
1436 2408 1598 2477 interemit,
1633 2407 1740 2469 deinde

427 2502 601 2567 ‘mortuum
629 2526 747 2586 quoque
774 2507 912 2569 laceravit
939 2527 973 2569 ac
995 2508 1153 2587 suspendio
1180 2508 1323 2570 infamare
1350 2490 1474 2570 conatus
1501 2516 1560 2577 est·;
1587 2517 1740 2588 postremo

383 2623 449 2672 troo.
459 2608 626 2686 petentibus
647 2611 684 2670 ad
707 2609 888 2687 sepulturam
910 2610 995 2671 nobis
1017 2613 1060 2672 sic
1082 2610 1206 2672 coniecti
1232 2629 1340 2689 corpus
1362 2613 1485 2689 negavit.
1531 2611 1563 2670 ln
1586 2610 1642 2670 bac
1660 2619 1740 2672 tauta

450 2711 637 2787 indignitate,
661 2719 740 2773 tanta
763 2711 871 2774 doloris
893 2714 986 2774 nostri
1009 2712 1183 2784 acerbitate,
1206 2712 1284 2790 quod
1306 2732 1342 2773 ex
1365 2712 1480 2790 legibus
1498 2712 1584 2772 nobis
1603 2712 1738 2785 debetur,

450 2814 536 2875 buius
558 2813 733 2892 supplicium
755 2817 897 2893 petimus,
924 2823 1025 2895 teque,
1062 2815 1160 2876 Cesar
1188 2814 1397 2885 Maximiliane,
1433 2832 1571 2885 oramus,
1598 2821 1632 2874 ut
1653 2817 1773 2879 cuiusce

450 2916 498 2977 bic
520 2923 636 2996 tempus
657 2918 779 2978 crimine
802 2919 954 2979 teterrimo
980 2916 1126 2997 nullisque
1154 2926 1221 2978 ante
1246 2916 1345 2978 audito
1375 2915 1489 2978 suculis
1515 2917 1675 2993 insignivit,
1708 2920 1737 2978 in

450 3019 513 3079 eius
532 3017 678 3099 supplicio
701 3017 788 3080 talem
811 3026 839 3081 te
862 3018 962 3090 nobis,
991 3018 1107 3099 qualem
1131 3037 1233 3080 omrres
1255 3026 1322 3080 ante
1341 3018 1459 3098 populi,
1482 3037 1585 3079 omues
1607 3021 1740 3081 nationes

449 3127 679 3201 perspexerunt,
702 3139 819 3200 εειμιιιιιι
834 3122 1140 3200 indicemimpertias;
1166 3140 1289 3201 vosque,
1312 3122 1474 3200 principes,
1498 3127 1531 3182 ut
1545 3139 1672 3200 quorum
1691 3121 1739 3183 bic

451 3222 584 3284 ordinem
612 3222 824 3286 nobilissimum
852 3224 997 3285 dedecore
1026 3226 1104 3302 turpi
1125 3244 1160 3286 ac
1182 3223 1347 3285 detestabili
1368 3222 1605 3294 corumaculavit‚
1637 3243 1688 3284 eos
1708 3227 1738 3285 in

380 3325 514 3390 §.deboc
535 3325 642 3388 iudicio
663 3327 883 3388 existimationis
904 3343 965 3386 sure
986 3327 1114 3387 vindices
1136 3328 1314 3404 experiatur.
1357 3325 1511 3404 Nunquam
1534 3325 1621 3386 alicui
1641 3344 1773 3390 cansaeav

451 3430 542 3516 magis
562 3431 751 3507 patrocinata
771 3436 840 3488 suut
861 3428 957 3506 leges:
985 3429 1056 3507 quid
1086 3430 1163 3489 enim
1184 3428 1262 3488 aliud
1290 3428 1347 3488 illm
1367 3426 1470 3488 volunt
1491 3446 1579 3507 quam
1601 3429 1677 3489 tueri
1700 3428 1738 3489 ab

448 3531 552 3591 iniuria
572 3533 761 3601 innocentes,
790 3532 896 3610 pvuuire
922 3530 959 3590 ob
987 3531 1130 3592 uvalclicia
1152 3530 1321 3608 improbos?
1349 3531 1412 3590 lloc
1441 3547 1505 3600 vos,
1538 3531 1635 3591 caveri
1664 3531 1738 3592 Ger·
1790 3594 1795 3609 ⁸

448 3634 544 3704 mani,
568 3651 804 3702 commonemus,
828 3638 861 3693 ut
883 3634 952 3712 quid
974 3632 1055 3712 leges
1078 3632 1166 3693 velint
1181 3634 1329 3709 cogitetis,
1350 3639 1379 3692 et
1395 3632 1474 3710 quod
1489 3631 1546 3691 illae
1564 3631 1664 3693 volout
1680 3640 1739 3694 sta·

379 3770 383 3777 ·
448 3736 545 3795 tualis.
581 3735 632 3795 setl
656 3736 713 3795 iam
735 3735 899 3811 cogitosus,
923 3738 978 3797 iam
998 3737 1152 3806 statuistis,
1174 3737 1230 3796 ianr
1253 3733 1425 3797 ‹lamnastist
1453 3733 1569 3805 edicite,
1592 3735 1738 3812 proierte;

449 3855 546 3915 neque
567 3838 645 3898 euim
669 3837 855 3898 indemnatus
877 3838 968 3898 videri
987 3845 1099 3915 potest,
1122 3840 1169 3899 cui
1187 3839 1217 3897 iu
1233 3836 1479 3909 nullolxomiouvn
1495 3843 1587 3907 oratu,
1610 3837 1638 3896 in
1657 3837 1773 3900 uullaao

448 3938 590 4000 nobilium
612 3940 841 4018 congregatione
864 3938 946 4000 locus
969 3947 1029 4008 est;
1056 3958 1145 4018 quem
1173 3939 1243 4000 nulli
1274 3958 1332 4018 quo
1362 3938 1444 4016 prius
1466 3937 1594 4016 alloquio
1616 3937 1738 4015 dignan-

448 4048 512 4109 tor,
534 4059 621 4102 nemo
644 4041 764 4111 salutat,
788 4060 874 4102 neruo
897 4041 1039 4120 appellat,
1063 4043 1113 4118 qui
1136 4043 1271 4102 desertus
1291 4049 1335 4101 cst
1355 4040 1391 4100 ab
1408 4040 1559 4110 erunibus,
1582 4041 1739 4117 despectos

448 4144 534 4203 etiam
557 4143 593 4215 ab
617 4145 739 4213 intimis,
768 4163 856 4224 quam
885 4162 989 4205 omnes
1013 4143 1154 4213 oderunt,
1188 4161 1291 4204 omues
1313 4143 1465 4221 indignum
1494 4143 1541 4203 coi
1569 4143 1739 4219 ignoscatur

448 4252 565 4323 potant,
589 4264 678 4325 quem
699 4247 844 4307 victimam
866 4245 1072 4307 innocentibus
1095 4244 1208 4305 umbris
1227 4247 1290 4306 ficri
1312 4244 1478 4324 postulant,
1501 4250 1667 4305 vexatorem
1686 4263 1738 4322 pa·

447 4348 523 4418 lriae,
551 4351 643 4409 nostri
667 4347 779 4409 ordinis
801 4349 998 4426 proditorem,
1025 4349 1120 4408 omnis
1143 4347 1231 4415 iuris,
1263 4349 1394 4408 omniurn
1416 4347 1514 4426 legum
1537 4352 1772 4423 transgresso-as

448 4470 526 4520 rem,
547 4452 678 4512 Suevicae
698 4451 824 4510 nationis
840 4448 951 4518 labem,
976 4449 1155 4530 propudium
1174 4452 1352 4521 Germaniae,
1376 4458 1487 4528 pestem
1505 4448 1592 4508 buius
1612 4450 1735 4526 imperii,

448 4559 617 4631 portentum
637 4547 725 4614 huius
747 4550 855 4613 saeculi.
901 4550 998 4620 Quare
1020 4552 1089 4630 quid
1113 4550 1191 4613 aliud
1213 4569 1264 4612 vcs
1285 4572 1420 4622 exorem,
1444 4568 1533 4630 quam
1554 4557 1587 4610 ut
1607 4550 1636 4610 id
1658 4550 1736 4628 quod

448 4673 481 4715 re
500 4663 558 4723 est,
584 4654 680 4716 verbis
702 4674 820 4736 quoque
843 4652 1051 4730 comprobetis.

513 4843 535 4876 ¹³
552 4843 632 4893 nobis
650 4845 771 4894 deleas.
823 4841 845 4874 ³²
864 4837 1035 4907 rap-ippollat.
1056 4844 1080 4891 i.
1133 4840 1154 4873 ³⁶
1172 4842 1251 4892 buius
1272 4846 1294 4892 l.
1324 4839 1469 4907 praeseutia
1487 4846 1516 4891 tl.

896 5096 1286 5115 -..--.-.-
