<?xml version="1.0" encoding="UTF-8"?>
<!DOCTYPE html PUBLIC "-//W3C//DTD XHTML 1.0 Transitional//EN"
    "http://www.w3.org/TR/xhtml1/DTD/xhtml1-transitional.dtd">
<html xmlns="http://www.w3.org/1999/xhtml" xml:lang="en" lang="en">
 <head>
  <title>
</title>
<meta http-equiv="Content-Type" content="text/html;charset=utf-8" />
  <meta name='ocr-system' content='tesseract 3.04.00' />
  <meta name='ocr-capabilities' content='ocr_page ocr_carea ocr_par ocr_line ocrx_word'/>
</head>
<body>
  <div class='ocr_page' id='page_1' title='image "./ulrichihuttenie01huttgoog/ulrichihuttenie01huttgoog_0327.png"; bbox 0 0 4300 6059; ppageno 0'>
   <div class='ocr_carea' id='block_1_1' title="bbox 478 679 1701 751">
    <p class='ocr_par' dir='ltr' id='par_1_1' title="bbox 478 679 1701 751">
     <span class='ocr_line' id='line_1_1' title="bbox 478 679 1701 751; baseline -0.003 -5"><span class='ocrx_word' id='word_1_1' title='bbox 478 711 580 747; x_wconf 74' lang='lat' dir='ltr'><strong>esem</strong></span> <span class='ocrx_word' id='word_1_2' title='bbox 591 713 617 746; x_wconf 86' lang='lat' dir='ltr'><strong>x.</strong></span> <span class='ocrx_word' id='word_1_3' title='bbox 632 712 741 746; x_wconf 73' lang='lat' dir='ltr'><strong>cossus</strong></span> <span class='ocrx_word' id='word_1_4' title='bbox 755 712 906 745; x_wconf 74' lang='lat' dir='ltr'><strong>censensu</strong></span> <span class='ocrx_word' id='word_1_5' title='bbox 920 711 1010 745; x_wconf 77' lang='lat' dir='ltr'><strong>evena</strong></span> <span class='ocrx_word' id='word_1_6' title='bbox 1024 711 1086 745; x_wconf 69' lang='lat' dir='ltr'><strong>ner.</strong></span> <span class='ocrx_word' id='word_1_7' title='bbox 1104 706 1135 747; x_wconf 73' lang='lat' dir='ltr'><strong>to.</strong></span> <span class='ocrx_word' id='word_1_8' title='bbox 1145 711 1201 745; x_wconf 75' lang='lat' dir='ltr'><strong>ivn.</strong></span> <span class='ocrx_word' id='word_1_9' title='bbox 1215 712 1240 746; x_wconf 74' lang='lat' dir='ltr'><strong>o.</strong></span> <span class='ocrx_word' id='word_1_10' title='bbox 1252 702 1307 744; x_wconf 73' lang='lat' dir='ltr'><strong>toro.</strong></span> <span class='ocrx_word' id='word_1_11' title='bbox 1323 712 1345 743; x_wconf 81' lang='lat' dir='ltr'><strong>e.</strong></span> <span class='ocrx_word' id='word_1_12' title='bbox 1360 711 1483 744; x_wconf 73' lang='lat' dir='ltr'><strong>errarem</strong></span> <span class='ocrx_word' id='word_1_13' title='bbox 1499 711 1591 744; x_wconf 76' lang='lat' dir='ltr'><strong>sonis.</strong></span> <span class='ocrx_word' id='word_1_14' title='bbox 1629 679 1670 751; x_wconf 83' lang='grc'><strong>31</strong></span> <span class='ocrx_word' id='word_1_15' title='bbox 1681 685 1701 749; x_wconf 62' lang='grc' dir='ltr'><strong>ζ’)</strong></span> 
     </span>
    </p>
   </div>
   <div class='ocr_carea' id='block_1_2' title="bbox 382 845 1708 4099">
    <p class='ocr_par' dir='ltr' id='par_1_2' title="bbox 382 845 1708 4099">
     <span class='ocr_line' id='line_1_2' title="bbox 409 845 1703 944; baseline -0.001 -18"><span class='ocrx_word' id='word_1_16' title='bbox 409 866 615 944; x_wconf 85' lang='lat' dir='ltr'><strong>posses&#39;enim</strong></span> <span class='ocrx_word' id='word_1_17' title='bbox 638 873 741 943; x_wconf 81' lang='lat' dir='ltr'><strong>corrtra</strong></span> <span class='ocrx_word' id='word_1_18' title='bbox 766 845 932 926; x_wconf 67' lang='lat' dir='ltr'><strong>ceritatem?</strong></span> <span class='ocrx_word' id='word_1_19' title='bbox 955 867 1120 942; x_wconf 67' lang='lat' dir='ltr'><strong>praesertim</strong></span> <span class='ocrx_word' id='word_1_20' title='bbox 1143 884 1209 927; x_wconf 79' lang='lat' dir='ltr'><strong>euni</strong></span> <span class='ocrx_word' id='word_1_21' title='bbox 1234 885 1334 926; x_wconf 67' lang='lat' dir='ltr'><strong>calesso</strong></span> <span class='ocrx_word' id='word_1_22' title='bbox 1359 872 1407 924; x_wconf 86' lang='lat' dir='ltr'><strong>tua</strong></span> <span class='ocrx_word' id='word_1_23' title='bbox 1430 871 1488 923; x_wconf 90' lang='lat' dir='ltr'><strong>tota</strong></span> <span class='ocrx_word' id='word_1_24' title='bbox 1512 864 1549 924; x_wconf 91' lang='lat' dir='ltr'><strong>sit</strong></span> <span class='ocrx_word' id='word_1_25' title='bbox 1572 884 1605 924; x_wconf 82' lang='lat' dir='ltr'><strong>ex</strong></span> <span class='ocrx_word' id='word_1_26' title='bbox 1623 867 1703 943; x_wconf 84' lang='lat' dir='ltr'><strong>cupi·</strong></span> 
     </span>
     <span class='ocr_line' id='line_1_3' title="bbox 410 965 1704 1045; baseline -0.002 -18"><span class='ocrx_word' id='word_1_27' title='bbox 410 965 500 1027; x_wconf 88' lang='lat' dir='ltr'><strong>ditate</strong></span> <span class='ocrx_word' id='word_1_28' title='bbox 524 973 553 1025; x_wconf 91' lang='lat' dir='ltr'><strong>et</strong></span> <span class='ocrx_word' id='word_1_29' title='bbox 574 965 744 1029; x_wconf 77' lang='lat' dir='ltr'><strong>ambitione.</strong></span> <span class='ocrx_word' id='word_1_30' title='bbox 783 969 829 1027; x_wconf 77' lang='lat' dir='ltr'><strong>‘ht</strong></span> <span class='ocrx_word' id='word_1_31' title='bbox 850 966 933 1026; x_wconf 83' lang='lat' dir='ltr'><strong>radix</strong></span> <span class='ocrx_word' id='word_1_32' title='bbox 956 967 1088 1026; x_wconf 89' lang='lat' dir='ltr'><strong>omnium</strong></span> <span class='ocrx_word' id='word_1_33' title='bbox 1112 967 1256 1028; x_wconf 82' lang='lat' dir='ltr'><strong>uralorum</strong></span> <span class='ocrx_word' id='word_1_34' title='bbox 1288 965 1404 1044; x_wconf 83' lang='lat' dir='ltr'><strong>(Paulos</strong></span> <span class='ocrx_word' id='word_1_35' title='bbox 1426 966 1528 1045; x_wconf 75' lang='lat' dir='ltr'><strong>ineptit)</strong></span> <span class='ocrx_word' id='word_1_36' title='bbox 1557 973 1597 1025; x_wconf 88' lang='lat' dir='ltr'><strong>ost</strong></span> <span class='ocrx_word' id='word_1_37' title='bbox 1623 968 1704 1044; x_wconf 78' lang='lat' dir='ltr'><strong>eripi·</strong></span> 
     </span>
     <span class='ocr_line' id='line_1_4' title="bbox 410 1067 1706 1147; baseline 0.002 -20"><span class='ocrx_word' id='word_1_38' title='bbox 410 1067 503 1140; x_wconf 86' lang='lat' dir='ltr'><strong>ditas,</strong></span> <span class='ocrx_word' id='word_1_39' title='bbox 526 1086 615 1146; x_wconf 86' lang='lat' dir='ltr'><strong>quam</strong></span> <span class='ocrx_word' id='word_1_40' title='bbox 638 1069 756 1147; x_wconf 89' lang='lat' dir='ltr'><strong>quidam</strong></span> <span class='ocrx_word' id='word_1_41' title='bbox 779 1075 953 1147; x_wconf 78' lang='lat' dir='ltr'><strong>appetentes</strong></span> <span class='ocrx_word' id='word_1_42' title='bbox 975 1069 1225 1146; x_wconf 74' lang='lat' dir='ltr'><strong>naufragaverunt</strong></span> <span class='ocrx_word' id='word_1_43' title='bbox 1255 1089 1270 1129; x_wconf 89' lang='lat' dir='ltr'><strong>a</strong></span> <span class='ocrx_word' id='word_1_44' title='bbox 1300 1069 1374 1135; x_wconf 88' lang='lat' dir='ltr'><strong>lide,</strong></span> <span class='ocrx_word' id='word_1_45' title='bbox 1404 1074 1433 1126; x_wconf 92' lang='lat' dir='ltr'><strong>et</strong></span> <span class='ocrx_word' id='word_1_46' title='bbox 1462 1067 1651 1129; x_wconf 87' lang='lat' dir='ltr'><strong>inseruerunt</strong></span> <span class='ocrx_word' id='word_1_47' title='bbox 1673 1089 1706 1129; x_wconf 92' lang='lat' dir='ltr'><strong>se</strong></span> 
     </span>
     <span class='ocr_line' id='line_1_5' title="bbox 411 1167 1705 1249; baseline 0.001 -19"><span class='ocrx_word' id='word_1_48' title='bbox 411 1167 564 1231; x_wconf 90' lang='lat' dir='ltr'><strong>doloribus</strong></span> <span class='ocrx_word' id='word_1_49' title='bbox 585 1169 703 1232; x_wconf 87' lang='lat' dir='ltr'><strong>multis&#39;.</strong></span> <span class='ocrx_word' id='word_1_50' title='bbox 748 1170 879 1230; x_wconf 81' lang='lat' dir='ltr'>Gloriam</span> <span class='ocrx_word' id='word_1_51' title='bbox 903 1188 972 1230; x_wconf 80' lang='lat' dir='ltr'><strong>sero</strong></span> <span class='ocrx_word' id='word_1_52' title='bbox 995 1171 1096 1231; x_wconf 83' lang='lat' dir='ltr'><strong>nruudi</strong></span> <span class='ocrx_word' id='word_1_53' title='bbox 1119 1171 1237 1249; x_wconf 82' lang='lat' dir='ltr'><strong>lugere„</strong></span> <span class='ocrx_word' id='word_1_54' title='bbox 1262 1179 1291 1230; x_wconf 86' lang='lat' dir='ltr'><strong>et</strong></span> <span class='ocrx_word' id='word_1_55' title='bbox 1313 1187 1430 1228; x_wconf 78' lang='lat' dir='ltr'><strong>onlnem</strong></span> <span class='ocrx_word' id='word_1_56' title='bbox 1454 1177 1624 1248; x_wconf 80' lang='lat' dir='ltr'><strong>postergare</strong></span> <span class='ocrx_word' id='word_1_57' title='bbox 1644 1190 1705 1231; x_wconf 91' lang='lat' dir='ltr'><strong>am·</strong></span> 
     </span>
     <span class='ocr_line' id='line_1_6' title="bbox 391 1270 1705 1349; baseline 0.003 -21"><span class='ocrx_word' id='word_1_58' title='bbox 391 1270 555 1331; x_wconf 84' lang='lat' dir='ltr'><strong>shitionem</strong></span> <span class='ocrx_word' id='word_1_59' title='bbox 579 1272 707 1348; x_wconf 88' lang='lat' dir='ltr'><strong>primum</strong></span> <span class='ocrx_word' id='word_1_60' title='bbox 731 1271 865 1333; x_wconf 91' lang='lat' dir='ltr'><strong>Christus</strong></span> <span class='ocrx_word' id='word_1_61' title='bbox 888 1272 988 1332; x_wconf 85' lang='lat' dir='ltr'><strong>docuit</strong></span> <span class='ocrx_word' id='word_1_62' title='bbox 1011 1279 1038 1333; x_wconf 91' lang='lat' dir='ltr'><strong>te</strong></span> <span class='ocrx_word' id='word_1_63' title='bbox 1066 1273 1112 1332; x_wconf 91' lang='lat' dir='ltr'><strong>sui</strong></span> <span class='ocrx_word' id='word_1_64' title='bbox 1141 1272 1291 1349; x_wconf 86' lang='lat' dir='ltr'><strong>exemplo,</strong></span> <span class='ocrx_word' id='word_1_65' title='bbox 1322 1271 1371 1349; x_wconf 91' lang='lat' dir='ltr'><strong>qui</strong></span> <span class='ocrx_word' id='word_1_66' title='bbox 1401 1289 1524 1348; x_wconf 79' lang='lat' dir='ltr'><strong>reguum</strong></span> <span class='ocrx_word' id='word_1_67' title='bbox 1555 1280 1705 1332; x_wconf 79' lang='lat' dir='ltr'><strong>aversatus</strong></span> 
     </span>
     <span class='ocr_line' id='line_1_7' title="bbox 413 1361 1704 1453; baseline 0.001 -20"><span class='ocrx_word' id='word_1_68' title='bbox 413 1380 458 1433; x_wconf 87' lang='lat' dir='ltr'><strong>est</strong></span> <span class='ocrx_word' id='word_1_69' title='bbox 480 1378 509 1433; x_wconf 92' lang='lat' dir='ltr'><strong>et</strong></span> <span class='ocrx_word' id='word_1_70' title='bbox 532 1393 564 1433; x_wconf 91' lang='lat' dir='ltr'><strong>se</strong></span> <span class='ocrx_word' id='word_1_71' title='bbox 586 1373 683 1452; x_wconf 91' lang='lat' dir='ltr'><strong>ipsum</strong></span> <span class='ocrx_word' id='word_1_72' title='bbox 706 1374 841 1442; x_wconf 78' lang='lat' dir='ltr'><strong>inanivit,</strong></span> <span class='ocrx_word' id='word_1_73' title='bbox 866 1361 991 1432; x_wconf 80' lang='lat' dir='ltr'><strong>lerinam</strong></span> <span class='ocrx_word' id='word_1_74' title='bbox 1014 1376 1092 1433; x_wconf 82' lang='lat' dir='ltr'><strong>servi</strong></span> <span class='ocrx_word' id='word_1_75' title='bbox 1114 1375 1276 1452; x_wconf 77' lang='lat' dir='ltr'><strong>accipiens3</strong></span> <span class='ocrx_word' id='word_1_76' title='bbox 1299 1372 1404 1433; x_wconf 88' lang='lat' dir='ltr'><strong>deinde</strong></span> <span class='ocrx_word' id='word_1_77' title='bbox 1427 1373 1556 1453; x_wconf 80' lang='lat' dir='ltr'><strong>Apostoli</strong></span> <span class='ocrx_word' id='word_1_78' title='bbox 1579 1377 1704 1452; x_wconf 87' lang='lat' dir='ltr'><strong>passim:</strong></span> 
     </span>
     <span class='ocr_line' id='line_1_8' title="bbox 412 1471 1703 1554; baseline 0.001 -19"><span class='ocrx_word' id='word_1_79' title='bbox 412 1471 518 1535; x_wconf 81' lang='lat' dir='ltr'><strong>‘Nolito</strong></span> <span class='ocrx_word' id='word_1_80' title='bbox 541 1473 664 1550; x_wconf 81' lang='lat' dir='ltr'><strong>diligere</strong></span> <span class='ocrx_word' id='word_1_81' title='bbox 687 1474 837 1534; x_wconf 75' lang='lat' dir='ltr'><strong>irruendum&#39;</strong></span> <span class='ocrx_word' id='word_1_82' title='bbox 860 1475 984 1535; x_wconf 88' lang='lat' dir='ltr'><strong>ioannes</strong></span> <span class='ocrx_word' id='word_1_83' title='bbox 1006 1476 1117 1553; x_wconf 86' lang='lat' dir='ltr'><strong>inquit,</strong></span> <span class='ocrx_word' id='word_1_84' title='bbox 1148 1485 1254 1553; x_wconf 88' lang='lat' dir='ltr'><strong>‘nequo</strong></span> <span class='ocrx_word' id='word_1_85' title='bbox 1283 1494 1316 1534; x_wconf 88' lang='lat' dir='ltr'><strong>en</strong></span> <span class='ocrx_word' id='word_1_86' title='bbox 1346 1494 1410 1554; x_wconf 77' lang='lat' dir='ltr'><strong>qoae</strong></span> <span class='ocrx_word' id='word_1_87' title='bbox 1433 1476 1461 1535; x_wconf 91' lang='lat' dir='ltr'><strong>in</strong></span> <span class='ocrx_word' id='word_1_88' title='bbox 1485 1476 1594 1535; x_wconf 90' lang='lat' dir='ltr'><strong>mundo</strong></span> <span class='ocrx_word' id='word_1_89' title='bbox 1617 1475 1703 1544; x_wconf 89' lang='lat' dir='ltr'><strong>suut&#39;,</strong></span> 
     </span>
     <span class='ocr_line' id='line_1_9' title="bbox 413 1573 1706 1658; baseline 0.002 -22"><span class='ocrx_word' id='word_1_90' title='bbox 413 1583 443 1636; x_wconf 87' lang='lat' dir='ltr'><strong>et</strong></span> <span class='ocrx_word' id='word_1_91' title='bbox 463 1573 573 1636; x_wconf 89' lang='lat' dir='ltr'><strong>Paulus</strong></span> <span class='ocrx_word' id='word_1_92' title='bbox 594 1574 798 1655; x_wconf 77' lang='lat' dir='ltr'><strong>Philippenses</strong></span> <span class='ocrx_word' id='word_1_93' title='bbox 820 1576 958 1637; x_wconf 90' lang='lat' dir='ltr'><strong>erudiens</strong></span> <span class='ocrx_word' id='word_1_94' title='bbox 981 1578 1020 1636; x_wconf 88' lang='lat' dir='ltr'><strong>ait</strong></span> <span class='ocrx_word' id='word_1_95' title='bbox 1043 1576 1168 1654; x_wconf 78' lang='lat' dir='ltr'><strong>‘Nequid</strong></span> <span class='ocrx_word' id='word_1_96' title='bbox 1192 1577 1241 1636; x_wconf 84' lang='lat' dir='ltr'><strong>fiat</strong></span> <span class='ocrx_word' id='word_1_97' title='bbox 1264 1595 1317 1656; x_wconf 91' lang='lat' dir='ltr'><strong>per</strong></span> <span class='ocrx_word' id='word_1_98' title='bbox 1340 1577 1556 1638; x_wconf 83' lang='lat' dir='ltr'><strong>contentionem</strong></span> <span class='ocrx_word' id='word_1_99' title='bbox 1580 1585 1630 1639; x_wconf 89' lang='lat' dir='ltr'><strong>aut</strong></span> <span class='ocrx_word' id='word_1_100' title='bbox 1651 1597 1706 1658; x_wconf 90' lang='lat' dir='ltr'><strong>per</strong></span> 
     </span>
     <span class='ocr_line' id='line_1_10' title="bbox 413 1675 1706 1759; baseline 0.002 -20"><span class='ocrx_word' id='word_1_101' title='bbox 413 1679 532 1739; x_wconf 74' lang='lat' dir='ltr'><strong>inaurem</strong></span> <span class='ocrx_word' id='word_1_102' title='bbox 554 1676 693 1754; x_wconf 80' lang='lat' dir='ltr'><strong>gloriam,</strong></span> <span class='ocrx_word' id='word_1_103' title='bbox 723 1677 776 1738; x_wconf 92' lang='lat' dir='ltr'><strong>sed</strong></span> <span class='ocrx_word' id='word_1_104' title='bbox 800 1696 853 1755; x_wconf 93' lang='lat' dir='ltr'><strong>per</strong></span> <span class='ocrx_word' id='word_1_105' title='bbox 876 1675 1069 1739; x_wconf 88' lang='lat' dir='ltr'><strong>humilitatem</strong></span> <span class='ocrx_word' id='word_1_106' title='bbox 1094 1681 1183 1740; x_wconf 88' lang='lat' dir='ltr'><strong>animi</strong></span> <span class='ocrx_word' id='word_1_107' title='bbox 1207 1677 1295 1739; x_wconf 89' lang='lat' dir='ltr'><strong>alium</strong></span> <span class='ocrx_word' id='word_1_108' title='bbox 1318 1681 1441 1759; x_wconf 88' lang='lat' dir='ltr'><strong>quisque</strong></span> <span class='ocrx_word' id='word_1_109' title='bbox 1463 1698 1496 1741; x_wconf 90' lang='lat' dir='ltr'><strong>se</strong></span> <span class='ocrx_word' id='word_1_110' title='bbox 1524 1683 1706 1758; x_wconf 77' lang='lat' dir='ltr'><strong>prestantio-</strong></span> 
     </span>
     <span class='ocr_line' id='line_1_11' title="bbox 383 1779 1705 1862; baseline 0.004 -22"><span class='ocrx_word' id='word_1_111' title='bbox 383 1798 479 1841; x_wconf 82' lang='lat' dir='ltr'><strong>nrem</strong></span> <span class='ocrx_word' id='word_1_112' title='bbox 503 1779 669 1840; x_wconf 83' lang='lat' dir='ltr'><strong>existimet&#39;.</strong></span> <span class='ocrx_word' id='word_1_113' title='bbox 712 1779 773 1856; x_wconf 80' lang='lat' dir='ltr'><strong>Age</strong></span> <span class='ocrx_word' id='word_1_114' title='bbox 797 1788 909 1850; x_wconf 76' lang='lat' dir='ltr'><strong>certem,</strong></span> <span class='ocrx_word' id='word_1_115' title='bbox 934 1780 1003 1858; x_wconf 91' lang='lat' dir='ltr'><strong>quid</strong></span> <span class='ocrx_word' id='word_1_116' title='bbox 1027 1779 1141 1841; x_wconf 73' lang='lat' dir='ltr'><strong>arultire</strong></span> <span class='ocrx_word' id='word_1_117' title='bbox 1165 1780 1216 1839; x_wconf 83' lang='lat' dir='ltr'><strong>tihi</strong></span> <span class='ocrx_word' id='word_1_118' title='bbox 1240 1782 1267 1840; x_wconf 86' lang='lat' dir='ltr'><strong>iu</strong></span> <span class='ocrx_word' id='word_1_119' title='bbox 1290 1780 1397 1841; x_wconf 77' lang='lat' dir='ltr'><strong>secolo</strong></span> <span class='ocrx_word' id='word_1_120' title='bbox 1419 1781 1502 1850; x_wconf 92' lang='lat' dir='ltr'><strong>licet,</strong></span> <span class='ocrx_word' id='word_1_121' title='bbox 1527 1801 1615 1862; x_wconf 91' lang='lat' dir='ltr'><strong>quem</strong></span> <span class='ocrx_word' id='word_1_122' title='bbox 1631 1783 1705 1845; x_wconf 90' lang='lat' dir='ltr'><strong>Pau·</strong></span> 
     </span>
     <span class='ocr_line' id='line_1_12' title="bbox 411 1880 1704 1961; baseline 0.001 -18"><span class='ocrx_word' id='word_1_123' title='bbox 411 1880 460 1943; x_wconf 88' lang='lat' dir='ltr'><strong>lus</strong></span> <span class='ocrx_word' id='word_1_124' title='bbox 483 1880 715 1960; x_wconf 79' lang='lat' dir='ltr'><strong>dispensatorem</strong></span> <span class='ocrx_word' id='word_1_125' title='bbox 739 1881 871 1942; x_wconf 85' lang='lat' dir='ltr'><strong>delesse</strong></span> <span class='ocrx_word' id='word_1_126' title='bbox 900 1880 997 1950; x_wconf 90' lang='lat' dir='ltr'><strong>iubet,</strong></span> <span class='ocrx_word' id='word_1_127' title='bbox 1027 1890 1056 1945; x_wconf 91' lang='lat' dir='ltr'><strong>et</strong></span> <span class='ocrx_word' id='word_1_128' title='bbox 1083 1890 1270 1961; x_wconf 81' lang='lat' dir='ltr'><strong>sequestram</strong></span> <span class='ocrx_word' id='word_1_129' title='bbox 1300 1883 1335 1942; x_wconf 86' lang='lat' dir='ltr'><strong>ah</strong></span> <span class='ocrx_word' id='word_1_130' title='bbox 1365 1901 1397 1945; x_wconf 88' lang='lat' dir='ltr'><strong>se</strong></span> <span class='ocrx_word' id='word_1_131' title='bbox 1426 1885 1522 1945; x_wconf 80' lang='lat' dir='ltr'><strong>oninia</strong></span> <span class='ocrx_word' id='word_1_132' title='bbox 1553 1885 1704 1946; x_wconf 78' lang='lat' dir='ltr'><strong>saecularia</strong></span> 
     </span>
     <span class='ocr_line' id='line_1_13' title="bbox 413 1982 1704 2063; baseline 0.002 -19"><span class='ocrx_word' id='word_1_133' title='bbox 413 1982 580 2063; x_wconf 71' lang='lat' dir='ltr'><strong>desp&#39;deria.</strong></span> <span class='ocrx_word' id='word_1_134' title='bbox 626 1983 722 2045; x_wconf 86' lang='lat' dir='ltr'><strong>Debes</strong></span> <span class='ocrx_word' id='word_1_135' title='bbox 745 1990 775 2043; x_wconf 90' lang='lat' dir='ltr'><strong>tu</strong></span> <span class='ocrx_word' id='word_1_136' title='bbox 797 2002 867 2044; x_wconf 79' lang='lat' dir='ltr'><strong>sero</strong></span> <span class='ocrx_word' id='word_1_137' title='bbox 891 1985 920 2042; x_wconf 90' lang='lat' dir='ltr'><strong>in</strong></span> <span class='ocrx_word' id='word_1_138' title='bbox 943 1985 1046 2062; x_wconf 89' lang='lat' dir='ltr'><strong>primis</strong></span> <span class='ocrx_word' id='word_1_139' title='bbox 1069 1982 1236 2061; x_wconf 84' lang='lat' dir='ltr'><strong>exemplum</strong></span> <span class='ocrx_word' id='word_1_140' title='bbox 1260 2003 1324 2045; x_wconf 88' lang='lat' dir='ltr'><strong>esse</strong></span> <span class='ocrx_word' id='word_1_141' title='bbox 1347 1983 1475 2046; x_wconf 83' lang='lat' dir='ltr'><strong>fidelium</strong></span> <span class='ocrx_word' id='word_1_142' title='bbox 1498 1987 1529 2045; x_wconf 94' lang='lat' dir='ltr'><strong>in</strong></span> <span class='ocrx_word' id='word_1_143' title='bbox 1546 1985 1651 2056; x_wconf 76' lang='lat' dir='ltr'><strong>rcrlto,</strong></span> <span class='ocrx_word' id='word_1_144' title='bbox 1676 1988 1704 2046; x_wconf 90' lang='lat' dir='ltr'><strong>iu</strong></span> 
     </span>
     <span class='ocr_line' id='line_1_14' title="bbox 413 2085 1705 2157; baseline 0.002 -12"><span class='ocrx_word' id='word_1_145' title='bbox 413 2085 658 2157; x_wconf 83' lang='lat' dir='ltr'><strong>conversatione,</strong></span> <span class='ocrx_word' id='word_1_146' title='bbox 681 2086 711 2145; x_wconf 91' lang='lat' dir='ltr'><strong>in</strong></span> <span class='ocrx_word' id='word_1_147' title='bbox 734 2085 892 2149; x_wconf 87' lang='lat' dir='ltr'><strong>charitate,</strong></span> <span class='ocrx_word' id='word_1_148' title='bbox 918 2086 945 2145; x_wconf 91' lang='lat' dir='ltr'><strong>ln</strong></span> <span class='ocrx_word' id='word_1_149' title='bbox 968 2086 1039 2154; x_wconf 91' lang='lat' dir='ltr'><strong>ilde,</strong></span> <span class='ocrx_word' id='word_1_150' title='bbox 1063 2086 1092 2144; x_wconf 92' lang='lat' dir='ltr'><strong>in</strong></span> <span class='ocrx_word' id='word_1_151' title='bbox 1117 2087 1263 2155; x_wconf 83' lang='lat' dir='ltr'><strong>castitate,</strong></span> <span class='ocrx_word' id='word_1_152' title='bbox 1291 2093 1359 2148; x_wconf 88' lang='lat' dir='ltr'><strong>ante</strong></span> <span class='ocrx_word' id='word_1_153' title='bbox 1382 2088 1479 2147; x_wconf 86' lang='lat' dir='ltr'><strong>omniu</strong></span> <span class='ocrx_word' id='word_1_154' title='bbox 1504 2088 1576 2147; x_wconf 79' lang='lat' dir='ltr'><strong>riom</strong></span> <span class='ocrx_word' id='word_1_155' title='bbox 1601 2089 1705 2148; x_wconf 79' lang='lat' dir='ltr'><strong>verita·</strong></span> 
     </span>
     <span class='ocr_line' id='line_1_15' title="bbox 411 2185 1706 2267; baseline 0.002 -20"><span class='ocrx_word' id='word_1_156' title='bbox 411 2186 449 2247; x_wconf 87' lang='lat' dir='ltr'><strong>tis</strong></span> <span class='ocrx_word' id='word_1_157' title='bbox 472 2185 595 2265; x_wconf 83' lang='lat' dir='ltr'><strong>eligere.</strong></span> <span class='ocrx_word' id='word_1_158' title='bbox 640 2188 686 2248; x_wconf 78' lang='lat' dir='ltr'><strong>‘dt</strong></span> <span class='ocrx_word' id='word_1_159' title='bbox 707 2187 783 2247; x_wconf 77' lang='lat' dir='ltr'><strong>riam</strong></span> <span class='ocrx_word' id='word_1_160' title='bbox 806 2188 932 2247; x_wconf 77' lang='lat' dir='ltr'><strong>veritatis</strong></span> <span class='ocrx_word' id='word_1_161' title='bbox 955 2185 1119 2264; x_wconf 76' lang='lat' dir='ltr'><strong>elegi&#39;cum</strong></span> <span class='ocrx_word' id='word_1_162' title='bbox 1141 2187 1308 2257; x_wconf 86' lang='lat' dir='ltr'><strong>Psalmista,</strong></span> <span class='ocrx_word' id='word_1_163' title='bbox 1333 2188 1514 2267; x_wconf 71' lang='lat' dir='ltr'><strong>(Anthrosius</strong></span> <span class='ocrx_word' id='word_1_164' title='bbox 1535 2190 1583 2267; x_wconf 89' lang='lat' dir='ltr'><strong>ait)</strong></span> <span class='ocrx_word' id='word_1_165' title='bbox 1607 2189 1706 2250; x_wconf 84' lang='lat' dir='ltr'><strong>dicere</strong></span> 
     </span>
     <span class='ocr_line' id='line_1_16' title="bbox 384 2286 1705 2369; baseline 0.001 -18"><span class='ocrx_word' id='word_1_166' title='bbox 384 2307 504 2351; x_wconf 81' lang='lat' dir='ltr'><strong>enemo</strong></span> <span class='ocrx_word' id='word_1_167' title='bbox 526 2296 623 2369; x_wconf 92' lang='lat' dir='ltr'><strong>potest</strong></span> <span class='ocrx_word' id='word_1_168' title='bbox 646 2290 696 2368; x_wconf 92' lang='lat' dir='ltr'><strong>qui</strong></span> <span class='ocrx_word' id='word_1_169' title='bbox 718 2286 871 2351; x_wconf 76' lang='lat' dir='ltr'><strong>saecularia</strong></span> <span class='ocrx_word' id='word_1_170' title='bbox 894 2290 1090 2366; x_wconf 74' lang='lat' dir='ltr'><strong>concupiscit,</strong></span> <span class='ocrx_word' id='word_1_171' title='bbox 1114 2291 1162 2369; x_wconf 87' lang='lat' dir='ltr'><strong>qui</strong></span> <span class='ocrx_word' id='word_1_172' title='bbox 1191 2291 1372 2368; x_wconf 79' lang='lat' dir='ltr'><strong>negotiatur:</strong></span> <span class='ocrx_word' id='word_1_173' title='bbox 1402 2308 1462 2349; x_wconf 89' lang='lat' dir='ltr'><strong>uon</strong></span> <span class='ocrx_word' id='word_1_174' title='bbox 1489 2297 1533 2351; x_wconf 91' lang='lat' dir='ltr'><strong>est</strong></span> <span class='ocrx_word' id='word_1_175' title='bbox 1562 2292 1640 2351; x_wconf 92' lang='lat' dir='ltr'><strong>enim</strong></span> <span class='ocrx_word' id='word_1_176' title='bbox 1663 2294 1705 2352; x_wconf 79' lang='lat' dir='ltr'><strong>sia</strong></span> 
     </span>
     <span class='ocr_line' id='line_1_17' title="bbox 412 2390 1706 2475; baseline 0.002 -24"><span class='ocrx_word' id='word_1_177' title='bbox 412 2393 543 2453; x_wconf 78' lang='lat' dir='ltr'><strong>ueritatis</strong></span> <span class='ocrx_word' id='word_1_178' title='bbox 565 2390 694 2453; x_wconf 90' lang='lat' dir='ltr'><strong>habendi</strong></span> <span class='ocrx_word' id='word_1_179' title='bbox 716 2391 862 2461; x_wconf 86' lang='lat' dir='ltr'><strong>studium,</strong></span> <span class='ocrx_word' id='word_1_180' title='bbox 893 2390 1037 2469; x_wconf 84' lang='lat' dir='ltr'><strong>copiditas</strong></span> <span class='ocrx_word' id='word_1_181' title='bbox 1064 2391 1248 2471; x_wconf 88' lang='lat' dir='ltr'><strong>possidendi,</strong></span> <span class='ocrx_word' id='word_1_182' title='bbox 1279 2399 1330 2452; x_wconf 91' lang='lat' dir='ltr'><strong>aut</strong></span> <span class='ocrx_word' id='word_1_183' title='bbox 1357 2392 1452 2451; x_wconf 89' lang='lat' dir='ltr'><strong>honor</strong></span> <span class='ocrx_word' id='word_1_184' title='bbox 1482 2391 1569 2475; x_wconf 84' lang='lat' dir='ltr'><strong>huips</strong></span> <span class='ocrx_word' id='word_1_185' title='bbox 1596 2393 1706 2463; x_wconf 81' lang='lat' dir='ltr'><strong>saeculi,</strong></span> 
     </span>
     <span class='ocr_line' id='line_1_18' title="bbox 412 2478 1706 2573; baseline 0.001 -20"><span class='ocrx_word' id='word_1_186' title='bbox 412 2493 582 2554; x_wconf 84' lang='lat' dir='ltr'><strong>sollicitudo</strong></span> <span class='ocrx_word' id='word_1_187' title='bbox 604 2493 715 2554; x_wconf 79' lang='lat' dir='ltr'><strong>ruendi.</strong></span> <span class='ocrx_word' id='word_1_188' title='bbox 760 2492 797 2554; x_wconf 90' lang='lat' dir='ltr'><strong>Et</strong></span> <span class='ocrx_word' id='word_1_189' title='bbox 819 2495 848 2553; x_wconf 94' lang='lat' dir='ltr'><strong>in</strong></span> <span class='ocrx_word' id='word_1_190' title='bbox 871 2492 977 2562; x_wconf 85' lang='lat' dir='ltr'><strong>Petro,</strong></span> <span class='ocrx_word' id='word_1_191' title='bbox 1008 2501 1040 2553; x_wconf 92' lang='lat' dir='ltr'><strong>ut</strong></span> <span class='ocrx_word' id='word_1_192' title='bbox 1068 2478 1174 2570; x_wconf 81' lang='lat' dir='ltr'><strong>dignm</strong></span> <span class='ocrx_word' id='word_1_193' title='bbox 1202 2495 1286 2553; x_wconf 88' lang='lat' dir='ltr'><strong>lieret</strong></span> <span class='ocrx_word' id='word_1_194' title='bbox 1314 2494 1363 2572; x_wconf 90' lang='lat' dir='ltr'><strong>qui</strong></span> <span class='ocrx_word' id='word_1_195' title='bbox 1385 2494 1492 2555; x_wconf 91' lang='lat' dir='ltr'><strong>Christi</strong></span> <span class='ocrx_word' id='word_1_196' title='bbox 1515 2511 1583 2554; x_wconf 84' lang='lat' dir='ltr'><strong>ores</strong></span> <span class='ocrx_word' id='word_1_197' title='bbox 1605 2513 1706 2573; x_wconf 89' lang='lat' dir='ltr'><strong>pasce·</strong></span> 
     </span>
     <span class='ocr_line' id='line_1_19' title="bbox 412 2592 1706 2675; baseline 0 -20"><span class='ocrx_word' id='word_1_198' title='bbox 412 2604 475 2663; x_wconf 85' lang='lat' dir='ltr'><strong>ret,</strong></span> <span class='ocrx_word' id='word_1_199' title='bbox 499 2592 572 2656; x_wconf 87' lang='lat' dir='ltr'><strong>nihil</strong></span> <span class='ocrx_word' id='word_1_200' title='bbox 596 2594 673 2657; x_wconf 86' lang='lat' dir='ltr'><strong>aliod</strong></span> <span class='ocrx_word' id='word_1_201' title='bbox 697 2596 829 2674; x_wconf 79' lang='lat' dir='ltr'><strong>quemirit</strong></span> <span class='ocrx_word' id='word_1_202' title='bbox 844 2594 1104 2673; x_wconf 67' lang='lat' dir='ltr'><strong>Christus-quam</strong></span> <span class='ocrx_word' id='word_1_203' title='bbox 1127 2597 1172 2654; x_wconf 89' lang='lat' dir='ltr'><strong>sui</strong></span> <span class='ocrx_word' id='word_1_204' title='bbox 1195 2613 1335 2655; x_wconf 79' lang='lat' dir='ltr'><strong>aurorem.</strong></span> <span class='ocrx_word' id='word_1_205' title='bbox 1371 2596 1427 2668; x_wconf 85' lang='lat' dir='ltr'><strong>Qui</strong></span> <span class='ocrx_word' id='word_1_206' title='bbox 1444 2594 1539 2675; x_wconf 72' lang='lat' dir='ltr'><strong>equalis</strong></span> <span class='ocrx_word' id='word_1_207' title='bbox 1553 2598 1599 2665; x_wconf 90' lang='lat' dir='ltr'><strong>sit,</strong></span> <span class='ocrx_word' id='word_1_208' title='bbox 1622 2596 1706 2656; x_wconf 92' lang='lat' dir='ltr'><strong>ioan·</strong></span> 
     </span>
     <span class='ocr_line' id='line_1_20' title="bbox 411 2695 1705 2777; baseline 0 -20"><span class='ocrx_word' id='word_1_209' title='bbox 411 2715 466 2759; x_wconf 84' lang='lat' dir='ltr'><strong>nes</strong></span> <span class='ocrx_word' id='word_1_210' title='bbox 480 2697 579 2766; x_wconf 89' lang='lat' dir='ltr'><strong>docet,</strong></span> <span class='ocrx_word' id='word_1_211' title='bbox 604 2696 718 2757; x_wconf 77' lang='lat' dir='ltr'><strong>“lilioli</strong></span> <span class='ocrx_word' id='word_1_212' title='bbox 736 2695 810 2758; x_wconf 84' lang='lat' dir='ltr'><strong>mei&#39;</strong></span> <span class='ocrx_word' id='word_1_213' title='bbox 833 2697 986 2777; x_wconf 88' lang='lat' dir='ltr'><strong>inquiens,</strong></span> <span class='ocrx_word' id='word_1_214' title='bbox 1012 2706 1091 2755; x_wconf 83' lang='lat' dir='ltr'><strong>“non</strong></span> <span class='ocrx_word' id='word_1_215' title='bbox 1108 2695 1262 2774; x_wconf 81' lang='lat' dir='ltr'><strong>diligamus</strong></span> <span class='ocrx_word' id='word_1_216' title='bbox 1286 2696 1385 2766; x_wconf 78' lang='lat' dir='ltr'><strong>serbo,</strong></span> <span class='ocrx_word' id='word_1_217' title='bbox 1410 2716 1506 2776; x_wconf 88' lang='lat' dir='ltr'><strong>neque</strong></span> <span class='ocrx_word' id='word_1_218' title='bbox 1523 2695 1632 2776; x_wconf 81' lang='lat' dir='ltr'><strong>lingua,</strong></span> <span class='ocrx_word' id='word_1_219' title='bbox 1655 2698 1705 2757; x_wconf 89' lang='lat' dir='ltr'><strong>sed</strong></span> 
     </span>
     <span class='ocr_line' id='line_1_21' title="bbox 382 2798 1706 2880; baseline -0.004 -17"><span class='ocrx_word' id='word_1_220' title='bbox 382 2817 508 2880; x_wconf 75' lang='lat' dir='ltr'><strong>scopere</strong></span> <span class='ocrx_word' id='word_1_221' title='bbox 533 2806 562 2861; x_wconf 92' lang='lat' dir='ltr'><strong>et</strong></span> <span class='ocrx_word' id='word_1_222' title='bbox 586 2800 721 2860; x_wconf 82' lang='lat' dir='ltr'><strong>veritate:</strong></span> <span class='ocrx_word' id='word_1_223' title='bbox 744 2800 775 2859; x_wconf 92' lang='lat' dir='ltr'><strong>iu</strong></span> <span class='ocrx_word' id='word_1_224' title='bbox 799 2799 855 2861; x_wconf 91' lang='lat' dir='ltr'><strong>hoc</strong></span> <span class='ocrx_word' id='word_1_225' title='bbox 878 2799 1079 2877; x_wconf 82' lang='lat' dir='ltr'><strong>agnoscimus,</strong></span> <span class='ocrx_word' id='word_1_226' title='bbox 1103 2799 1170 2876; x_wconf 90' lang='lat' dir='ltr'><strong>quia</strong></span> <span class='ocrx_word' id='word_1_227' title='bbox 1194 2817 1229 2858; x_wconf 83' lang='lat' dir='ltr'><strong>ex</strong></span> <span class='ocrx_word' id='word_1_228' title='bbox 1252 2801 1372 2859; x_wconf 80' lang='lat' dir='ltr'><strong>veritate</strong></span> <span class='ocrx_word' id='word_1_229' title='bbox 1394 2798 1514 2859; x_wconf 88' lang='lat' dir='ltr'><strong>sunms’.</strong></span> <span class='ocrx_word' id='word_1_230' title='bbox 1561 2799 1596 2859; x_wconf 78' lang='lat' dir='ltr'><strong>nt</strong></span> <span class='ocrx_word' id='word_1_231' title='bbox 1617 2799 1706 2868; x_wconf 87' lang='lat' dir='ltr'><strong>lleda,</strong></span> 
     </span>
     <span class='ocr_line' id='line_1_22' title="bbox 411 2898 1706 2980; baseline 0 -19"><span class='ocrx_word' id='word_1_232' title='bbox 411 2918 472 2961; x_wconf 89' lang='lat' dir='ltr'><strong>non</strong></span> <span class='ocrx_word' id='word_1_233' title='bbox 493 2900 593 2961; x_wconf 88' lang='lat' dir='ltr'><strong>malus</strong></span> <span class='ocrx_word' id='word_1_234' title='bbox 615 2901 731 2970; x_wconf 88' lang='lat' dir='ltr'><strong>author,</strong></span> <span class='ocrx_word' id='word_1_235' title='bbox 761 2901 845 2962; x_wconf 84' lang='lat' dir='ltr'><strong>‘Sunt</strong></span> <span class='ocrx_word' id='word_1_236' title='bbox 866 2902 915 2980; x_wconf 92' lang='lat' dir='ltr'><strong>qui</strong></span> <span class='ocrx_word' id='word_1_237' title='bbox 939 2919 1007 2959; x_wconf 82' lang='lat' dir='ltr'><strong>ores</strong></span> <span class='ocrx_word' id='word_1_238' title='bbox 1030 2898 1147 2959; x_wconf 81' lang='lat' dir='ltr'><strong>Christi</strong></span> <span class='ocrx_word' id='word_1_239' title='bbox 1169 2900 1264 2978; x_wconf 91' lang='lat' dir='ltr'><strong>iuquit</strong></span> <span class='ocrx_word' id='word_1_240' title='bbox 1286 2910 1354 2958; x_wconf 77' lang='lat' dir='ltr'><strong>‘rum</strong></span> <span class='ocrx_word' id='word_1_241' title='bbox 1378 2917 1478 2961; x_wconf 77' lang='lat' dir='ltr'><strong>aluere</strong></span> <span class='ocrx_word' id='word_1_242' title='bbox 1502 2899 1624 2970; x_wconf 85' lang='lat' dir='ltr'><strong>Christi,</strong></span> <span class='ocrx_word' id='word_1_243' title='bbox 1654 2901 1706 2961; x_wconf 88' lang='lat' dir='ltr'><strong>sed</strong></span> 
     </span>
     <span class='ocr_line' id='line_1_23' title="bbox 411 3000 1707 3081; baseline -0.003 -16"><span class='ocrx_word' id='word_1_244' title='bbox 411 3001 680 3081; x_wconf 66' lang='lat' dir='ltr'><strong>devergens,</strong></span> <span class='ocrx_word' id='word_1_245' title='bbox 704 3001 748 3063; x_wconf 83' lang='lat' dir='ltr'><strong>rel</strong></span> <span class='ocrx_word' id='word_1_246' title='bbox 771 3002 992 3072; x_wconf 89' lang='lat' dir='ltr'><strong>dominationis,</strong></span> <span class='ocrx_word' id='word_1_247' title='bbox 1018 3001 1061 3061; x_wconf 81' lang='lat' dir='ltr'><strong>rel</strong></span> <span class='ocrx_word' id='word_1_248' title='bbox 1085 3008 1214 3079; x_wconf 75' lang='lat' dir='ltr'><strong>quaestus</strong></span> <span class='ocrx_word' id='word_1_249' title='bbox 1235 3002 1327 3077; x_wconf 82' lang='lat' dir='ltr'><strong>gratia</strong></span> <span class='ocrx_word' id='word_1_250' title='bbox 1351 3000 1490 3079; x_wconf 83' lang='lat' dir='ltr'><strong>pascant&#39;.</strong></span> <span class='ocrx_word' id='word_1_251' title='bbox 1536 3002 1577 3062; x_wconf 87' lang='lat' dir='ltr'><strong>lle</strong></span> <span class='ocrx_word' id='word_1_252' title='bbox 1600 3002 1707 3080; x_wconf 87' lang='lat' dir='ltr'><strong>quihus</strong></span> 
     </span>
     <span class='ocr_line' id='line_1_24' title="bbox 411 3102 1707 3183; baseline -0.002 -17"><span class='ocrx_word' id='word_1_253' title='bbox 411 3105 447 3166; x_wconf 73' lang='lat' dir='ltr'><strong>sd</strong></span> <span class='ocrx_word' id='word_1_254' title='bbox 471 3102 680 3182; x_wconf 81' lang='lat' dir='ltr'><strong>Philippenses</strong></span> <span class='ocrx_word' id='word_1_255' title='bbox 708 3105 901 3183; x_wconf 87' lang='lat' dir='ltr'><strong>conqueritur</strong></span> <span class='ocrx_word' id='word_1_256' title='bbox 929 3102 1047 3165; x_wconf 90' lang='lat' dir='ltr'><strong>Paulos.</strong></span> <span class='ocrx_word' id='word_1_257' title='bbox 1091 3104 1155 3163; x_wconf 92' lang='lat' dir='ltr'><strong>iioc</strong></span> <span class='ocrx_word' id='word_1_258' title='bbox 1183 3103 1294 3163; x_wconf 85' lang='lat' dir='ltr'><strong>idcireo</strong></span> <span class='ocrx_word' id='word_1_259' title='bbox 1323 3102 1458 3183; x_wconf 91' lang='lat' dir='ltr'><strong>plurihus</strong></span> <span class='ocrx_word' id='word_1_260' title='bbox 1486 3103 1639 3173; x_wconf 87' lang='lat' dir='ltr'><strong>admonui,</strong></span> <span class='ocrx_word' id='word_1_261' title='bbox 1670 3123 1707 3163; x_wconf 91' lang='lat' dir='ltr'><strong>ne</strong></span> 
     </span>
     <span class='ocr_line' id='line_1_25' title="bbox 412 3203 1707 3285; baseline -0.002 -18"><span class='ocrx_word' id='word_1_262' title='bbox 412 3224 544 3285; x_wconf 76' lang='lat' dir='ltr'><strong>tunquam</strong></span> <span class='ocrx_word' id='word_1_263' title='bbox 569 3223 604 3266; x_wconf 88' lang='lat' dir='ltr'><strong>ea</strong></span> <span class='ocrx_word' id='word_1_264' title='bbox 626 3203 679 3266; x_wconf 90' lang='lat' dir='ltr'><strong>tihi</strong></span> <span class='ocrx_word' id='word_1_265' title='bbox 702 3204 808 3266; x_wconf 83' lang='lat' dir='ltr'><strong>hdueie</strong></span> <span class='ocrx_word' id='word_1_266' title='bbox 831 3205 953 3275; x_wconf 91' lang='lat' dir='ltr'><strong>incidat,</strong></span> <span class='ocrx_word' id='word_1_267' title='bbox 978 3213 1010 3266; x_wconf 92' lang='lat' dir='ltr'><strong>ut</strong></span> <span class='ocrx_word' id='word_1_268' title='bbox 1031 3204 1185 3265; x_wconf 86' lang='lat' dir='ltr'><strong>arhitreris</strong></span> <span class='ocrx_word' id='word_1_269' title='bbox 1207 3205 1409 3277; x_wconf 69' lang='lat' dir='ltr'><strong>‚heduseemodi</strong></span> <span class='ocrx_word' id='word_1_270' title='bbox 1434 3204 1521 3266; x_wconf 93' lang='lat' dir='ltr'><strong>huilis</strong></span> <span class='ocrx_word' id='word_1_271' title='bbox 1543 3224 1631 3283; x_wconf 88' lang='lat' dir='ltr'><strong>posse</strong></span> <span class='ocrx_word' id='word_1_272' title='bbox 1648 3212 1707 3266; x_wconf 89' lang='lat' dir='ltr'><strong>tea</strong></span> 
     </span>
     <span class='ocr_line' id='line_1_26' title="bbox 383 3305 1707 3387; baseline -0.002 -20"><span class='ocrx_word' id='word_1_273' title='bbox 383 3309 545 3370; x_wconf 67' lang='lat' dir='ltr'><strong>siccitatis</strong></span> <span class='ocrx_word' id='word_1_274' title='bbox 566 3307 666 3367; x_wconf 88' lang='lat' dir='ltr'><strong>studio</strong></span> <span class='ocrx_word' id='word_1_275' title='bbox 688 3305 856 3368; x_wconf 85' lang='lat' dir='ltr'><strong>absterrere</strong></span> <span class='ocrx_word' id='word_1_276' title='bbox 879 3325 947 3377; x_wconf 87' lang='lat' dir='ltr'><strong>nos,</strong></span> <span class='ocrx_word' id='word_1_277' title='bbox 971 3314 1000 3368; x_wconf 92' lang='lat' dir='ltr'><strong>et</strong></span> <span class='ocrx_word' id='word_1_278' title='bbox 1022 3328 1038 3367; x_wconf 91' lang='lat' dir='ltr'><strong>a</strong></span> <span class='ocrx_word' id='word_1_279' title='bbox 1062 3306 1219 3367; x_wconf 85' lang='lat' dir='ltr'><strong>dilectione</strong></span> <span class='ocrx_word' id='word_1_280' title='bbox 1242 3306 1289 3367; x_wconf 91' lang='lat' dir='ltr'><strong>dei</strong></span> <span class='ocrx_word' id='word_1_281' title='bbox 1304 3325 1456 3387; x_wconf 88' lang='lat' dir='ltr'><strong>separare:</strong></span> <span class='ocrx_word' id='word_1_282' title='bbox 1481 3308 1588 3386; x_wconf 87' lang='lat' dir='ltr'><strong>quippe</strong></span> <span class='ocrx_word' id='word_1_283' title='bbox 1605 3309 1635 3366; x_wconf 88' lang='lat' dir='ltr'><strong>in</strong></span> <span class='ocrx_word' id='word_1_284' title='bbox 1651 3308 1707 3367; x_wconf 86' lang='lat' dir='ltr'><strong>llo·</strong></span> 
     </span>
     <span class='ocr_line' id='line_1_27' title="bbox 411 3408 1708 3487; baseline -0.005 -14"><span class='ocrx_word' id='word_1_285' title='bbox 411 3410 490 3473; x_wconf 81' lang='lat' dir='ltr'><strong>nino</strong></span> <span class='ocrx_word' id='word_1_286' title='bbox 513 3408 707 3477; x_wconf 81' lang='lat' dir='ltr'><strong>confidimus,</strong></span> <span class='ocrx_word' id='word_1_287' title='bbox 736 3408 814 3486; x_wconf 91' lang='lat' dir='ltr'><strong>apud</strong></span> <span class='ocrx_word' id='word_1_288' title='bbox 842 3427 947 3487; x_wconf 86' lang='lat' dir='ltr'><strong>quem,</strong></span> <span class='ocrx_word' id='word_1_289' title='bbox 979 3416 1053 3469; x_wconf 86' lang='lat' dir='ltr'><strong>teste</strong></span> <span class='ocrx_word' id='word_1_290' title='bbox 1074 3408 1143 3476; x_wconf 90' lang='lat' dir='ltr'><strong>loh,</strong></span> <span class='ocrx_word' id='word_1_291' title='bbox 1175 3408 1314 3469; x_wconf 80' lang='lat' dir='ltr'><strong>fortitude</strong></span> <span class='ocrx_word' id='word_1_292' title='bbox 1341 3415 1385 3468; x_wconf 89' lang='lat' dir='ltr'><strong>est</strong></span> <span class='ocrx_word' id='word_1_293' title='bbox 1414 3416 1442 3468; x_wconf 91' lang='lat' dir='ltr'><strong>et</strong></span> <span class='ocrx_word' id='word_1_294' title='bbox 1471 3409 1627 3486; x_wconf 87' lang='lat' dir='ltr'><strong>sapientia,</strong></span> <span class='ocrx_word' id='word_1_295' title='bbox 1657 3411 1708 3487; x_wconf 90' lang='lat' dir='ltr'><strong>qui</strong></span> 
     </span>
     <span class='ocr_line' id='line_1_28' title="bbox 411 3494 1707 3590; baseline -0.004 -17"><span class='ocrx_word' id='word_1_296' title='bbox 411 3514 490 3573; x_wconf 79' lang='lat' dir='ltr'><strong>norit</strong></span> <span class='ocrx_word' id='word_1_297' title='bbox 512 3518 545 3573; x_wconf 89' lang='lat' dir='ltr'><strong>et</strong></span> <span class='ocrx_word' id='word_1_298' title='bbox 568 3510 765 3590; x_wconf 85' lang='lat' dir='ltr'><strong>decipientem</strong></span> <span class='ocrx_word' id='word_1_299' title='bbox 789 3518 817 3571; x_wconf 91' lang='lat' dir='ltr'><strong>et</strong></span> <span class='ocrx_word' id='word_1_300' title='bbox 833 3513 882 3590; x_wconf 88' lang='lat' dir='ltr'><strong>qui</strong></span> <span class='ocrx_word' id='word_1_301' title='bbox 898 3494 1057 3588; x_wconf 84' lang='lat' dir='ltr'><strong>decipitur,</strong></span> <span class='ocrx_word' id='word_1_302' title='bbox 1083 3512 1131 3588; x_wconf 87' lang='lat' dir='ltr'><strong>qui</strong></span> <span class='ocrx_word' id='word_1_303' title='bbox 1148 3511 1270 3571; x_wconf 88' lang='lat' dir='ltr'><strong>ellundit</strong></span> <span class='ocrx_word' id='word_1_304' title='bbox 1286 3510 1505 3589; x_wconf 84' lang='lat' dir='ltr'><strong>despectionem</strong></span> <span class='ocrx_word' id='word_1_305' title='bbox 1521 3529 1611 3588; x_wconf 90' lang='lat' dir='ltr'><strong>super</strong></span> <span class='ocrx_word' id='word_1_306' title='bbox 1626 3511 1707 3589; x_wconf 90' lang='lat' dir='ltr'><strong>prin·</strong></span> 
     </span>
     <span class='ocr_line' id='line_1_29' title="bbox 411 3611 1708 3695; baseline -0.005 -18"><span class='ocrx_word' id='word_1_307' title='bbox 411 3616 506 3695; x_wconf 80' lang='lat' dir='ltr'><strong>cipes,</strong></span> <span class='ocrx_word' id='word_1_308' title='bbox 537 3620 569 3675; x_wconf 86' lang='lat' dir='ltr'><strong>et</strong></span> <span class='ocrx_word' id='word_1_309' title='bbox 600 3630 667 3682; x_wconf 87' lang='lat' dir='ltr'><strong>eos,</strong></span> <span class='ocrx_word' id='word_1_310' title='bbox 696 3613 747 3691; x_wconf 91' lang='lat' dir='ltr'><strong>qui</strong></span> <span class='ocrx_word' id='word_1_311' title='bbox 773 3613 909 3693; x_wconf 87' lang='lat' dir='ltr'><strong>oppressi</strong></span> <span class='ocrx_word' id='word_1_312' title='bbox 931 3611 1062 3680; x_wconf 78' lang='lat' dir='ltr'><strong>luerunt,</strong></span> <span class='ocrx_word' id='word_1_313' title='bbox 1092 3611 1210 3673; x_wconf 81' lang='lat' dir='ltr'><strong>relevat.</strong></span> <span class='ocrx_word' id='word_1_314' title='bbox 1256 3612 1412 3690; x_wconf 87' lang='lat' dir='ltr'><strong>llesponde</strong></span> <span class='ocrx_word' id='word_1_315' title='bbox 1434 3613 1505 3672; x_wconf 89' lang='lat' dir='ltr'><strong>mihi</strong></span> <span class='ocrx_word' id='word_1_316' title='bbox 1528 3630 1613 3680; x_wconf 79' lang='lat' dir='ltr'><strong>vero,</strong></span> <span class='ocrx_word' id='word_1_317' title='bbox 1643 3611 1708 3689; x_wconf 76' lang='lat' dir='ltr'><strong>quh</strong></span> 
     </span>
     <span class='ocr_line' id='line_1_30' title="bbox 409 3713 1706 3795; baseline -0.005 -17"><span class='ocrx_word' id='word_1_318' title='bbox 409 3716 576 3795; x_wconf 81' lang='lat' dir='ltr'><strong>permansit</strong></span> <span class='ocrx_word' id='word_1_319' title='bbox 600 3715 632 3775; x_wconf 90' lang='lat' dir='ltr'><strong>iu</strong></span> <span class='ocrx_word' id='word_1_320' title='bbox 655 3714 798 3775; x_wconf 87' lang='lat' dir='ltr'><strong>mandatis</strong></span> <span class='ocrx_word' id='word_1_321' title='bbox 821 3714 945 3784; x_wconf 91' lang='lat' dir='ltr'><strong>domini,</strong></span> <span class='ocrx_word' id='word_1_322' title='bbox 970 3722 999 3775; x_wconf 91' lang='lat' dir='ltr'><strong>et</strong></span> <span class='ocrx_word' id='word_1_323' title='bbox 1021 3713 1179 3774; x_wconf 88' lang='lat' dir='ltr'><strong>derelictus</strong></span> <span class='ocrx_word' id='word_1_324' title='bbox 1202 3716 1264 3775; x_wconf 79' lang='lat' dir='ltr'><strong>est?</strong></span> <span class='ocrx_word' id='word_1_325' title='bbox 1286 3714 1413 3775; x_wconf 88' lang='lat' dir='ltr'><strong>Proimle</strong></span> <span class='ocrx_word' id='word_1_326' title='bbox 1435 3733 1495 3774; x_wconf 89' lang='lat' dir='ltr'><strong>non</strong></span> <span class='ocrx_word' id='word_1_327' title='bbox 1519 3722 1546 3774; x_wconf 90' lang='lat' dir='ltr'><strong>te</strong></span> <span class='ocrx_word' id='word_1_328' title='bbox 1562 3716 1706 3783; x_wconf 90' lang='lat' dir='ltr'><strong>timeums,</strong></span> 
     </span>
     <span class='ocr_line' id='line_1_31' title="bbox 383 3815 1706 3897; baseline -0.006 -14"><span class='ocrx_word' id='word_1_329' title='bbox 383 3818 488 3891; x_wconf 74' lang='lat' dir='ltr'><strong>staeo,</strong></span> <span class='ocrx_word' id='word_1_330' title='bbox 518 3824 786 3897; x_wconf 83' lang='lat' dir='ltr'><strong>quantumcunque</strong></span> <span class='ocrx_word' id='word_1_331' title='bbox 809 3815 1001 3877; x_wconf 79' lang='lat' dir='ltr'><strong>ferocientem</strong></span> <span class='ocrx_word' id='word_1_332' title='bbox 1025 3817 1127 3877; x_wconf 78' lang='lat' dir='ltr'><strong>etiarn:</strong></span> <span class='ocrx_word' id='word_1_333' title='bbox 1151 3835 1210 3875; x_wconf 90' lang='lat' dir='ltr'><strong>non</strong></span> <span class='ocrx_word' id='word_1_334' title='bbox 1234 3818 1311 3876; x_wconf 90' lang='lat' dir='ltr'><strong>enim</strong></span> <span class='ocrx_word' id='word_1_335' title='bbox 1334 3816 1445 3894; x_wconf 87' lang='lat' dir='ltr'><strong>poteris</strong></span> <span class='ocrx_word' id='word_1_336' title='bbox 1467 3823 1598 3876; x_wconf 72' lang='lat' dir='ltr'><strong>evertere</strong></span> <span class='ocrx_word' id='word_1_337' title='bbox 1614 3816 1706 3875; x_wconf 88' lang='lat' dir='ltr'><strong>trihu·</strong></span> 
     </span>
     <span class='ocr_line' id='line_1_32' title="bbox 411 3917 1708 3997; baseline -0.006 -13"><span class='ocrx_word' id='word_1_338' title='bbox 411 3920 467 3983; x_wconf 73' lang='lat' dir='ltr'><strong>nsl&#39;</strong></span> <span class='ocrx_word' id='word_1_339' title='bbox 479 3920 612 3989; x_wconf 85' lang='lat' dir='ltr'><strong>Christi,</strong></span> <span class='ocrx_word' id='word_1_340' title='bbox 636 3936 696 3997; x_wconf 91' lang='lat' dir='ltr'><strong>qno</strong></span> <span class='ocrx_word' id='word_1_341' title='bbox 719 3917 872 3979; x_wconf 88' lang='lat' dir='ltr'><strong>nohiscum</strong></span> <span class='ocrx_word' id='word_1_342' title='bbox 894 3917 947 3978; x_wconf 92' lang='lat' dir='ltr'><strong>tihi</strong></span> <span class='ocrx_word' id='word_1_343' title='bbox 971 3918 1099 3978; x_wconf 89' lang='lat' dir='ltr'><strong>eundum</strong></span> <span class='ocrx_word' id='word_1_344' title='bbox 1124 3926 1182 3987; x_wconf 87' lang='lat' dir='ltr'><strong>est,</strong></span> <span class='ocrx_word' id='word_1_345' title='bbox 1216 3926 1244 3976; x_wconf 83' lang='lat' dir='ltr'><strong>et</strong></span> <span class='ocrx_word' id='word_1_346' title='bbox 1272 3917 1307 3976; x_wconf 90' lang='lat' dir='ltr'><strong>ad</strong></span> <span class='ocrx_word' id='word_1_347' title='bbox 1337 3918 1416 3995; x_wconf 72' lang='lat' dir='ltr'><strong>qum</strong></span> <span class='ocrx_word' id='word_1_348' title='bbox 1439 3925 1633 3996; x_wconf 78' lang='lat' dir='ltr'><strong>provocantes</strong></span> <span class='ocrx_word' id='word_1_349' title='bbox 1655 3936 1708 3976; x_wconf 88' lang='lat' dir='ltr'><strong>nos</strong></span> 
     </span>
     <span class='ocr_line' id='line_1_33' title="bbox 411 4018 1707 4099; baseline -0.004 -15"><span class='ocrx_word' id='word_1_350' title='bbox 411 4040 478 4084; x_wconf 82' lang='lat' dir='ltr'><strong>cnm</strong></span> <span class='ocrx_word' id='word_1_351' title='bbox 501 4020 661 4099; x_wconf 83' lang='lat' dir='ltr'><strong>Propheta</strong></span> <span class='ocrx_word' id='word_1_352' title='bbox 680 4020 804 4081; x_wconf 80' lang='lat' dir='ltr'><strong>dicimus</strong></span> <span class='ocrx_word' id='word_1_353' title='bbox 827 4020 946 4081; x_wconf 80' lang='lat' dir='ltr'><strong>‘lustitia</strong></span> <span class='ocrx_word' id='word_1_354' title='bbox 969 4021 1037 4081; x_wconf 89' lang='lat' dir='ltr'><strong>iusti</strong></span> <span class='ocrx_word' id='word_1_355' title='bbox 1060 4037 1149 4098; x_wconf 85' lang='lat' dir='ltr'><strong>super</strong></span> <span class='ocrx_word' id='word_1_356' title='bbox 1172 4018 1265 4079; x_wconf 87' lang='lat' dir='ltr'><strong>eum’:</strong></span> <span class='ocrx_word' id='word_1_357' title='bbox 1289 4019 1351 4078; x_wconf 73' lang='lat' dir='ltr'><strong>lieee</strong></span> <span class='ocrx_word' id='word_1_358' title='bbox 1374 4019 1479 4079; x_wconf 88' lang='lat' dir='ltr'><strong>lidueia</strong></span> <span class='ocrx_word' id='word_1_359' title='bbox 1504 4026 1555 4080; x_wconf 92' lang='lat' dir='ltr'><strong>est.</strong></span> <span class='ocrx_word' id='word_1_360' title='bbox 1600 4019 1660 4086; x_wconf 83' lang='lat' dir='ltr'><strong>Tu,</strong></span> <span class='ocrx_word' id='word_1_361' title='bbox 1684 4021 1707 4080; x_wconf 91' lang='lat' dir='ltr'><strong>si</strong></span> 
     </span>
    </p>
   </div>
   <div class='ocr_carea' id='block_1_3' title="bbox 416 4228 614 4239">
    <p class='ocr_par' dir='ltr' id='par_1_3' title="bbox 416 4228 614 4239">
     <span class='ocr_line' id='line_1_34' title="bbox 416 4228 614 4239; baseline -0.02 0"><span class='ocrx_word' id='word_1_362' title='bbox 416 4228 614 4239; x_wconf 78' lang='lat'><strong>-----—</strong></span> 
     </span>
    </p>
   </div>
   <div class='ocr_carea' id='block_1_4' title="bbox 411 4356 1708 5102">
    <p class='ocr_par' dir='ltr' id='par_1_4' title="bbox 411 4356 1708 5102">
     <span class='ocr_line' id='line_1_35' title="bbox 472 4356 1706 4426; baseline -0.005 -14"><span class='ocrx_word' id='word_1_363' title='bbox 472 4358 587 4413; x_wconf 72' lang='lat' dir='ltr'><strong>²Pauh</strong></span> <span class='ocrx_word' id='word_1_364' title='bbox 600 4356 973 4426; x_wconf 71' lang='lat' dir='ltr'><strong>ep.1.·‹t‘rimoo1.vl.10.</strong></span> <span class='ocrx_word' id='word_1_365' title='bbox 1009 4357 1136 4424; x_wconf 76' lang='lat' dir='ltr'><strong>‘&#39;seips]</strong></span> <span class='ocrx_word' id='word_1_366' title='bbox 1154 4358 1234 4408; x_wconf 87' lang='lat' dir='ltr'><strong>Pouli</strong></span> <span class='ocrx_word' id='word_1_367' title='bbox 1249 4375 1291 4423; x_wconf 90' lang='lat' dir='ltr'><strong>ep.</strong></span> <span class='ocrx_word' id='word_1_368' title='bbox 1306 4359 1339 4407; x_wconf 89' lang='lat' dir='ltr'><strong>ud</strong></span> <span class='ocrx_word' id='word_1_369' title='bbox 1351 4359 1472 4424; x_wconf 89' lang='lat' dir='ltr'><strong>Philipp.</strong></span> <span class='ocrx_word' id='word_1_370' title='bbox 1486 4359 1551 4409; x_wconf 76' lang='lat' dir='ltr'><strong>nr.</strong></span> <span class='ocrx_word' id='word_1_371' title='bbox 1588 4358 1706 4408; x_wconf 76' lang='lat' dir='ltr'><strong>‘losum</strong></span> 
     </span>
     <span class='ocr_line' id='line_1_36' title="bbox 411 4441 1706 4514; baseline -0.007 -15"><span class='ocrx_word' id='word_1_372' title='bbox 411 4444 588 4514; x_wconf 60' lang='lat' dir='ltr'><strong>[epulis.</strong></span> <span class='ocrx_word' id='word_1_373' title='bbox 644 4442 753 4495; x_wconf 68' lang='lat' dir='ltr'><strong>’&#39;Poul.</strong></span> <span class='ocrx_word' id='word_1_374' title='bbox 768 4458 811 4508; x_wconf 86' lang='lat' dir='ltr'><strong>ep.</strong></span> <span class='ocrx_word' id='word_1_375' title='bbox 825 4443 859 4493; x_wconf 82' lang='lat' dir='ltr'><strong>ed</strong></span> <span class='ocrx_word' id='word_1_376' title='bbox 869 4444 989 4508; x_wconf 88' lang='lat' dir='ltr'><strong>Philipp.</strong></span> <span class='ocrx_word' id='word_1_377' title='bbox 1002 4444 1070 4493; x_wconf 85' lang='lat'><strong>11.3.</strong></span> <span class='ocrx_word' id='word_1_378' title='bbox 1126 4441 1147 4474; x_wconf 86' lang='lat'><strong>¹⁰</strong></span> <span class='ocrx_word' id='word_1_379' title='bbox 1165 4444 1243 4493; x_wconf 83' lang='lat' dir='ltr'><strong>l&#39;onl.</strong></span> <span class='ocrx_word' id='word_1_380' title='bbox 1257 4461 1300 4509; x_wconf 90' lang='lat' dir='ltr'><strong>ep.</strong></span> <span class='ocrx_word' id='word_1_381' title='bbox 1315 4444 1349 4492; x_wconf 84' lang='lat' dir='ltr'><strong>ud</strong></span> <span class='ocrx_word' id='word_1_382' title='bbox 1362 4444 1417 4492; x_wconf 81' lang='lat' dir='ltr'><strong>Tit.</strong></span> <span class='ocrx_word' id='word_1_383' title='bbox 1431 4445 1452 4492; x_wconf 88' lang='lat'><strong>1.</strong></span> <span class='ocrx_word' id='word_1_384' title='bbox 1464 4444 1487 4491; x_wconf 81' lang='lat'><strong>7.</strong></span> <span class='ocrx_word' id='word_1_385' title='bbox 1542 4442 1562 4474; x_wconf 67' lang='lat'><strong>¹³</strong></span> <span class='ocrx_word' id='word_1_386' title='bbox 1581 4441 1706 4507; x_wconf 77' lang='lat' dir='ltr'><strong>exempl]</strong></span> 
     </span>
     <span class='ocr_line' id='line_1_37' title="bbox 412 4526 1706 4599; baseline -0.008 -15"><span class='ocrx_word' id='word_1_387' title='bbox 412 4527 888 4599; x_wconf 73' lang='lat' dir='ltr'><strong>renuep.1.earimoen.1V.1a.</strong></span> <span class='ocrx_word' id='word_1_388' title='bbox 941 4526 962 4560; x_wconf 85' lang='lat'><strong>¹⁴</strong></span> <span class='ocrx_word' id='word_1_389' title='bbox 974 4528 1076 4578; x_wconf 85' lang='lat' dir='ltr'><strong>Pooim.</strong></span> <span class='ocrx_word' id='word_1_390' title='bbox 1093 4529 1215 4578; x_wconf 82' lang='lat' dir='ltr'><strong>cxvnl.</strong></span> <span class='ocrx_word' id='word_1_391' title='bbox 1228 4528 1269 4579; x_wconf 85' lang='grc'><strong>30.</strong></span> <span class='ocrx_word' id='word_1_392' title='bbox 1294 4529 1416 4578; x_wconf 76' lang='lat' dir='ltr'><strong>hmhros.</strong></span> <span class='ocrx_word' id='word_1_393' title='bbox 1431 4544 1523 4593; x_wconf 79' lang='lat' dir='ltr'><strong>expos.</strong></span> <span class='ocrx_word' id='word_1_394' title='bbox 1537 4528 1640 4577; x_wconf 87' lang='lat' dir='ltr'><strong>Psalmi</strong></span> <span class='ocrx_word' id='word_1_395' title='bbox 1659 4528 1706 4575; x_wconf 90' lang='lat' dir='ltr'><strong>eit.</strong></span> 
     </span>
     <span class='ocr_line' id='line_1_38' title="bbox 411 4609 1706 4679; baseline -0.005 -12"><span class='ocrx_word' id='word_1_396' title='bbox 411 4609 827 4679; x_wconf 58' lang='lat' dir='ltr'><strong>efi.ad.ssonod.1.p.101il.</strong></span> <span class='ocrx_word' id='word_1_397' title='bbox 879 4611 902 4645; x_wconf 76' lang='lat'><strong>¹¹</strong></span> <span class='ocrx_word' id='word_1_398' title='bbox 917 4612 1026 4678; x_wconf 83' lang='lat' dir='ltr'><strong>Eveug.</strong></span> <span class='ocrx_word' id='word_1_399' title='bbox 1040 4629 1096 4663; x_wconf 87' lang='lat' dir='ltr'><strong>see.</strong></span> <span class='ocrx_word' id='word_1_400' title='bbox 1116 4615 1210 4663; x_wconf 83' lang='lat' dir='ltr'><strong>loenn.</strong></span> <span class='ocrx_word' id='word_1_401' title='bbox 1225 4614 1298 4662; x_wconf 81' lang='lat' dir='ltr'><strong>xxi.</strong></span> <span class='ocrx_word' id='word_1_402' title='bbox 1315 4614 1354 4662; x_wconf 77' lang='lat'><strong>15.</strong></span> <span class='ocrx_word' id='word_1_403' title='bbox 1368 4630 1428 4677; x_wconf 89' lang='lat' dir='ltr'><strong>sqq.</strong></span> <span class='ocrx_word' id='word_1_404' title='bbox 1485 4612 1506 4643; x_wconf 60' lang='lat'><strong>¹³</strong></span> <span class='ocrx_word' id='word_1_405' title='bbox 1523 4613 1618 4661; x_wconf 87' lang='lat' dir='ltr'><strong>lonnn.</strong></span> <span class='ocrx_word' id='word_1_406' title='bbox 1631 4613 1651 4660; x_wconf 92' lang='lat'><strong>1.</strong></span> <span class='ocrx_word' id='word_1_407' title='bbox 1665 4628 1706 4676; x_wconf 92' lang='lat' dir='ltr'><strong>ep.</strong></span> 
     </span>
     <span class='ocr_line' id='line_1_39' title="bbox 412 4696 1708 4764; baseline -0.005 -12"><span class='ocrx_word' id='word_1_408' title='bbox 412 4700 507 4753; x_wconf 69' lang='lat' dir='ltr'><strong>utto.</strong></span> <span class='ocrx_word' id='word_1_409' title='bbox 570 4696 597 4733; x_wconf 53' lang='grc' dir='ltr'>ὓ</span> <span class='ocrx_word' id='word_1_410' title='bbox 613 4698 696 4750; x_wconf 73' lang='lat' dir='ltr'><strong>Beda</strong></span> <span class='ocrx_word' id='word_1_411' title='bbox 713 4713 775 4763; x_wconf 84' lang='lat' dir='ltr'><strong>exp.</strong></span> <span class='ocrx_word' id='word_1_412' title='bbox 790 4712 888 4764; x_wconf 67' lang='lat' dir='ltr'><strong>evang.</strong></span> <span class='ocrx_word' id='word_1_413' title='bbox 902 4712 958 4748; x_wconf 87' lang='lat' dir='ltr'><strong>see.</strong></span> <span class='ocrx_word' id='word_1_414' title='bbox 972 4698 1068 4748; x_wconf 82' lang='lat' dir='ltr'><strong>Ioann.</strong></span> <span class='ocrx_word' id='word_1_415' title='bbox 1084 4699 1157 4748; x_wconf 79' lang='lat' dir='ltr'><strong>xxi.</strong></span> <span class='ocrx_word' id='word_1_416' title='bbox 1170 4698 1209 4747; x_wconf 78' lang='grc'><strong>15.</strong></span> <span class='ocrx_word' id='word_1_417' title='bbox 1235 4700 1307 4759; x_wconf 79' lang='lat' dir='ltr'><strong>„Qui</strong></span> <span class='ocrx_word' id='word_1_418' title='bbox 1326 4698 1378 4747; x_wconf 91' lang='lat' dir='ltr'><strong>hoe</strong></span> <span class='ocrx_word' id='word_1_419' title='bbox 1397 4698 1488 4748; x_wconf 72' lang='lat' dir='ltr'><strong>estimo</strong></span> <span class='ocrx_word' id='word_1_420' title='bbox 1506 4702 1624 4763; x_wconf 81' lang='lat' dir='ltr'><strong>pascunt</strong></span> <span class='ocrx_word' id='word_1_421' title='bbox 1642 4711 1708 4746; x_wconf 89' lang='lat' dir='ltr'><strong>oves</strong></span> 
     </span>
     <span class='ocr_line' id='line_1_40' title="bbox 413 4780 1706 4849; baseline -0.007 -12"><span class='ocrx_word' id='word_1_422' title='bbox 413 4784 524 4849; x_wconf 73' lang='lat' dir='ltr'><strong>Christi,</strong></span> <span class='ocrx_word' id='word_1_423' title='bbox 541 4790 576 4837; x_wconf 80' lang='lat' dir='ltr'><strong>nt</strong></span> <span class='ocrx_word' id='word_1_424' title='bbox 593 4798 662 4836; x_wconf 72' lang='lat' dir='ltr'><strong>suu</strong></span> <span class='ocrx_word' id='word_1_425' title='bbox 682 4782 772 4833; x_wconf 80' lang='lat' dir='ltr'><strong>veiint</strong></span> <span class='ocrx_word' id='word_1_426' title='bbox 790 4796 867 4846; x_wconf 74' lang='lat' dir='ltr'><strong>esse,</strong></span> <span class='ocrx_word' id='word_1_427' title='bbox 884 4797 939 4832; x_wconf 88' lang='lat' dir='ltr'><strong>non</strong></span> <span class='ocrx_word' id='word_1_428' title='bbox 958 4782 1076 4845; x_wconf 82' lang='lat' dir='ltr'><strong>Christi,</strong></span> <span class='ocrx_word' id='word_1_429' title='bbox 1097 4783 1141 4832; x_wconf 90' lang='lat' dir='ltr'><strong>vel</strong></span> <span class='ocrx_word' id='word_1_430' title='bbox 1160 4783 1296 4848; x_wconf 79' lang='lat' dir='ltr'><strong>gloriandi</strong></span> <span class='ocrx_word' id='word_1_431' title='bbox 1316 4784 1360 4832; x_wconf 86' lang='lat' dir='ltr'><strong>vel</strong></span> <span class='ocrx_word' id='word_1_432' title='bbox 1378 4781 1538 4832; x_wconf 85' lang='lat' dir='ltr'><strong>dominandi</strong></span> <span class='ocrx_word' id='word_1_433' title='bbox 1556 4780 1599 4830; x_wconf 86' lang='lat' dir='ltr'><strong>vel</strong></span> <span class='ocrx_word' id='word_1_434' title='bbox 1614 4781 1706 4844; x_wconf 81' lang='lat' dir='ltr'><strong>eequi-</strong></span> 
     </span>
     <span class='ocr_line' id='line_1_41' title="bbox 413 4862 1706 4937; baseline -0.009 -14"><span class='ocrx_word' id='word_1_435' title='bbox 413 4870 483 4922; x_wconf 62' lang='grc' dir='ltr'><strong>ὀὔ</strong></span> <span class='ocrx_word' id='word_1_436' title='bbox 496 4870 669 4937; x_wconf 65' lang='lat' dir='ltr'><strong>eupiditate,</strong></span> <span class='ocrx_word' id='word_1_437' title='bbox 683 4882 741 4919; x_wconf 84' lang='lat' dir='ltr'><strong>non</strong></span> <span class='ocrx_word' id='word_1_438' title='bbox 752 4866 901 4918; x_wconf 82' lang='lat' dir='ltr'><strong>obediendi</strong></span> <span class='ocrx_word' id='word_1_439' title='bbox 913 4872 941 4918; x_wconf 80' lang='lat' dir='ltr'><strong>et</strong></span> <span class='ocrx_word' id='word_1_440' title='bbox 953 4868 1136 4918; x_wconf 85' lang='lat' dir='ltr'><strong>subveniendi</strong></span> <span class='ocrx_word' id='word_1_441' title='bbox 1150 4872 1178 4917; x_wconf 87' lang='lat' dir='ltr'><strong>et</strong></span> <span class='ocrx_word' id='word_1_442' title='bbox 1190 4868 1241 4917; x_wconf 78' lang='lat' dir='ltr'><strong>neo</strong></span> <span class='ocrx_word' id='word_1_443' title='bbox 1255 4867 1382 4933; x_wconf 83' lang='lat' dir='ltr'><strong>placendi</strong></span> <span class='ocrx_word' id='word_1_444' title='bbox 1395 4866 1558 4915; x_wconf 53' lang='lat' dir='ltr'><strong>charitates</strong></span> <span class='ocrx_word' id='word_1_445' title='bbox 1594 4862 1616 4895; x_wconf 79' lang='lat'><strong>²⁸</strong></span> <span class='ocrx_word' id='word_1_446' title='bbox 1629 4864 1706 4913; x_wconf 82' lang='lat' dir='ltr'><strong>Paul.</strong></span> 
     </span>
     <span class='ocr_line' id='line_1_42' title="bbox 415 4947 1706 5022; baseline -0.007 -16"><span class='ocrx_word' id='word_1_447' title='bbox 415 4952 679 5022; x_wconf 72' lang='lat' dir='ltr'><strong>dehihpp.1{.2t.</strong></span> <span class='ocrx_word' id='word_1_448' title='bbox 720 4949 744 4983; x_wconf 77' lang='lat'><strong>⁸⁸</strong></span> <span class='ocrx_word' id='word_1_449' title='bbox 762 4950 814 5002; x_wconf 88' lang='lat' dir='ltr'><strong>Ioh</strong></span> <span class='ocrx_word' id='word_1_450' title='bbox 827 4950 985 5001; x_wconf 76' lang='lat' dir='ltr'><strong>xltloel.</strong></span> <span class='ocrx_word' id='word_1_451' title='bbox 1025 4949 1047 4985; x_wconf 58' lang='grc' dir='ltr'><strong>’Β</strong></span> <span class='ocrx_word' id='word_1_452' title='bbox 1068 4949 1138 5016; x_wconf 86' lang='lat' dir='ltr'><strong>quis]</strong></span> <span class='ocrx_word' id='word_1_453' title='bbox 1158 4951 1353 5001; x_wconf 82' lang='lat' dir='ltr'><strong>Ecclesiastiei</strong></span> <span class='ocrx_word' id='word_1_454' title='bbox 1367 4951 1399 4999; x_wconf 91' lang='lat' dir='ltr'><strong>li.</strong></span> <span class='ocrx_word' id='word_1_455' title='bbox 1410 4951 1447 4999; x_wconf 75' lang='lat'><strong>12¹.</strong></span> <span class='ocrx_word' id='word_1_456' title='bbox 1489 4949 1511 4981; x_wconf 81' lang='lat'><strong>⁸⁰</strong></span> <span class='ocrx_word' id='word_1_457' title='bbox 1531 4947 1706 4998; x_wconf 78' lang='lat' dir='ltr'><strong>cl.Peul.ad</strong></span> 
     </span>
     <span class='ocr_line' id='line_1_43' title="bbox 415 5034 1166 5102; baseline -0.013 -9"><span class='ocrx_word' id='word_1_458' title='bbox 415 5036 481 5092; x_wconf 70' lang='lat' dir='ltr'><strong>Rem.</strong></span> <span class='ocrx_word' id='word_1_459' title='bbox 492 5040 568 5092; x_wconf 80' lang='lat' dir='ltr'><strong>XIV.</strong></span> <span class='ocrx_word' id='word_1_460' title='bbox 575 5039 619 5091; x_wconf 83' lang='lat' dir='ltr'><strong>lo.</strong></span> <span class='ocrx_word' id='word_1_461' title='bbox 657 5036 681 5070; x_wconf 82' lang='lat'><strong>⁸²</strong></span> <span class='ocrx_word' id='word_1_462' title='bbox 699 5034 855 5102; x_wconf 68' lang='lat' dir='ltr'><strong>Propheta]</strong></span> <span class='ocrx_word' id='word_1_463' title='bbox 874 5036 1005 5087; x_wconf 81' lang='lat' dir='ltr'><strong>Ezechiel</strong></span> <span class='ocrx_word' id='word_1_464' title='bbox 1018 5034 1166 5086; x_wconf 73' lang='lat' dir='ltr'><strong>xvnnro.</strong></span> 
     </span>
    </p>
   </div>
   <div class='ocr_carea' id='block_1_5' title="bbox 0 0 2164 6052">
    <p class='ocr_par' dir='ltr' id='par_1_5' title="bbox 0 0 2164 6052">
     <span class='ocr_line' id='line_1_44' title="bbox 0 0 2164 6052; baseline 0 0"><span class='ocrx_word' id='word_1_465' title='bbox 0 0 2164 6052; x_wconf 95' lang='lat' dir='ltr'><strong> </strong></span> 
     </span>
    </p>
   </div>
  </div>
 </body>
</html>
