4300 6059
485 720 622 758 uesanos
637 722 809 758 sternamur
823 724 858 758 ns
872 722 1018 758 conrasas
1031 722 1205 758 inoverenon
1218 722 1393 758 osscsrrsso.
1406 722 1432 757 s.
1445 715 1502 757 ists.
1562 687 1635 762 2⁵77

347 884 563 954 „reperiunturt
585 888 610 936 et
631 896 693 934 cnm
718 885 807 936 οιιιιιιιι
830 881 941 946 desunt,
963 880 1069 935 silentia
1091 897 1146 935 non
1168 881 1278 945 desunt,
1302 887 1383 953 rupto
1400 879 1551 955 nutritaque
1565 886 1641 938 orani

348 970 430 1029 ..iure
451 973 533 1039 atqie
553 967 681 1038 equitate
703 967 865 1021 mortalium.
911 964 948 1020 Et
965 973 1116 1036 propterea
1134 966 1258 1021 omnbus
1279 969 1333 1020 ium
1354 968 1514 1022 sacerdotiis
1535 970 1577 1023 ael
1588 969 1637 1022 ‘el-

348 1049 560 1113 „tercutionibus
582 1051 623 1105 nel
641 1051 772 1123 praecibus
790 1049 980 1122 pensionibus,
1007 1053 1066 1106 siue
1087 1050 1184 1122 quibus
1211 1053 1353 1123 quippiam
1373 1054 1402 1105 iu
1421 1056 1635 1123 presentiarum

347 1153 421 1200 ,non
441 1137 651 1209 consequimur,
683 1135 839 1203 exhaustis,
869 1150 920 1189 aec
940 1150 997 1191 noa
1018 1142 1044 1190 et
1064 1136 1134 1190 elam
1155 1142 1182 1190 et
1201 1136 1229 1190 iu
1246 1137 1395 1208 propatulo
1415 1127 1547 1192 mentibui
1566 1153 1633 1210 erqo

325 1232 338 1268 ⁵
350 1223 519 1294 ..Pontifices
539 1221 611 1276 mab
631 1219 771 1291 affectis&
809 1220 957 1308 Coniuncta
979 1222 1057 1275 tertio
1079 1221 1137 1278 loco
1151 1221 1337 1293 profanorum
1351 1224 1430 1277 etiam
1446 1216 1580 1294 llum¹¹⁸
1590 1227 1662 1285 tws.
1669 1237 1703 1283 ιι.

346 1307 460 1378 querela
480 1311 557 1369 erat,
584 1322 648 1378 quee
674 1307 774 1361 minan
800 1307 828 1360 iu
832 1298 965 1361 modum
986 1306 1114 1360 inuidiam
1136 1306 1373 1379 eauqqerabot:‚
1377 1309 1405 1373 ,ii
1430 1309 1585 1363 nullatenus
1605 1323 1636 1364 se

346 1391 523 1463 „Viqesimas
545 1388 821 1462 Quinquaqesimasoe
841 1390 955 1445 daturos
976 1389 1138 1463 affirmare,
1161 1397 1187 1445 et
1206 1407 1231 1446 ιι
1227 1392 1392 1462 Principes
1413 1399 1548 1464 cuperent,
1566 1407 1633 1464 pes-

347 1478 434 1537 ..simc
452 1476 559 1549 sactum
588 1474 751 1547 mulctari,
779 1477 828 1547 qui
852 1477 927 1531 toties
951 1476 1061 1548 populis
1087 1478 1145 1531 sitis
1171 1476 1203 1531 ob
1224 1476 1298 1531 banc
1320 1491 1432 1532 causam
1454 1479 1585 1549 expilatis
1604 1491 1635 1533 se

347 1565 442 1623 „toties
466 1560 614 1634 pueriliter
639 1560 729 1632 decipi
751 1563 880 1624 sinerent.
922 1575 1072 1616 numerare
1092 1562 1194 1632 quoties
1219 1562 1292 1616 datae
1313 1563 1442 1633 pecstnice
1474 1569 1549 1627 sumt,
1578 1570 1634 1618 tum

314 1647 478 1707 ¹⁰„de
498 1647 528 1700 in
547 1647 683 1714 pecunias
704 1645 889 1716 brumandus,
917 1662 972 1700 noa
992 1647 1021 1699 in
1035 1645 1174 1700 Taureos
1199 1646 1296 1702 bellum
1320 1654 1425 1718 qestum
1453 1661 1526 1706 esse:
1552 1662 1632 1718 repe-

345 1738 426 1793 ..tere
445 1738 472 1786 et
493 1731 667 1786 Anaatcuum
688 1733 832 1802 originem
855 1745 926 1801 quas
947 1747 965 1784 a
983 1732 1123 1802 principio
1144 1733 1280 1788 institutas
1294 1746 1354 1786 esse
1367 1747 1477 1787 assere·
1499 1726 1505 1798 Ι
1538 1746 1632 1782 ima..
1662 1731 1664 1734 ’

345 1818 443 1879 ..bunt
470 1823 502 1872 ut
520 1821 618 1870 contra
642 1815 770 1871 Ybureus
792 1814 1019 1887 sarracenosque
1039 1823 1261 1887 exponerentur:
1286 1818 1460 1889 murraqare
1480 1817 1632 1885 identidem

345 1908 458 1963 „teatin
476 1901 661 1972 pecuniarum
691 1915 809 1956 aceruus
835 1917 965 1971 quorsum
988 1902 1093 1971 periit,
1120 1907 1146 1956 ct
1173 1903 1202 1955 in
1229 1916 1307 1973 quem
1334 1916 1414 1957 snum
1443 1903 1633 1957 ecclesiastica

346 1986 473 2058 ,prtedoe
494 1985 603 2040 laudem
625 2000 767 2042 conuersoe
786 1984 900 2056 suerint.
946 1984 1143 2052 Quamobrem,
1170 2001 1207 2041 ue
1231 1986 1300 2041 illud
1325 2001 1431 2058 quoque
1459 1987 1493 2041 tle
1513 1986 1632 2042 Decimio
1641 1996 1699 2047 §.ta

313 2075 403 2133 tt„ae
432 2069 572 2142 Viqesimis
590 2071 655 2140 fiet,
677 2076 707 2126 ut
721 2086 779 2142 pro
799 2070 993 2125 consuetudine
1013 2071 1116 2125 scilicet
1142 2086 1178 2125 uc
1193 2072 1286 2142 potiris
1306 2072 1364 2142 leqe
1384 2074 1559 2142 imposterum
1581 2071 1633 2127 lta-
1674 2099 1676 2103 v

345 2156 479 2218 „berentr
504 2155 580 2227 quod
605 2157 689 2211 semel
715 2157 865 2227 inperaret
897 2157 1058 2225 necessitas,
1084 2170 1115 2210 se
1140 2172 1193 2227 quo
1211 2157 1301 2210 mirus
1322 2156 1457 2211 eiusmodi
1475 2171 1563 2211 onera
1584 2160 1634 2211 im·

345 2246 551 2313 ..ponerentur,
571 2257 626 2311 pro
647 2241 720 2297 uirili
736 2239 949 2310 prohibituros’.
992 2241 1056 2296 iliis
1075 2255 1142 2312 erqo
1163 2241 1199 2294 de
1219 2241 1311 2295 causis
1328 2240 1459 2296 Germani
1479 2242 1634 2312 Principes,
1733 2257 1735 2261 ’

345 2342 409 2382 cum
429 2326 601 2396 maureium
623 2326 745 2381 monime
765 2324 886 2381 arduam
906 2333 987 2397 oque
1002 2328 1156 2380 animorum
1171 2326 1345 2381 acerbitatem
1359 2327 1495 2394 viderent,
1518 2327 1636 2398 differre

344 2411 496 2467 csmsultius
517 2410 646 2465 arbitrati
665 2418 743 2474 sunt,
772 2415 802 2465 ut
828 2412 934 2464 iuterim
954 2410 1181 2481 persuasionibus
1204 2411 1302 2481 populi
1327 2412 1513 2468 emollirentur
1545 2418 1570 2467 et
1597 2411 1636 2467 ad

311 2493 561 2568 ttmuqmitudinem
580 2497 623 2551 rei
642 2501 667 2550 at
688 2494 871 2550 meboonclum
893 2501 918 2549 et
936 2495 1136 2566 perficiendam
1157 2501 1267 2548 mature
1287 2497 1377 2550 omnia
1391 2504 1632 2573 compararentur.

347 2583 438 2640 Ctesar
458 2596 540 2642 vero,
563 2580 610 2653 qni
633 2579 836 2654 persuadendo,
865 2579 999 2635 hortando
1022 2579 1211 2652 monendoque
1234 2577 1338 2634 nullum
1360 2581 1545 2653 prietermittit
1568 2588 1703 2640 tem-§.tt⁸

347 2683 416 2740 pus,
439 2664 589 2738 Legatique
611 2681 664 2721 una
686 2683 717 2721 ac
739 2665 829 2722 cnteri
851 2664 995 2724 Oratores.
1024 2665 1070 2736 qui
1094 2663 1196 2736 ltegutn
1220 2679 1331 2719 suorum
1353 2666 1462 2721 nomine
1484 2667 1551 2721 satis
1572 2665 1637 2722 vaii-

346 2751 396 2807 das
418 2748 513 2823 copias
536 2748 750 2823 pollicebantur.
780 2757 810 2805 nt
832 2766 993 2824 responsum
1015 2749 1043 2805 in
1066 2749 1161 2823 primis
1182 2747 1318 2805 schedulis
1339 2743 1425 2822 grave
1450 2766 1481 2807 sc
1502 2756 1637 2807 maturum

347 2833 581 2897 commendamus.
605 2835 642 2890 ita
657 2835 684 2891 in
699 2834 752 2890 sinc
774 2835 948 2890 reiiciendum
971 2834 1082 2889 omnino
1103 2840 1283 2907 putauerunt,
1304 2850 1365 2890 cum
1388 2835 1421 2890 ad
1442 2852 1473 2890 ca
1494 2835 1637 2891 demendo-

313 2921 407 2977 ”siat
427 2918 581 2988 recitanda.
610 2937 671 2993 quse
697 2937 752 2977 non
780 2919 861 2976 ruodo
889 2937 943 2998 ison
972 2918 1136 2975 inflammare
1163 2921 1283 2980 animos,
1312 2920 1361 2975 sed
1390 2919 1505 2993 frigidos
1527 2937 1637 2993 qnoque

347 3005 462 3063 tetidem
485 3011 566 3077 atque
589 3022 603 3060 a
628 3012 701 3060 tanta
723 3003 894 3078 expeditione
922 3004 1030 3077 penitus
1059 3003 1163 3059 alienos
1191 3009 1311 3077 possent.
1349 3005 1440 3077 itaque
1468 3005 1534 3060 satis
1561 3005 1635 3078 grani

346 3089 475 3146 oratione
496 3089 717 3163 argumentisque
740 3106 799 3163 qnae
822 3088 1021 3162 aPrincipibus
1044 3087 1255 3149 obiiciebantur.
1276 3087 1425 3145 diluerunt.
1468 3089 1527 3145 Non
1549 3089 1705 3150 multasti.

348 3182 413 3248 post
435 3173 581 3232 Pannonis
603 3174 683 3248 Regis
706 3183 801 3230 orator
823 3191 837 3228 a
859 3174 965 3230 Caesare
988 3173 1097 3229 auditus
1119 3182 1175 3236 est,
1204 3174 1249 3247 qui
1273 3174 1306 3229 do
1328 3174 1530 3230 incursionibus
1551 3175 1639 3229 ΊῚιιιι-

346 3276 443 3316 aarum
458 3259 487 3314 iu
500 3258 676 3322 Pannoniam,
692 3257 947 3332 supervenientibus
963 3259 1044 3315 etiam
1059 3257 1147 3315 literis
1162 3257 1294 3314 biarchio·
1309 3253 1412 3330 ΙἪ
1413 3252 1551 3330 ihm?
1537 3253 1638 3331 ΝΜ·

313 3345 395 3400 ²tuis
416 3343 678 3417 Brandebsugensis,
708 3343 744 3400 ita
761 3343 926 3399 recensuit:
956 3344 1076 3401 Thurcas
1098 3351 1180 3400 noctu
1204 3344 1366 3416 intempesta
1393 3344 1551 3416 nostrisque
1571 3343 1639 3400 nihil

349 3427 405 3485 tale
432 3428 635 3502 suspicantibus
664 3429 697 3486 ad
726 3429 826 3505 nroeniu
845 3428 996 3485 Tauroduri
1017 3429 1137 3491 venisse,
1159 3437 1187 3485 ct
1209 3437 1312 3501 quanto
1334 3429 1436 3484 maiore
1458 3427 1567 3485 silentio
1591 3444 1640 3503 po-

350 3522 453 3575 terant.
479 3513 571 3588 oppidi
594 3513 800 3588 propugnacula
821 3513 1019 3570 conscendisse.
1065 3512 1172 3587 vigiles,
1201 3530 1262 3569 crim
1289 3514 1405 3587 strepitu
1434 3531 1571 3569 asinorum
1593 3532 1640 3569 co-

348 3598 576 3671 hortantiumque
596 3616 626 3654 se
650 3599 760 3655 invicem
783 3597 899 3654 militurn
922 3615 1001 3654 voces
1023 3598 1176 3661 audissent,
1195 3597 1314 3654 classico
1334 3597 1507 3672 clamoreque
1528 3599 1639 3673 oppida-

349 3701 405 3740 aos-
420 3683 556 3745 excitare.
579 3684 721 3740 vociferari
744 3683 838 3739 adesse
860 3683 968 3739 hostes:
996 3684 1036 3741 sic
1058 3693 1170 3758 repente
1192 3682 1292 3756 ubique
1314 3685 1346 3740 ad
1374 3699 1447 3740 amia
1475 3700 1639 3739 concursum

314 3775 402 3824 nest.
439 3769 535 3825 hostes
556 3776 646 3826 autern
669 3768 804 3842 superatis
826 3767 1038 3842 propugnaculis
1060 3768 1285 3842 obtruncatisque
1306 3768 1465 3826 custodibus
1480 3761 1574 3841 portas
1590 3786 1707 3842 aqi-sss.

350 3852 406 3927 pidi
439 3870 508 3926 pene
535 3854 683 3934 inegerunt.
721 3853 809 3909 nostri
837 3853 910 3910 iacto
942 3853 1043 3927 inipetu
1072 3854 1192 3910 Tburcas
1221 3855 1383 3933 reiecerunt.
1427 3861 1577 3928 pugnatum
1600 3861 1643 3909 cst

350 3937 481 4011 utrinqne
502 3939 615 4002 scriter;
638 3955 729 3995 neruus
751 3938 879 4012 oppidani
900 3955 962 3994 curn
984 3939 1141 4011 superiores
1170 3939 1334 4002 evasissent,
1363 3940 1456 3995 hostes
1484 3938 1581 3995 iniecta
1613 3955 1643 3995 rc

350 4022 492 4084 sitierunt.
514 4022 693 4080 minitabuudi
711 4040 744 4078 se
767 4022 849 4096 paulo
872 4030 935 4097 post
957 4040 1017 4079 cum
1041 4022 1215 4079 validioribus
1230 4024 1317 4098 copiis
1333 4023 1474 4079 affuturos.
1503 4021 1539 4078 Ex
1555 4025 1642 4079 Thiar·
1682 4038 1685 4043 ·

350 4109 390 4164 eis
411 4107 520 4164 ducenti
544 4108 681 4167 interiecti
704 4115 781 4168 sunt.
818 4126 849 4164 er
877 4108 1019 4183 oppidanis
1048 4125 1111 4164 vcro
1143 4125 1198 4163 non
1223 4107 1314 4182 plnres
1343 4109 1543 4181 vigintiseptern
1571 4108 1643 4164 dosi-

317 4192 460 4249 muratis
488 4193 561 4266 qnod
584 4202 674 4251 autem
690 4192 790 4267 oppidi
812 4193 911 4268 moenia
932 4192 974 4265 (ut
995 4193 1122 4267 superius
1137 4192 1202 4265 dini)
1224 4192 1345 4248 demoliti
1369 4193 1484 4254 luerint,
1507 4191 1577 4248 ialso
1600 4208 1642 4248 re·

350 4277 435 4334 latum
456 4285 508 4333 est.
551 4277 611 4335 Non
634 4278 720 4334 multo
741 4287 805 4334 aitte
827 4296 888 4335 utun
910 4279 992 4334 etiaim
1014 4277 1164 4334 Rhoxolani
1188 4277 1399 4334 Amaxobios‘ct
1420 4277 1551 4346 [situanos
1573 4295 1709 4352 giris-§.ta

349 4361 468 4419 dabuudi
491 4362 668 4425 invasissent,
698 4363 725 4418 in
755 4363 958 4437 oppugnatione
989 4359 1081 4437 oppidi
1112 4383 1126 4418 a
1155 4361 1283 4430 Sarmatis
1313 4363 1488 4419 circumventi
1516 4363 1643 4420 trucidati

351 4455 423 4503 sunt.
461 4447 531 4504 idem
554 4457 583 4505 et
605 4447 726 4505 Tartaris
748 4448 899 4521 contigisse
921 4448 1007 4506 litcrae
1029 4465 1061 4503 nx
1085 4447 1216 4503 Sarmatia
1245 4446 1333 4505 allatas
1362 4447 1538 4504 testabantur.
1582 4448 1644 4505 Hecu

417 4630 572 4696 ¹equitate
592 4633 616 4682 ι.
651 4631 833 4694 torennense.
882 4627 944 4678 ¹¹In
963 4643 977 4681 n
995 4637 1033 4679 est
1051 4634 1150 4681 lemma:
1169 4629 1192 4678 A
1210 4628 1331 4694 querelis
1349 4628 1490 4679 laicorum.
1538 4628 1644 4681 ‘’ntun-

349 4726 408 4769 tunt
426 4719 453 4766 2.
489 4713 639 4780 enuntiet
657 4719 682 4768 2.
718 4715 775 4768 ¹ub
794 4718 819 4764 2.
856 4713 877 4746 ¹⁰
895 4716 1001 4766 Tuscus
1018 4728 1042 4769 u.
1078 4713 1098 4747 ¹¹
1118 4715 1221 4766 &runa
1240 4729 1275 4764 ex
1292 4727 1315 4766 a.
1352 4710 1373 4744 ¹²
1391 4714 1496 4780 Tuscus
1511 4727 1537 4783 u.
1575 4711 1595 4744 ¹⁵
1615 4715 1644 4764 iu

351 4805 532 4867 posteram.
567 4797 589 4835 ¹¹
605 4798 693 4851 Hine.
728 4795 749 4839 ²¹
768 4814 852 4853 rrurs.
866 4813 889 4851 u.
926 4801 1087 4862 utttttutittis
1100 4803 1125 4850 2.
1160 4799 1183 4832 ¹¹
1196 4799 1274 4860 Quod
1287 4812 1446 4865 responsum
1460 4812 1521 4849 cum
1534 4797 1644 4848 omnino

352 4885 388 4936 sd
405 4901 463 4935 scm
482 4884 623 4950 pertinere
648 4884 801 4946 videretur,
826 4898 909 4950 supra
927 4901 954 4949 p.
969 4883 1025 4933 198.
1039 4900 1098 4949 sqq.
1117 4884 1241 4949 recipere
1255 4883 1368 4949 placuit.
1421 4880 1441 4913 ¹¹
1455 4879 1506 4930 tati
1519 4884 1543 4931 t.
1589 4897 1644 4932 me·

352 4972 428 5022 ιιιοι.
476 4967 569 5035 Taua]
587 4972 637 5019 uuit
655 4969 784 5034 Belgratl.
798 4969 985 5034 cipitur.
999 4968 1023 5024 t.
1075 4964 1097 4997 ³³
1112 4963 1225 5031 audias]
1237 4966 1396 5018 hausissent
1407 4967 1466 5018 edd.
1506 4964 1567 5013 Μ
1578 4966 1644 5018 aefi-

352 5044 444 5105 dasati
455 5057 507 5104 ιλ.
560 5051 581 5086 ⁴¹
600 5052 813 5117 Podaliensibns
832 5068 865 5103 ec
883 5051 1128 5117 Wolhynieusibus
1145 5051 1377 5103 Hamaxobiorum
1395 5067 1493 5103 nomon
1511 5051 1567 5103 dat.
