4300 6059
537 713 641 750 ΒΙΔΒΙΙ
654 714 781 748 vlrztbtt
796 715 899 749 trumo
913 715 1047 751 AVGVSTAE
1060 717 1173 751 vinntst..
1189 717 1214 751 D.
1228 711 1261 750 2⁰.
1276 716 1341 751 tvo.
1354 716 1380 751 A.
1398 709 1454 752 15¹8.
1468 716 1582 754 uentu.
1631 684 1705 758 243

415 871 462 928 illa
485 872 681 947 septentrionis
705 889 766 935 ora,
790 875 869 930 modo
892 873 971 930 hellis
988 868 1068 942 aliis,
1093 874 1191 947 quibus
1206 876 1335 932 continuo
1351 876 1506 950 impetitur,
1530 876 1608 933 linem
1630 885 1707 950 opta·

416 966 474 1013 tum
497 958 637 1032 imponere
659 958 755 1031 possit.
793 956 867 1025 Quos
889 976 952 1014 vero
974 959 1069 1014 hostes
1092 977 1205 1032 reguum
1227 969 1352 1016 nostrum
1375 961 1471 1017 habeat
1492 970 1520 1017 et
1543 961 1642 1035 quibus
1657 961 1708 1016 dil·

416 1041 584 1099 deultatibus
613 1042 667 1098 lter
703 1041 748 1098 ille
778 1042 1001 1100 bellicosissimus
1029 1044 1182 1106 detinetur.
1212 1045 1382 1120 paucissimis
1410 1045 1565 1120 explicabo,
1594 1063 1627 1102 ne
1653 1047 1706 1121 piis

417 1127 530 1184 auribus
552 1127 652 1183 fastidii
676 1127 810 1201 praebeam
832 1129 1033 1185 ollcndiculunr.
1067 1130 1166 1185 Notum
1188 1139 1231 1186 est
1252 1131 1303 1186 hac
1325 1139 1406 1187 aetate
1428 1139 1523 1187 nostra
1541 1131 1707 1205 sigismundi
1717 1134 1776 1184 §.2⁸-

396 1224 520 1268 tuomen
548 1211 655 1268 celebre
683 1211 766 1286 lenge
794 1212 902 1286 lateque
930 1214 1056 1288 plurimis
1084 1216 1207 1271 victoriis
1235 1215 1305 1272 lama
1333 1217 1510 1274 refertissima
1539 1216 1707 1289 pervolante:

418 1297 484 1354 nolo
507 1315 579 1354 nune
600 1298 787 1371 genealogiam
810 1307 837 1354 et
860 1308 951 1355 ortum
973 1299 1116 1356 clarissimi
1145 1303 1219 1374 regis
1248 1310 1354 1363 tenere,
1383 1320 1443 1376 qum
1473 1311 1526 1359 tuae
1553 1301 1708 1357 celsitudini

417 1383 512 1438 ethis
535 1383 661 1439 omnihus
683 1382 750 1438 satis
771 1384 882 1456 cognita
905 1401 966 1441 esse
992 1385 1087 1441 debet:
1121 1385 1265 1442 Casimirea
1294 1387 1390 1442 doinus
1418 1395 1472 1449 cst,
1507 1404 1567 1460 quae
1594 1403 1709 1461 regnare

418 1484 528 1541 semper
549 1467 643 1526 didicit
665 1475 692 1523 et
714 1468 834 1531 vincere;
863 1470 1034 1543 presentiam
1057 1479 1162 1526 matura
1191 1470 1393 1545 pulchritudine
1421 1481 1449 1528 et
1476 1480 1588 1546 aspectu
1617 1473 1710 1527 iucun-

416 1552 531 1608 dissimo
553 1552 679 1609 decoram
701 1560 731 1608 tu
754 1553 825 1609 nosti
850 1554 886 1608 ita
908 1571 940 1610 ex
963 1556 1036 1610 omni
1068 1564 1147 1630 parte
1174 1558 1352 1630 compositam
1381 1573 1557 1630 proceraeque
1584 1557 1710 1630 gravitati

383 1638 606 1700 roconiunctam,
630 1646 660 1693 ut
682 1639 714 1694 ad
737 1638 902 1695 llaiestatem
927 1640 1010 1713 ipsam
1033 1650 1095 1697 nata
1117 1659 1178 1697 esse
1199 1641 1329 1698 videatur.
1374 1641 1423 1698 llic
1444 1642 1516 1698 avito
1538 1646 1779 1716 paternoqnet-tt.

419 1734 447 1781 et
471 1725 586 1781 fratrum
602 1741 704 1797 regno,
728 1733 825 1780 senatu
840 1733 966 1787 vocante,
990 1726 1137 1782 succedens
1152 1725 1224 1782 bello
1239 1727 1436 1789 fortissimum,
1460 1743 1526 1800 pace
1541 1744 1605 1782 vero
1621 1726 1712 1800 splen·

418 1810 590 1867 didissimom
612 1826 642 1865 se
664 1809 794 1883 prestitit
816 1818 843 1864 ct
865 1810 968 1872 reddit,
999 1813 1099 1885 quippe
1122 1813 1170 1886 qui
1192 1811 1396 1886 incomparabili
1419 1812 1541 1875 iusticia,
1570 1811 1712 1868 clementia

420 1903 449 1950 et
471 1893 634 1950 liberalitate
656 1894 697 1950 sic
718 1894 789 1968 apud
812 1911 877 1950 suos
900 1912 993 1950 omncs
1015 1897 1115 1952 charos
1137 1905 1194 1958 cst,
1221 1897 1376 1953 siccorum
1400 1897 1512 1954 allectus
1534 1896 1663 1970 acquitate
1686 1904 1713 1951 ct

420 1979 629 2035 mausuetudine
651 1997 681 2035 ac
704 1979 912 2035 modestissimis
934 1980 1040 2053 legibus
1064 1981 1090 2035 in
1113 1999 1143 2036 se
1164 1981 1297 2044 devinxit,
1320 1990 1351 2037 ut
1373 1983 1445 2037 inter
1464 1990 1505 2037 tot
1519 1980 1654 2037 bellorum
1671 1988 1713 2036 tu·

383 2063 525 2121 assultus
548 2081 603 2120 non
625 2064 699 2138 qrrod
722 2081 753 2119 en
775 2065 861 2120 veteri
884 2064 1011 2121 instituto
1034 2065 1147 2122 solitum
1169 2074 1226 2129 est,
1254 2067 1301 2123 sed
1329 2066 1403 2140 quod
1431 2083 1478 2122 rex
1508 2067 1567 2140 ipse
1590 2066 1714 2140 praecipit

420 2159 468 2207 ant
491 2158 561 2205 nutu
583 2149 644 2205 solo
665 2149 803 2222 designat.
829 2149 901 2206 illico
925 2169 939 2206 a
962 2152 1019 2207 suis
1042 2151 1168 2208 omnihus
1189 2169 1251 2207 cum
1274 2169 1378 2208 summa
1401 2152 1482 2207 animi
1497 2151 1637 2207 alacritate
1652 2168 1714 2225 per·

419 2236 520 2292 dcitur.
565 2253 626 2308 quae
647 2234 772 2309 prolecto
794 2253 920 2309 suprema
942 2235 1001 2292 laus
1024 2254 1120 2309 regum
1142 2246 1198 2298 est,
1227 2237 1291 2293 dnm
1321 2237 1436 2311 quisquc
1458 2236 1635 2307 subiectionis
1658 2253 1714 2292 suae

418 2321 543 2377 debitum
566 2338 658 2376 amore
681 2319 801 2382 illectos,
826 2338 880 2376 non
901 2321 999 2377 timore
1022 2322 1164 2395 perculsus
1192 2340 1288 2379 serena
1316 2324 1406 2397 haute
1435 2330 1462 2378 et
1490 2321 1576 2378 libera
1604 2321 1714 2394 esequi-

418 2414 485 2468 tnr;
507 2405 588 2478 hique
611 2404 708 2472 eflicit,
732 2413 774 2467 ut,
797 2406 860 2461 dom
884 2405 989 2479 Scythen
1012 2407 1123 2481 lrrgoccs
1151 2403 1232 2481 (quos
1254 2406 1342 2462 nostri
1364 2406 1493 2462 'laetaros
1516 2403 1620 2481 vocant)
1650 2405 1783 2461 sub-ves.

387 2491 464 2547 ”ito
495 2490 631 2546 interdum
659 2499 686 2545 et
716 2491 851 2563 insperate
874 2490 941 2546 heres
964 2500 1074 2547 nostros
1099 2492 1218 2553 irruant,
1247 2509 1308 2547 nien
1331 2490 1460 2546 nobilitas
1482 2509 1497 2547 e
1519 2500 1615 2546 centro
1638 2491 1717 2563 regni

418 2576 553 2650 primaria
576 2575 733 2648 benignitati
758 2575 888 2650 principis
911 2576 1080 2632 satisfaciens
1103 2577 1182 2633 vitam
1205 2576 1343 2650 propriam
1366 2584 1393 2631 et
1416 2575 1530 2631 salutem
1553 2592 1626 2631 mera
1643 2576 1717 2649 ipso·

420 2676 482 2717 rum
505 2658 605 2716 virtute
627 2661 757 2716 devovere
781 2669 808 2716 ct
831 2663 856 2716 in
880 2661 966 2717 media
990 2678 1076 2734 usque
1100 2661 1219 2727 hostium
1243 2661 1349 2733 agmina
1372 2660 1490 2716 obiicere
1519 2678 1573 2717 non
1604 2668 1716 2722 metuat,

421 2763 500 2820 spem
522 2762 658 2819 reponens
680 2745 861 2802 firmissimam
884 2746 910 2801 in
934 2748 1037 2819 optima
1060 2747 1134 2819 regis
1156 2746 1352 2808 munificentia,
1376 2747 1422 2818 qui
1445 2745 1610 2802 benemerita
1625 2747 1717 2801 cuius·

421 2849 477 2905 que
499 2831 590 2904 dignis
613 2831 733 2904 pronois
755 2831 872 2888 excitare
893 2831 1044 2887 cousuevit.
1082 2832 1200 2905 Urgetur
1219 2848 1335 2905 namque
1351 2829 1444 2887 multis
1459 2831 1586 2886 hostibus
1601 2835 1785 2903 regnumre-

388 2914 494 2972 edituo
517 2915 729 2988 amplissimum,
753 2916 840 2971 trihus
863 2925 977 2990 aparte
1000 2934 1069 2972 uria:
1093 2917 1254 2991 Scytharum
1269 2916 1382 2972 ducibus
1398 2915 1610 2989 potentissimis,
1632 2914 1717 2971 multa
1798 2927 1800 2934 '

422 2995 538 3057 centena
561 3000 643 3056 millia
666 2998 829 3056 bellatorum
854 3001 879 3055 in
903 3002 1021 3057 statione
1044 3003 1189 3076 campestri
1211 3018 1303 3058 secum
1324 2999 1504 3062 ducentibus,
1528 3001 1574 3074 qui
1591 3017 1621 3055 se
1636 3000 1717 3056 etiam

422 3085 545 3142 Caesares
566 3085 675 3147 dicunt,
699 3103 754 3142 uno
778 3086 938 3142 Theodosias
961 3087 1135 3161 propinquo,
1165 3094 1230 3160 post
1252 3086 1447 3160 Borysthenem
1476 3086 1508 3140 ad
1535 3083 1607 3140 latus
1636 3085 1717 3140 maris

424 3171 530 3227 l‘ontici
560 3170 586 3226 in
616 3170 730 3227 Taurica
759 3171 911 3235 residentc;
938 3170 1008 3227 alter
1035 3173 1107 3229 circa
1136 3171 1246 3228 Tanaim
1274 3179 1303 3226 et
1332 3170 1456 3245 paludem
1485 3168 1636 3225 llaeotidcm
1659 3168 1719 3226 loca

423 3263 515 3318 tenet,
538 3265 567 3311 et
588 3256 611 3311 is
635 3257 662 3311 in
685 3255 809 3311 inanibus
831 3257 905 3328 regis
927 3265 984 3318 est:
1008 3257 1082 3312 tertii
1105 3266 1170 3312 suut
1193 3257 1368 3318 remotiores,
1392 3245 1516 3317 Asiatici,
1539 3254 1718 3310 vastissimam

389 3340 579 3397 wincolentes
601 3341 775 3397 solitudinem
797 3350 824 3396 et
847 3341 994 3397 latissimos
1017 3350 1141 3398 tenentes
1162 3358 1282 3415 canopos.
1320 3341 1358 3395 hii
1388 3357 1482 3395 omncs
1504 3339 1655 3413 repentinis
1678 3338 1718 3394 in·
1728 3344 1785 3394 §.to

424 3426 600 3482 cursionihus
622 3444 737 3500 regnum
759 3427 908 3500 depraedari
931 3435 959 3482 et
973 3428 1103 3483 continue
1117 3426 1268 3499 defatigare
1284 3443 1339 3481 non
1354 3432 1476 3486 cessant,
1501 3425 1606 3485 lamem,
1629 3424 1719 3486 sitim,

424 3519 522 3568 aestum
544 3520 572 3566 et
593 3511 714 3584 algorem
736 3528 767 3568 ae
788 3529 894 3567 omnem
910 3511 1025 3567 inediam
1039 3520 1260 3571 contemnentes.
1283 3510 1382 3584 saepius
1397 3510 1479 3565 ctiam
1495 3509 1608 3564 Turchis
1624 3509 1719 3570 iuncti,

376 3587 378 3590 ¹
426 3597 473 3670 qni
496 3595 697 3652 Monocastrum
719 3605 747 3652 et
769 3597 955 3654 Lieostomum
978 3605 1159 3670 occuparunt,
1182 3596 1284 3652 maiora
1306 3603 1334 3650 ct
1354 3595 1490 3650 horrenda
1504 3594 1599 3650 «latrina
1616 3595 1720 3649 nostris

427 3681 564 3737 inferunt:
588 3680 754 3737 Turcharum
776 3681 847 3736 enim
871 3689 940 3737 nutu
962 3681 1069 3755 Scythae
1093 3698 1187 3737 omnes
1209 3681 1375 3754 dependent,
1398 3681 1461 3736 dum
1484 3680 1576 3735 cadem
1593 3686 1667 3733 secta
1682 3679 1718 3732 sit

392 3765 629 3823 tellaehometicis
651 3765 732 3822 simul
755 3767 895 3822 erroribus
919 3765 1062 3839 implicata.
1086 3765 1106 3820 Ε
1129 3766 1229 3840 quihus
1250 3765 1331 3838 plane
1351 3765 1516 3839 deprehendi
1540 3772 1631 3837 petest
1655 3763 1787 3820 laci-rav.

427 3849 481 3906 lius
503 3850 610 3908 catulos
632 3868 648 3906 a
670 3853 799 3907 maternis
823 3851 952 3907 uhcrihos
976 3869 1056 3924 quarn
1079 3851 1207 3906 Tartaros
1230 3850 1430 3907 alurehorum
1454 3850 1608 3904 assistentia
1629 3846 1720 3902 ‹livelli

426 3952 525 4009 posse;
548 3936 596 4008 qui
618 3952 689 3992 nuere
712 3937 792 3991 ctiam
815 3946 910 3992 contra
934 3954 1026 4008 regem
1043 3937 1188 3991 Persarum
1211 3944 1318 4008 optatas
1342 3935 1436 4008 viginti
1460 3933 1573 3989 millium
1597 3934 1720 4006 eqnitum

427 4021 568 4094 suppetias
590 4020 725 4083 tulerunt,
754 4021 788 4076 de
815 4021 858 4076 his
881 4022 935 4077 hen
962 4029 1058 4077 noster
1085 4020 1184 4076 multas
1211 4029 1239 4075 et
1267 4020 1387 4092 insignes
1414 4018 1564 4092 reportavit
1585 4019 1721 4079 victorias,

429 4114 459 4161 ut
482 4123 557 4161 arces
580 4114 608 4162 et
630 4105 689 4161 loca
712 4106 789 4179 regni
812 4107 993 4162 munitissima
1015 4106 1176 4167 ostendunt,
1209 4124 1269 4178 qum
1292 4105 1365 4178 pacis
1389 4113 1511 4178 tempore
1533 4120 1584 4176 pro
1607 4102 1648 4157 sui
1672 4119 1720 4156 no-

395 4192 510 4246 t⁰rninis
533 4190 736 4247 immortalitate
760 4192 931 4247 ornatissime
955 4200 1105 4252 restaurat,
1131 4191 1175 4246 uhi
1189 4190 1349 4263 Scytharum
1371 4189 1520 4245 cathenatur
1542 4187 1614 4243 acies
1629 4185 1722 4241 lateri·

427 4277 472 4332 cio
493 4276 521 4331 in
544 4265 789 4350 muris'erigendis
810 4277 957 4333 certamine
979 4277 1103 4350 quotidie
1125 4275 1255 4349 congredi
1279 4274 1412 4330 ridentur.
1450 4274 1498 4329 Est
1520 4282 1548 4329 et
1577 4271 1647 4326 alter
1673 4272 1790 4335 hosta.

499 4542 715 4610 ¹irnpediturlt.
762 4541 929 4592 'detinetur
939 4545 976 4592 stc
990 4547 1012 4593 1.
1032 4543 1190 4593 deliberetur
1201 4547 1234 4591 n.
1281 4538 1442 4605 ⁴probeom
1456 4542 1480 4590 1.
1521 4543 1720 4588 nostroaet,lt.

429 4629 515 4694 ‘reg
528 4628 595 4678 clar.
609 4633 641 4678 tt.
676 4627 820 4690 'dehent3
838 4635 874 4676 n,
906 4627 1119 4693 ⁹compositam
1133 4631 1155 4677 1.
1191 4637 1335 4692 procereqj
1349 4626 1374 4673 1.
1410 4622 1432 4656 ¹⁰
1448 4625 1605 4689 Magestnte
1623 4625 1720 4691 ipsam,
1779 4612 1782 4619 ’

429 4717 497 4764 notai
514 4716 539 4763 1.
575 4711 597 4746 ¹¹
614 4714 738 4778 prestitit
749 4716 774 4763 1.
810 4711 942 4763 reddidit:
956 4717 988 4761 n.
1025 4711 1306 4774 institlsltettnsra,
1343 4706 1591 4774 ¹⁶perfieistnr.tt.
1627 4706 1723 4757 ¹'sirb-

428 4797 560 4849 iectionis
573 4800 597 4847 1.
634 4796 655 4830 ¹⁸
672 4797 827 4863 peecnlsus,
848 4799 872 4846 1.
912 4796 1044 4862 ”optimi
1055 4803 1089 4847 n.
1137 4795 1160 4827 ²⁸
1177 4795 1300 4861 proamiis
1313 4797 1336 4843 1.
1372 4791 1395 4825 ²⁸
1412 4794 1496 4858 pull.
1531 4792 1554 4825 ²¹
1572 4789 1656 4858 Caes]
1669 4798 1687 4842 t.
1700 4807 1722 4842 e.

431 4884 535 4934 steros.
572 4880 791 4934 Boristenem.t.
831 4880 854 4913 ²⁸
872 4883 974 4931 circum
986 4887 1018 4932 lt.
1053 4882 1217 4944 Tannymt.
1256 4878 1407 4929 bleotidem
1419 4881 1443 4928 1.
1478 4876 1500 4910 θ’
1518 4882 1723 4940 onmemqnett.

429 4970 588 5020 iunctione
623 4965 646 4999 ⁸³
663 4967 853 5016 Monocsstnm
868 4970 929 5017 nn.
943 4968 1002 5017 bod.
1016 4963 1356 5030 Bjelogrods.Alrjeman.
1390 4963 1585 5026 Lycostomum
1597 4968 1629 5011 n.
1665 4963 1725 5013 hod.

431 5054 512 5105 Kttte.
552 5050 753 5102 ”hanonia
789 5048 812 5082 ⁸⁸
830 5054 954 5117 superins
965 5055 988 5101 1.
1024 5049 1046 5082 ⁴⁰
1064 5053 1200 5100 cotenn.
1236 5048 1359 5098 lateritio
1371 5051 1403 5095 n.

1442 5131 1505 5193 16·
