4300 6059
491 734 619 770 sacrorn
633 736 739 771 FLOBES
754 737 868 771 subscri
885 738 936 771 PER
950 737 1109 773 HVT'I'RKW.
1129 739 1164 773 ttx
1178 737 1301 774 cultant.
1315 740 1349 773 ET
1362 739 1452 774 BELLO
1467 740 1603 775 tvuvttru.
1623 711 1690 781 50¹

744 895 782 982 EX
807 897 833 948 u.
857 894 960 950 cursui
982 896 1129 951 SALVSTH
1151 897 1368 953 CAleiNARib.

965 1014 1080 1071 Stutiere
1103 1033 1141 1071 se.

494 1100 544 1166 om
570 1099 678 1154 struieut
701 1118 760 1155 sese
784 1109 915 1174 praestare
937 1099 1045 1155 caeteris
1068 1101 1257 1170 animantibus.

916 1185 1041 1240 Transire
1064 1184 1184 1244 silentiu.

494 1270 530 1325 Ne
554 1270 633 1325 sitam
657 1268 765 1325 siieutio
792 1277 943 1331 transcant,
968 1269 1048 1325 veluti
1072 1288 1179 1344 pecora.

964 1353 1049 1411 Etiam
1073 1363 1139 1410 tum.

493 1439 577 1495 Etiam
602 1447 657 1494 tum
681 1439 732 1495 rita
756 1438 893 1495 bominum
917 1439 975 1495 sinc
996 1439 1145 1513 cupiditate
1168 1440 1329 1513 agitabatur.

761 1523 827 1591 Qum
848 1535 939 1587 arant,
962 1542 1012 1598 pro
1036 1520 1218 1598 quassando
1241 1535 1344 1599 parant.

492 1608 556 1676 Quae
579 1608 702 1665 homiues
724 1618 814 1671 arant,
838 1610 976 1683 navigant,
1000 1610 1145 1672 aedificant,
1169 1611 1261 1667 virtuti
1285 1613 1373 1668 omnia
1397 1620 1501 1686 parant.

1008 1695 1092 1750 iuxta.

492 1778 592 1834 Eorum
615 1779 697 1836 vitam
720 1797 771 1853 ogo
795 1789 964 1853 mortemque
988 1780 1060 1835 iuxta
1084 1781 1198 1837 aestimo.

876 1866 998 1920 Intentus
1020 1882 1081 1921 eum
1104 1865 1228 1923 ablativo.

405 2012 409 2018 ¹
492 1948 541 2015 oni
558 1949 649 2023 aliquo
665 1950 780 2023 negocio
797 1950 930 2012 intentus.
948 1949 1071 2024 praeclari
1087 1950 1223 2014 facinoris,
1240 1954 1367 2009 astartis
1384 1953 1460 2009 bouas
1476 1953 1572 2009 famam
1589 1954 1695 2026 quaerit.

977 2034 1064 2108 Supra
1087 2053 1126 2091 ea.

376 2142 399 2180 is
493 2119 556 2186 Quae
579 2119 630 2175 sibi
653 2121 769 2194 quisquc
792 2119 880 2176 iaciiia
904 2120 976 2176 iactu
998 2129 1084 2193 putat.
1108 2139 1187 2194 aequo
1210 2124 1299 2177 animo
1315 2123 1426 2197 accipit,
1456 2141 1538 2197 supra
1560 2142 1590 2179 ea
1614 2123 1696 2202 veluti

407 2205 466 2260 ticta
484 2223 534 2278 pro
557 2205 631 2260 salsis
654 2205 737 2261 ducit.

901 2290 1017 2350 bucrre,
1040 2307 1091 2364 pro
1116 2309 1196 2364 supra

988 2374 1118 2431 insoleus.

492 2459 556 2527 Quae
580 2461 685 2516 tametsi
709 2459 814 2515 artimus
837 2458 1031 2532 aspernabatur
1054 2459 1175 2516 insoleus
1198 2460 1327 2518 malarum
1350 2463 1449 2519 artium
1473 2459 1522 2519 &c

928 2543 1031 2600 Habere
1054 2553 1169 2600 aetatem.

492 2630 524 2685 Et
546 2630 610 2686 mibi
634 2629 766 2704 reliquam
789 2636 895 2685 aetatem
919 2633 932 2683 i
956 2647 1012 2703 rep.
1036 2629 1130 2703 procul
1154 2630 1301 2687 babeudaru
1324 2633 1438 2689 decrevi.

645 2852 685 2907 EX
708 2853 734 2906 C.
758 2851 860 2907 irrisui
884 2851 1031 2906 satvs'ru
1055 2852 1095 2906 ΗΕ
1118 2851 1220 2908 subto
1243 2853 1450 2909 tvbvttrtttb'o.

985 2970 1115 3026 Grassuri.

372 3076 399 3114 rs
492 3054 541 3123 Qui
565 3056 609 3113 ubi
634 3056 664 3112 ad
687 3055 803 3128 gloriam
825 3057 934 3110 virtutis
956 3055 996 3110 via
1020 3063 1161 3128 grassatur
1184 3050 1235 3113 ric.

1013 3139 1143 3198 brtiuerc.

494 3226 542 3281 Vbi
565 3244 615 3300 per
637 3226 789 3282 socordiam
812 3226 897 3287 sires,
923 3235 1044 3300 tenipus,
1067 3234 1150 3287 retas,
1175 3227 1332 3301 imperium,
1356 3227 1507 3289 defluxere,
1531 3236 1634 3284 naturas
1657 3228 1697 3282 in·

407 3312 518 3366 firmitas
540 3318 690 3367 accusatur.

983 3394 1114 3450 Alienum.

292 3498 296 3504 '
373 3500 400 3539 ao
494 3480 570 3548 Quod
594 3483 615 3537 si
640 3479 795 3537 bominibus
818 3479 949 3536 bonarum
973 3498 1063 3536 rerum
1089 3490 1160 3537 tauta
1183 3500 1246 3539 cisra
1270 3492 1351 3544 osset.
1376 3493 1477 3556 qrrauto
1494 3483 1585 3539 studio
1601 3482 1695 3543 aliena.

407 3585 437 3622 ac
460 3565 526 3622 nibil
550 3567 707 3640 profutura,
732 3565 900 3639 multumque
923 3566 1003 3622 ctiam
1028 3566 1180 3638 periculosa
1206 3577 1309 3640 petunt.

983 3653 1124 3705 Aruernus.

494 3736 540 3791 tbi
565 3754 615 3810 pru
638 3734 800 3790 rrrrirtaiibus
823 3735 910 3806 picria
934 3735 1027 3791 arvini
1052 3735 1156 3793 tierent.

978 3820 1128 3875 Postremo.

371 3921 398 3963 aa
492 3908 633 3963 Postremo
656 3906 780 3980 eorporis
803 3916 828 3960 rt
854 3905 969 3962 [ortuum
993 3905 1125 3960 irrisorum
1149 3909 1188 3962 riti
1211 3908 1326 3967 initium,
1350 3908 1390 3963 sic
1412 3907 1472 3963 buis
1495 3916 1547 3962 est.

926 3991 990 4044 Cum
1014 3993 1176 4063 praesertim.

493 4079 557 4132 Cum
581 4077 733 4151 praesertim
757 4087 809 4132 tam
833 4075 934 4130 multos
957 4075 1091 4147 variasque
1114 4088 1185 4132 :irtus
1208 4088 1271 4133 sum
1293 4078 1388 4140 animi,
1412 4078 1511 4152 quibus
1527 4095 1629 4133 sarrinia
1644 4077 1698 4132 cia·

336 4202 339 4208 «
409 4164 499 4219 riturio
523 4172 642 4236 paratur.
687 4162 768 4222 item,
792 4161 856 4216 b'aru
880 4162 903 4215 vi
928 4161 1034 4233 quidem
1058 4178 1153 4233 regere
1170 4163 1299 4236 patriam,
1323 4171 1369 4219 aut
1385 4172 1520 4236 parentes.
1544 4179 1698 4236 quanquam

408 4257 435 4304 et
459 4248 563 4321 possis,
592 4256 619 4302 et
643 4247 740 4301 (lebeta
762 4248 899 4318 corrigas,
929 4255 1017 4299 turuou
1042 4245 1224 4318 importunum
1255 4256 1310 4306 est.
1340 4265 1400 4302 eum
1429 4249 1581 4322 praesertim
1605 4265 1698 4304 oruues

375 4348 501 4389 tororum
525 4332 688 4387 mutationes
710 4330 817 4391 crrdrm
842 4332 941 4401 frigam,
965 4329 1069 4402 aliaque
1092 4332 1201 4386 bostiiia
1225 4333 1396 4405 portendant.

915 4416 1073 4487 tlorrigrre,
1098 4434 1190 4490 supra.

974 4500 1132 4557 Gratibmri.

493 4587 626 4645 Potentiae
649 4604 795 4661 punicorum
818 4586 901 4642 siccus
924 4594 1005 4659 atque
1029 4585 1181 4643 libertatem
1205 4605 1280 4665 suam
1303 4587 1458 4660 gratificari.

475 4805 482 4839 ¹
503 4807 543 4854 Ex
562 4805 616 4854 hcc
635 4820 718 4869 supra
737 4805 868 4853 ducentos
886 4803 962 4853 locos
983 4803 1017 4853 ad
1036 4805 1143 4853 modum
1157 4805 1328 4869 sequentium
1343 4805 1488 4868 excerpsit.
1537 4802 1558 4836 ¹³
1575 4808 1629 4869 iope
1643 4805 1698 4854 Du·

409 4908 472 4941 cere
491 4907 548 4955 pro,
568 4904 651 4953 supra
670 4890 698 4947 (ἰ.
713 4904 736 4937 e.
750 4890 879 4952 superiori
896 4889 1022 4941 articulo)⁴
1073 4888 1096 4920 ²³
1115 4889 1229 4938 Articuli
1249 4897 1311 4938 sunt
1330 4890 1442 4938 circiter
1454 4889 1512 4942 350.
1547 4891 1588 4938 Ex
1602 4889 1699 4939 Catili-

409 4977 490 5027 usria
514 4980 645 5038 excerpta
669 4974 696 5021 in
716 4973 757 5022 ed.
772 4972 794 5020 l.
815 4973 882 5022 iolia
901 4972 1004 5031 l...l·'a¹,
1024 4989 1038 5022 c
1058 4974 1219 5039 iugurthino
1237 4974 1311 5023 bello
1335 4980 1466 5039 excerpts
1491 4973 1559 5024 folia
1579 4971 1697 5036 la...33b‚

411 5078 445 5113 ox
462 5062 639 5112 historiarum
658 5058 853 5124 superstitibus
872 5058 942 5108 locis
961 5063 1094 5123 excerpta
1111 5057 1180 5108 folia
1192 5054 1328 5108 :tamor
1348 5064 1495 5124 occupant.
