4300 6059
456 689 529 758 244
583 718 683 753 Entstu
698 717 824 752 vtrsnnlt
838 713 940 750 ORATIO
953 715 1084 751 AVGVSTAE
1098 716 1211 750 munst..
1226 717 1252 749 1).
1265 710 1299 750 ⁶2⁰.
1313 715 1378 750 ΑΜ.
1392 714 1418 748 Δ.
1435 709 1492 747 ibib.
1508 715 1621 748 nestra.

455 879 506 933 stis
528 894 582 931 noo
606 877 709 936 insinere,
732 875 763 931 ad
788 875 920 946 rigentem
944 883 1039 929 arcton
1054 874 1123 931 citra
1139 863 1339 947 adregiaciale
1355 873 1521 934 consistens,
1544 872 1746 928 Roxolanorum

454 963 521 1021 ciris,
546 979 624 1034 onero
648 978 697 1014 utrs
721 960 838 1014 blosenm
861 959 989 1021 dicimus,
1018 959 1075 1014 sola
1099 958 1209 1032 persidia
1233 968 1259 1014 et
1282 959 1443 1028 rietestarplo
1467 959 1592 1013 scismate
1615 958 1745 1012 larnosus.

456 1049 478 1101 is
501 1055 604 1120 partem
629 1046 717 1115 regni.
742 1044 937 1099 litlroanorurn
961 1042 1085 1099 vilelicet
1108 1043 1284 1116 provinciam.
1308 1061 1407 1116 magno
1423 1044 1504 1098 etiam
1520 1041 1654 1097 bellorum
1669 1052 1745 1097 motu

456 1132 547 1186 torliat
571 1131 665 1185 imiies.
709 1129 761 1184 Sed
784 1137 811 1184 et
834 1130 973 1184 bouerex
996 1136 1093 1184 noster
1114 1129 1302 1202 patrocinante
1318 1129 1424 1184 iusticia
1446 1128 1515 1183 ludit
1538 1127 1650 1200 sepios.
1673 1128 1747 1182 eius·

455 1234 507 1288 que
530 1216 679 1289 potentiam
704 1215 815 1286 triginta
838 1213 958 1269 millibus
981 1215 1008 1269 io
1031 1212 1092 1269 loco
1115 1215 1194 1269 caesis
1218 1214 1387 1287 profligavit.
1417 1212 1621 1286 quarnpinrirnis
1645 1214 1769 1286 primo-s

455 1301 531 1357 ribus
553 1301 586 1356 ad
609 1298 712 1355 vincula
735 1299 889 1361 coniectis,
904 1299 950 1371 qni
975 1300 1000 1354 in
1024 1299 1150 1354 erunibus
1165 1298 1314 1356 bitbuaniae
1336 1298 1435 1354 castris
1457 1298 1606 1352 arctissima
1621 1297 1745 1352 detineo·

456 1394 500 1441 tor
521 1385 658 1445 custodie,
682 1383 775 1439 uiuitis
797 1385 878 1439 etisnn
901 1382 961 1438 aliis
983 1384 1151 1456 captivorum
1171 1383 1290 1439 millibus
1312 1401 1362 1457 per
1384 1384 1538 1438 universum
1568 1384 1624 1437 iere
1651 1382 1746 1437 orbern

385 1475 442 1522 §.tt
454 1471 534 1525 variis
557 1460 775 1541 Christianorum
795 1467 962 1542 principibus
986 1468 1181 1542 ruarrripiorum
1205 1468 1264 1524 loeo
1286 1469 1358 1524 eliseo
1389 1468 1467 1523 datis.
1512 1467 1619 1539 lamque
1649 1484 1746 1522 eruen-

454 1565 509 1610 torn
533 1555 585 1610 hoc
608 1553 707 1609 bellum
730 1554 888 1608 decennium
918 1553 1067 1626 supererit,
1097 1554 1161 1609 sirim
1189 1554 1243 1608 sint
1274 1553 1319 1626 qni
1351 1571 1396 1608 eas
1424 1553 1572 1608 discordias
1601 1555 1744 1613 seminent,

452 1641 589 1696 concitent
611 1649 638 1694 et
663 1638 780 1711 turpiter
802 1638 875 1693 alere
904 1654 959 1693 non
986 1645 1123 1693 verentur.
1168 1637 1219 1693 Sed
1247 1638 1316 1711 proli
1345 1637 1439 1699 «lotor,
1468 1654 1522 1692 non
1550 1637 1633 1709 podet
1662 1630 1781 1692 etiamie

454 1725 595 1795 religionis
617 1725 791 1798 professores
816 1731 952 1779 tantorum
975 1722 1108 1778 malorum
1131 1732 1257 1778 erectores
1279 1732 1307 1777 et
1330 1724 1401 1779 iaces
1423 1740 1499 1783 esse,
1522 1723 1568 1795 qui
1594 1721 1695 1777 litteris
1717 1731 1743 1776 et

452 1811 560 1866 ourmiis
581 1810 613 1865 ad
636 1827 695 1864 eam
717 1825 773 1864 rem
797 1808 937 1864 fovendam
960 1808 1101 1882 magisque
1130 1809 1286 1864 irritandam
1317 1818 1389 1864 terra
1416 1816 1444 1862 ct
1471 1808 1554 1868 orari,
1583 1824 1691 1862 sursum
1714 1825 1745 1862 ac

452 1896 580 1951 deorsum
603 1895 751 1954 ctrrsitant.
776 1903 804 1948 ut
828 1893 916 1965 Reges
939 1900 966 1948 et
987 1893 1143 1966 Principes,
1166 1893 1287 1965 alioquin
1310 1894 1382 1948 iorte
1398 1894 1555 1965 quieturos,
1577 1891 1609 1947 ad
1625 1908 1744 1964 pugnam

453 1980 632 2035 inliaonnent:
662 1978 758 2033 salutis
787 1979 894 2051 insigne
921 1985 949 2033 et
977 1977 1114 2033 carrelidaru
1144 1979 1303 2049 innocentius
1331 1986 1432 2033 restem
1459 1977 1585 2032 deferunt
1609 1977 1743 2049 tamiprarn

452 2067 525 2138 praesis
548 2074 697 2124 notatores,
726 2071 754 2117 et
777 2063 891 2118 iratrum
922 2064 1067 2135 perniciem
1096 2064 1205 2124 sitiunt.
1234 2062 1422 2136 bellorumque
1451 2062 1625 2117 insultem-et
1656 2069 1779 2118 totamte

451 2166 559 2204 eaosarn
583 2156 729 2222 prestant:
752 2147 789 2202 liii
812 2155 876 2202 sinit
899 2149 944 2220 qni
968 2146 1120 2220 loquuntur
1142 2164 1233 2221 pacem
1255 2165 1316 2202 cum
1340 2149 1464 2221 proximo
1480 2165 1545 2207 siro,
1569 2146 1638 2201 maia
1653 2155 1743 2202 antem

453 2236 480 2289 in
503 2233 630 2288 ciirdibus
653 2249 757 2287 eorrrm.
794 2232 841 2287 scd
865 2249 956 2287 resera
979 2232 1047 2287 dens
1070 2232 1138 2288 iocis
1161 2249 1215 2286 noo
1239 2231 1375 2287 illuditur:
1406 2232 1478 2287 lueri
1502 2234 1678 2304 pertinueris
1701 2250 1744 2285 se·

384 2324 442 2373 §.st
452 2319 569 2373 criterium
600 2318 747 2389 nequitiam
776 2317 994 2393 spirirerrtionurn
1025 2318 1146 2390 ipsorum
1173 2318 1315 2372 retribnet.
1361 2318 1424 2373 Tuae
1448 2334 1526 2375 vero.
1561 2317 1743 2373 sacratissime

453 2398 641 2477 [imperatos]
667 2400 831 2474 integritatis
854 2402 973 2457 studium
996 2419 1059 2474 erga
1083 2420 1112 2457 se
1135 2410 1162 2458 et
1190 2411 1290 2458 statmo
1319 2420 1398 2458 suurn
1427 2402 1575 2475 pacandum
1601 2404 1743 2472 erigentem

450 2488 531 2543 babet
555 2488 607 2542 ilex
631 2495 740 2548 noster,
764 2504 814 2560 pro
838 2504 889 2559 qna
913 2486 1095 2542 tinnivolentia
1118 2495 1143 2542 te
1167 2495 1196 2542 nt
1219 2496 1357 2561 parentem
1387 2486 1502 2542 aiterum
1531 2485 1669 2547 observat,
1701 2501 1780 2541 rese

451 2581 563 2628 noratur
584 2580 612 2627 et
633 2571 713 2633 colit,
738 2571 859 2644 velleque
884 2572 998 2627 vicissim
1021 2572 1081 2626 eins
1103 2571 1267 2627 Maiestatem
1284 2574 1355 2628 onrni
1373 2590 1454 2646 opera
1471 2580 1498 2626 et
1515 2571 1643 2627 facultate
1665 2573 1742 2637 erriti,

452 2666 482 2712 ut
506 2674 665 2731 spernensque
689 2657 833 2711 occasione
855 2665 882 2711 ct
906 2657 993 2711 modis
1016 2666 1069 2713 tum
1091 2656 1246 2712 celsitudini
1269 2667 1363 2713 mantuo
1386 2657 1531 2728 gratificari
1555 2667 1582 2712 et
1596 2675 1673 2730 apere
1689 2658 1743 2711 tra·

382 2749 561 2799 santernum
586 2742 703 2797 cilicium
727 2749 857 2814 praestare
880 2742 977 2814 possit.
1021 2740 1053 2795 Et
1084 2750 1114 2796 ut
1141 2741 1219 2797 linem
1248 2743 1328 2798 dictis
1357 2744 1508 2815 imponam,
1537 2742 1580 2798 bis
1607 2742 1744 2805 bostibos,

452 2836 480 2882 et
503 2826 611 2900 (pridem
634 2827 750 2883 assiduis
774 2843 888 2899 regnum
911 2835 1034 2882 nostrum
1058 2844 1072 2881 a
1098 2827 1304 2901 tricentispooe
1319 2828 1397 2883 annis
1413 2828 1559 2901 proruitur,
1583 2844 1675 2882 reruni
1691 2845 1743 2884 sno

450 2930 504 2969 aere
527 2921 646 2973 tantum,
668 2929 719 2966 suo
742 2911 827 2967 milite
850 2920 878 2966 et
899 2912 1020 2967 inanimis
1042 2910 1182 2967 laboribus
1206 2921 1290 2969 totam
1312 2912 1379 2968 lianc
1402 2910 1464 2967 belli
1486 2910 1584 2967 nrolem
1601 2913 1779 2974 sustinuitts

451 2997 558 3053 neruine
581 2997 797 3052 Christianorum
819 2996 971 3070 principum
994 2996 1174 3070 suffragante:
1207 3015 1255 3071 spe
1277 2996 1416 3053 alebamur
1442 2997 1586 3059 continua,
1613 3006 1641 3052 et
1663 2997 1744 3052 nodis

451 3100 559 3157 seroper
581 3080 824 3155 pollicitationibus
847 3081 1049 3141 detinebamur:
1073 3081 1228 3155 sumptibus
1251 3090 1278 3137 et
1300 3082 1419 3137 bnmcris
1442 3083 1544 3138 nostris
1567 3083 1651 3137 vicina
1675 3082 1741 3137 buc·

450 3185 537 3240 usrpre
560 3166 617 3221 ocia
648 3166 819 3227 lovelsamus,
849 3167 954 3222 utiam
977 3173 1103 3238 tanquam
1125 3166 1224 3222 ‹leiessi
1248 3175 1275 3222 ct
1304 3164 1452 3223 imbecilles
1478 3186 1494 3222 a
1523 3167 1671 3222 maioribus
1695 3169 1744 3223 im·

382 3253 543 3326 §.arpensis
566 3253 708 3307 continere
730 3268 781 3306 nos
803 3269 947 3325 possemus
970 3259 997 3305 et
1018 3250 1179 3306 deberemus
1202 3253 1310 3308 merito.
1348 3268 1420 3307 nune
1442 3261 1545 3312 tamen.
1569 3261 1599 3307 ot
1622 3254 1743 3326 privatos

449 3337 561 3393 ellectus
581 3336 688 3410 publiea
713 3338 799 3392 vincat
822 3336 940 3398 utilitas,
970 3335 1168 3409 expeditionem
1199 3337 1268 3392 irerrc
1294 3334 1447 3409 generalem
1475 3338 1643 3393 contruendat
1667 3348 1778 3393 suoi-³⁰

449 3439 559 3494 irrepere
582 3430 609 3476 et
631 3421 765 3494 approbat
786 3422 976 3477 serenissimus
998 3421 1052 3477 ilex
1074 3429 1186 3482 noster;
1208 3421 1300 3477 landet
1316 3422 1424 3478 modum
1439 3421 1473 3476 de
1487 3421 1642 3494 colligendo
1658 3440 1742 3478 neruo

448 3505 546 3562 bellico
568 3514 596 3561 et
619 3508 738 3562 exercitu
761 3506 968 3578 congregando,
993 3523 1072 3577 ouem
1096 3507 1283 3562 sanctissimus
1305 3507 1431 3562 dominus
1453 3515 1547 3562 noster
1569 3516 1597 3562 ct
1618 3516 1672 3562 tuae
1688 3508 1742 3563 col·

450 3592 576 3648 situdinis
599 3590 767 3663 providentia
791 3590 945 3651 constitnit,
969 3590 1069 3663 aliique
1093 3591 1180 3663 lleges
1203 3600 1229 3646 et
1251 3592 1390 3664 Principes
1406 3591 1548 3647 Christiani
1573 3602 1740 3665 proponunt.

380 3676 497 3730 tasson
520 3660 614 3747 nequc'
631 3676 664 3730 de
688 3693 720 3730 eo
744 3693 794 3747 pro
817 3691 889 3730 arrrrrc
910 3675 1075 3730 Maiestatem
1100 3676 1201 3747 regiam
1224 3694 1285 3732 curn
1309 3686 1404 3732 senatu
1420 3685 1448 3732 et
1463 3677 1577 3731 subditis
1593 3678 1650 3732 suis
1665 3679 1742 3750 ‹puio-

449 3778 528 3834 quern
550 3761 696 3816 decernere
720 3761 842 3832 potuisse
866 3760 936 3814 inter
957 3759 1120 3815 riuutesticas
1142 3761 1316 3816 dillicultetes
1337 3769 1364 3817 ot
1387 3757 1509 3817 bellicam
1526 3764 1776 3834 occupationum&

448 3863 510 3901 cnm
533 3863 563 3900 ea
587 3862 667 3917 quarn
691 3845 800 3899 memini
823 3843 990 3905 hostilitate,
1021 3844 1120 3917 quibus
1143 3845 1232 3918 aliqua
1255 3864 1286 3901 es
1310 3856 1386 3920 parte
1409 3855 1547 3919 irteunquo
1569 3849 1740 3921 compositis,

449 3939 476 3985 et
498 3929 694 3986 deliberatione
726 3929 806 3984 liuius
833 3928 984 4002 dignissimi
1013 3940 1164 3986 conventus
1192 3931 1357 4004 proculcato
1384 3948 1446 3987 mex
1472 3932 1640 3988 maiestatem
1662 3951 1741 3989 stram

448 4015 522 4070 etde
538 4013 692 4088 colligendo
716 4030 827 4070 nummo
851 4023 878 4069 et
900 4014 1092 4071 describendo
1115 4014 1201 4071 milite
1225 4016 1249 4071 io
1273 4033 1359 4089 regno
1382 4025 1410 4073 et
1432 4017 1560 4073 dominiis
1574 4017 1631 4074 suis
1647 4018 1740 4074 itidem

478 4289 483 4297 '
515 4282 833 4343 ³11ituen.1t.uttnlra.
871 4282 1025 4347 ⁹etrprovit
1037 4286 1060 4333 1.
1097 4281 1741 4336 ¹⁰verenntur.1t.oblivisciturl'otonrenhotr'ae

446 4371 522 4432 loqui.
572 4365 590 4397 ¹¹
610 4367 698 4417 literis
710 4373 741 4414 fl.
803 4365 823 4397 ¹²
842 4365 886 4430 oc]
906 4368 974 4416 dett.
1035 4365 1054 4397 ¹⁴³
1075 4383 1201 4417 caussam
1214 4374 1245 4417 tt.
1298 4374 1424 4434 prestent
1438 4374 1459 4419 1.
1506 4369 1570 4435 lurp]
1591 4372 1739 4422 silerem.

447 4450 527 4500 tx.8.
546 4451 648 4500 Psnlm.
658 4446 805 4502 'xxv11.·t.
856 4452 875 4483 ¹⁹
894 4453 1046 4517 imperator
1059 4455 1130 4500 ornis.
1144 4456 1167 4503 1.
1185 4457 1233 4503 sed
1241 4460 1326 4517 possis
1339 4457 1414 4502 etiarn
1428 4457 1624 4504 secretissimus
1638 4457 1738 4521 integr.

447 4537 647 4585 etsiededittt.
683 4537 890 4588 ²⁰benev01.tt.
926 4537 947 4571 ²¹
960 4539 1117 4603 Megestnte
1130 4542 1154 4586 1.
1190 4537 1509 4603 ¹²quibusnismodistt⁸
1546 4539 1706 4607 ”prestere
1716 4549 1738 4590 1.

446 4617 468 4652 ²⁴
486 4621 617 4691 trecentis
629 4626 661 4670 tt.
697 4620 719 4652 ²⁷
738 4626 817 4670 sumt.
831 4626 863 4670 tt.
899 4619 922 4654 ¹⁹
939 4626 999 4681 nos]
1019 4625 1091 4673 not.
1128 4619 1149 4653 ⁸²
1168 4622 1341 4673 celsitedinis
1352 4627 1377 4674 1.
1423 4623 1507 4685 §.37.]
1527 4626 1578 4675 Vix
1596 4626 1739 4675 inconcin-

445 4705 507 4754 nius
525 4703 583 4753 diei
601 4706 690 4769 potuit
707 4706 777 4771 Regi
795 4705 906 4770 placere
924 4712 954 4754 ut
972 4722 989 4755 n
1006 4707 1091 4757 sociis
1109 4708 1166 4756 suis
1184 4707 1282 4758 Tuscae
1300 4707 1520 4772 debellarentur,
1540 4710 1602 4759 dum
1615 4711 1669 4759 eibi
1682 4727 1738 4761 mo·

445 4788 542 4839 lesties
565 4788 656 4839 nullae
683 4791 863 4856 imponerent.
899 4789 1005 4840 Nostris
1029 4792 1114 4841 etiem
1137 4792 1304 4857 temporibus
1323 4791 1413 4842 solent
1431 4794 1502 4844 bone
1522 4801 1549 4844 et
1573 4795 1737 4859 seoguinem

445 4871 508 4935 (Get
525 4875 578 4924 und
593 4875 667 4938 Blut)
685 4875 846 4941 promittere
864 4875 910 4938 qui
929 4874 1028 4925 olienis
1047 4876 1176 4941 periculis
1194 4892 1282 4927 rernm
1301 4878 1489 4928 novandarum
1507 4879 1626 4928 studium
1645 4886 1675 4928 ut
1687 4895 1738 4929 sue

445 4956 518 5006 bone
530 4972 661 5022 suumque
674 4958 836 5023 sanguinem
850 4966 985 5025 augeant,
1006 4961 1091 5011 t'seile
1106 4966 1247 5011 exercent.
1281 4959 1303 4992 ³¹
1316 4963 1475 5028 Megcstste
1489 4968 1511 5013 t.
1547 4961 1568 4994 ³⁶
1582 4961 1655 5029 curu]
1670 4966 1736 5016 init.

401 5078 405 5083 .
445 5042 548 5092 nemini
561 5045 584 5091 1.
