<?xml version="1.0" encoding="UTF-8"?>
<!DOCTYPE html PUBLIC "-//W3C//DTD XHTML 1.0 Transitional//EN"
    "http://www.w3.org/TR/xhtml1/DTD/xhtml1-transitional.dtd">
<html xmlns="http://www.w3.org/1999/xhtml" xml:lang="en" lang="en">
 <head>
  <title>
</title>
<meta http-equiv="Content-Type" content="text/html;charset=utf-8" />
  <meta name='ocr-system' content='tesseract 3.04.00' />
  <meta name='ocr-capabilities' content='ocr_page ocr_carea ocr_par ocr_line ocrx_word'/>
</head>
<body>
  <div class='ocr_page' id='page_1' title='image "./ulrichihuttenie01huttgoog/ulrichihuttenie01huttgoog_0370.png"; bbox 0 0 4300 6059; ppageno 0'>
   <div class='ocr_carea' id='block_1_1' title="bbox 447 664 1735 735">
    <p class='ocr_par' dir='ltr' id='par_1_1' title="bbox 447 664 1735 735">
     <span class='ocr_line' id='line_1_1' title="bbox 447 664 1735 735; baseline 0 -7"><span class='ocrx_word' id='word_1_1' title='bbox 447 664 521 735; x_wconf 79' lang='grc'>358</span> <span class='ocrx_word' id='word_1_2' title='bbox 539 692 642 728; x_wconf 77' lang='lat' dir='ltr'>ottarto</span> <span class='ocrx_word' id='word_1_3' title='bbox 656 692 823 729; x_wconf 65' lang='lat' dir='ltr'>coeternum</span> <span class='ocrx_word' id='word_1_4' title='bbox 837 693 940 729; x_wconf 79' lang='lat' dir='ltr'>nvnvnt</span> <span class='ocrx_word' id='word_1_5' title='bbox 953 693 1108 728; x_wconf 75' lang='lat' dir='ltr'>novnnrntr</span> <span class='ocrx_word' id='word_1_6' title='bbox 1123 695 1158 728; x_wconf 81' lang='lat' dir='ltr'>Dii</span> <span class='ocrx_word' id='word_1_7' title='bbox 1171 693 1292 729; x_wconf 73' lang='lat' dir='ltr'>vlnrvnn</span> <span class='ocrx_word' id='word_1_8' title='bbox 1306 692 1429 730; x_wconf 71' lang='lat' dir='ltr'>CLAVIVX</span> <span class='ocrx_word' id='word_1_9' title='bbox 1442 692 1476 726; x_wconf 68' lang='lat' dir='ltr'>ET</span> <span class='ocrx_word' id='word_1_10' title='bbox 1490 690 1581 727; x_wconf 66' lang='lat' dir='ltr'><strong>BVLLA</strong></span> <span class='ocrx_word' id='word_1_11' title='bbox 1594 690 1696 728; x_wconf 65' lang='lat' dir='ltr'>naonis</span> <span class='ocrx_word' id='word_1_12' title='bbox 1706 691 1735 728; x_wconf 76' lang='lat'>1·</span> 
     </span>
    </p>
   </div>
   <div class='ocr_carea' id='block_1_2' title="bbox 380 851 1781 3654">
    <p class='ocr_par' dir='ltr' id='par_1_2' title="bbox 380 851 1781 3654">
     <span class='ocr_line' id='line_1_2' title="bbox 446 851 1735 928; baseline 0 -20"><span class='ocrx_word' id='word_1_13' title='bbox 446 852 582 915; x_wconf 88' lang='lat' dir='ltr'>volebam,</span> <span class='ocrx_word' id='word_1_14' title='bbox 611 851 749 909; x_wconf 86' lang='lat' dir='ltr'>avaritiam</span> <span class='ocrx_word' id='word_1_15' title='bbox 772 870 848 908; x_wconf 89' lang='lat' dir='ltr'>suam</span> <span class='ocrx_word' id='word_1_16' title='bbox 872 851 1089 928; x_wconf 90' lang='lat' dir='ltr'>incomplcbilem</span> <span class='ocrx_word' id='word_1_17' title='bbox 1114 864 1231 912; x_wconf 84' lang='lat' dir='ltr'>&#39;causam</span> <span class='ocrx_word' id='word_1_18' title='bbox 1261 852 1312 909; x_wconf 89' lang='lat' dir='ltr'>dei’</span> <span class='ocrx_word' id='word_1_19' title='bbox 1341 869 1402 909; x_wconf 89' lang='lat' dir='ltr'>esse</span> <span class='ocrx_word' id='word_1_20' title='bbox 1424 852 1499 909; x_wconf 92' lang='lat' dir='ltr'>dicit.</span> <span class='ocrx_word' id='word_1_21' title='bbox 1541 869 1607 908; x_wconf 91' lang='lat' dir='ltr'>num</span> <span class='ocrx_word' id='word_1_22' title='bbox 1629 869 1661 908; x_wconf 87' lang='lat' dir='ltr'>ex</span> <span class='ocrx_word' id='word_1_23' title='bbox 1682 852 1735 909; x_wconf 88' lang='lat' dir='ltr'>deo</span> 
     </span>
     <span class='ocr_line' id='line_1_3' title="bbox 446 933 1736 1013; baseline 0 -18"><span class='ocrx_word' id='word_1_24' title='bbox 446 956 500 996; x_wconf 89' lang='lat' dir='ltr'>nou</span> <span class='ocrx_word' id='word_1_25' title='bbox 524 939 602 995; x_wconf 69' lang='lat' dir='ltr'>eleum</span> <span class='ocrx_word' id='word_1_26' title='bbox 626 937 690 993; x_wconf 84' lang='lat' dir='ltr'>lucit</span> <span class='ocrx_word' id='word_1_27' title='bbox 712 937 759 1010; x_wconf 94' lang='lat' dir='ltr'>qui</span> <span class='ocrx_word' id='word_1_28' title='bbox 781 937 847 993; x_wconf 89' lang='lat' dir='ltr'>dicit</span> <span class='ocrx_word' id='word_1_29' title='bbox 869 937 959 995; x_wconf 83' lang='lat' dir='ltr'>‘Nemo</span> <span class='ocrx_word' id='word_1_30' title='bbox 982 947 1074 1013; x_wconf 89' lang='lat' dir='ltr'>potest</span> <span class='ocrx_word' id='word_1_31' title='bbox 1096 941 1196 997; x_wconf 83' lang='lat' dir='ltr'>servire</span> <span class='ocrx_word' id='word_1_32' title='bbox 1219 938 1271 996; x_wconf 92' lang='lat' dir='ltr'>deo</span> <span class='ocrx_word' id='word_1_33' title='bbox 1292 945 1320 994; x_wconf 88' lang='lat' dir='ltr'>ct</span> <span class='ocrx_word' id='word_1_34' title='bbox 1334 933 1518 995; x_wconf 82' lang='lat' dir='ltr'>llammonm’i</span> <span class='ocrx_word' id='word_1_35' title='bbox 1541 938 1610 994; x_wconf 80' lang='lat' dir='ltr'>Audi</span> <span class='ocrx_word' id='word_1_36' title='bbox 1626 955 1736 995; x_wconf 85' lang='lat' dir='ltr'>causam</span> 
     </span>
     <span class='ocr_line' id='line_1_4' title="bbox 446 1022 1737 1098; baseline 0 -18"><span class='ocrx_word' id='word_1_37' title='bbox 446 1041 507 1098; x_wconf 80' lang='lat' dir='ltr'>qum</span> <span class='ocrx_word' id='word_1_38' title='bbox 534 1023 577 1079; x_wconf 87' lang='lat' dir='ltr'>dei</span> <span class='ocrx_word' id='word_1_39' title='bbox 607 1031 663 1078; x_wconf 89' lang='lat' dir='ltr'>cst:</span> <span class='ocrx_word' id='word_1_40' title='bbox 693 1022 760 1078; x_wconf 85' lang='lat' dir='ltr'>‘Non</span> <span class='ocrx_word' id='word_1_41' title='bbox 788 1024 846 1078; x_wconf 83' lang='lat' dir='ltr'>veni</span> <span class='ocrx_word' id='word_1_42' title='bbox 875 1030 905 1078; x_wconf 86' lang='lat' dir='ltr'>ut</span> <span class='ocrx_word' id='word_1_43' title='bbox 933 1024 1027 1081; x_wconf 87' lang='lat' dir='ltr'>laciam</span> <span class='ocrx_word' id='word_1_44' title='bbox 1054 1024 1221 1082; x_wconf 84' lang='lat' dir='ltr'>voluntatem</span> <span class='ocrx_word' id='word_1_45' title='bbox 1251 1041 1350 1086; x_wconf 83' lang='lat' dir='ltr'>meam.</span> <span class='ocrx_word' id='word_1_46' title='bbox 1380 1024 1428 1079; x_wconf 92' lang='lat' dir='ltr'>sed</span> <span class='ocrx_word' id='word_1_47' title='bbox 1455 1023 1623 1079; x_wconf 84' lang='lat' dir='ltr'>voluntatem</span> <span class='ocrx_word' id='word_1_48' title='bbox 1649 1024 1737 1098; x_wconf 87' lang='lat' dir='ltr'>patris</span> 
     </span>
     <span class='ocr_line' id='line_1_5' title="bbox 447 1107 1738 1184; baseline 0 -19"><span class='ocrx_word' id='word_1_49' title='bbox 447 1109 508 1165; x_wconf 86' lang='lat' dir='ltr'>‘mei</span> <span class='ocrx_word' id='word_1_50' title='bbox 531 1109 577 1183; x_wconf 93' lang='lat' dir='ltr'>qui</span> <span class='ocrx_word' id='word_1_51' title='bbox 594 1109 621 1164; x_wconf 93' lang='lat' dir='ltr'>in</span> <span class='ocrx_word' id='word_1_52' title='bbox 636 1107 712 1165; x_wconf 79' lang='lat' dir='ltr'>ecelis</span> <span class='ocrx_word' id='word_1_53' title='bbox 733 1115 784 1163; x_wconf 90' lang='grc' dir='ltr'><strong>εει.</strong></span> <span class='ocrx_word' id='word_1_54' title='bbox 829 1109 886 1165; x_wconf 75' lang='lat' dir='ltr'>linc</span> <span class='ocrx_word' id='word_1_55' title='bbox 908 1117 951 1165; x_wconf 90' lang='lat' dir='ltr'>est</span> <span class='ocrx_word' id='word_1_56' title='bbox 974 1118 1064 1167; x_wconf 88' lang='lat' dir='ltr'>autem</span> <span class='ocrx_word' id='word_1_57' title='bbox 1086 1112 1212 1167; x_wconf 84' lang='lat' dir='ltr'>voluntas</span> <span class='ocrx_word' id='word_1_58' title='bbox 1233 1109 1319 1184; x_wconf 82' lang='lat' dir='ltr'>petris</span> <span class='ocrx_word' id='word_1_59' title='bbox 1342 1108 1409 1174; x_wconf 91' lang='lat' dir='ltr'>mei,</span> <span class='ocrx_word' id='word_1_60' title='bbox 1432 1117 1464 1165; x_wconf 95' lang='lat' dir='ltr'>ut</span> <span class='ocrx_word' id='word_1_61' title='bbox 1485 1110 1573 1166; x_wconf 89' lang='lat' dir='ltr'>omnis</span> <span class='ocrx_word' id='word_1_62' title='bbox 1595 1109 1641 1183; x_wconf 89' lang='lat' dir='ltr'>qui</span> <span class='ocrx_word' id='word_1_63' title='bbox 1663 1109 1738 1165; x_wconf 84' lang='lat' dir='ltr'>videt</span> 
     </span>
     <span class='ocr_line' id='line_1_6' title="bbox 447 1192 1762 1268; baseline 0.001 -18"><span class='ocrx_word' id='word_1_64' title='bbox 447 1193 540 1251; x_wconf 77' lang='lat' dir='ltr'>‘lilium</span> <span class='ocrx_word' id='word_1_65' title='bbox 556 1202 584 1250; x_wconf 93' lang='grc' dir='ltr'><strong>ει</strong></span> <span class='ocrx_word' id='word_1_66' title='bbox 597 1193 684 1251; x_wconf 88' lang='lat' dir='ltr'>credit</span> <span class='ocrx_word' id='word_1_67' title='bbox 700 1192 726 1248; x_wconf 94' lang='lat' dir='ltr'>in</span> <span class='ocrx_word' id='word_1_68' title='bbox 741 1210 810 1256; x_wconf 88' lang='lat' dir='ltr'>eum,</span> <span class='ocrx_word' id='word_1_69' title='bbox 833 1192 930 1249; x_wconf 85' lang='lat' dir='ltr'>lrabeat</span> <span class='ocrx_word' id='word_1_70' title='bbox 946 1195 1026 1252; x_wconf 86' lang='lat' dir='ltr'>vitem</span> <span class='ocrx_word' id='word_1_71' title='bbox 1041 1192 1189 1253; x_wconf 80' lang='lat' dir='ltr'>aeternam’.</span> <span class='ocrx_word' id='word_1_72' title='bbox 1210 1213 1293 1252; x_wconf 88' lang='lat' dir='ltr'>causa</span> <span class='ocrx_word' id='word_1_73' title='bbox 1307 1195 1350 1251; x_wconf 89' lang='lat' dir='ltr'>dei</span> <span class='ocrx_word' id='word_1_74' title='bbox 1365 1203 1408 1251; x_wconf 89' lang='grc' dir='ltr'>εει</span> <span class='ocrx_word' id='word_1_75' title='bbox 1423 1194 1577 1268; x_wconf 82' lang='lat' dir='ltr'>relinquere</span> <span class='ocrx_word' id='word_1_76' title='bbox 1592 1194 1762 1251; x_wconf 75' lang='lat' dir='ltr'>mundumts</span> 
     </span>
     <span class='ocr_line' id='line_1_7' title="bbox 447 1278 1737 1353; baseline 0 -17"><span class='ocrx_word' id='word_1_77' title='bbox 447 1278 563 1336; x_wconf 89' lang='lat' dir='ltr'>mundus</span> <span class='ocrx_word' id='word_1_78' title='bbox 587 1279 660 1353; x_wconf 89' lang='lat' dir='ltr'>quod</span> <span class='ocrx_word' id='word_1_79' title='bbox 682 1296 761 1334; x_wconf 92' lang='lat' dir='ltr'>suum</span> <span class='ocrx_word' id='word_1_80' title='bbox 784 1287 827 1334; x_wconf 90' lang='lat' dir='ltr'>est</span> <span class='ocrx_word' id='word_1_81' title='bbox 847 1278 951 1353; x_wconf 79' lang='lat' dir='ltr'>diligit,</span> <span class='ocrx_word' id='word_1_82' title='bbox 974 1298 1025 1336; x_wconf 90' lang='lat' dir='ltr'>nos</span> <span class='ocrx_word' id='word_1_83' title='bbox 1047 1299 1112 1338; x_wconf 88' lang='lat' dir='ltr'>vcro</span> <span class='ocrx_word' id='word_1_84' title='bbox 1134 1282 1202 1338; x_wconf 89' lang='lat' dir='ltr'>deus</span> <span class='ocrx_word' id='word_1_85' title='bbox 1224 1279 1308 1353; x_wconf 80' lang='lat' dir='ltr'>elegit</span> <span class='ocrx_word' id='word_1_86' title='bbox 1330 1280 1363 1336; x_wconf 90' lang='lat' dir='ltr'>de</span> <span class='ocrx_word' id='word_1_87' title='bbox 1385 1279 1495 1336; x_wconf 92' lang='lat' dir='ltr'>mundo.</span> <span class='ocrx_word' id='word_1_88' title='bbox 1532 1297 1614 1336; x_wconf 86' lang='lat' dir='ltr'>causa</span> <span class='ocrx_word' id='word_1_89' title='bbox 1634 1278 1678 1335; x_wconf 92' lang='lat' dir='ltr'>dei</span> <span class='ocrx_word' id='word_1_90' title='bbox 1694 1288 1737 1336; x_wconf 89' lang='grc' dir='ltr'>εει</span> 
     </span>
     <span class='ocr_line' id='line_1_8' title="bbox 447 1363 1737 1441; baseline 0.001 -21"><span class='ocrx_word' id='word_1_91' title='bbox 447 1363 582 1438; x_wconf 76' lang='lat' dir='ltr'>abnegare</span> <span class='ocrx_word' id='word_1_92' title='bbox 604 1365 723 1438; x_wconf 91' lang='lat' dir='ltr'>scipsum</span> <span class='ocrx_word' id='word_1_93' title='bbox 746 1379 906 1438; x_wconf 89' lang='lat' dir='ltr'>omnemque</span> <span class='ocrx_word' id='word_1_94' title='bbox 928 1382 1003 1422; x_wconf 90' lang='lat' dir='ltr'>suam</span> <span class='ocrx_word' id='word_1_95' title='bbox 1025 1366 1148 1423; x_wconf 84' lang='lat' dir='ltr'>fiduciam</span> <span class='ocrx_word' id='word_1_96' title='bbox 1170 1382 1272 1441; x_wconf 87' lang='lat' dir='ltr'>ponere</span> <span class='ocrx_word' id='word_1_97' title='bbox 1294 1365 1321 1420; x_wconf 93' lang='lat' dir='ltr'>in</span> <span class='ocrx_word' id='word_1_98' title='bbox 1337 1365 1434 1421; x_wconf 92' lang='lat' dir='ltr'>deum:</span> <span class='ocrx_word' id='word_1_99' title='bbox 1459 1364 1538 1422; x_wconf 79' lang='lat' dir='ltr'>‘lacta</span> <span class='ocrx_word' id='word_1_100' title='bbox 1553 1365 1580 1419; x_wconf 91' lang='lat' dir='ltr'>in</span> <span class='ocrx_word' id='word_1_101' title='bbox 1595 1363 1737 1421; x_wconf 90' lang='lat' dir='ltr'>dominum</span> 
     </span>
     <span class='ocr_line' id='line_1_9' title="bbox 449 1449 1738 1525; baseline -0.001 -19"><span class='ocrx_word' id='word_1_102' title='bbox 449 1458 549 1506; x_wconf 85' lang='lat' dir='ltr'>‘curem</span> <span class='ocrx_word' id='word_1_103' title='bbox 572 1457 661 1510; x_wconf 83' lang='lat' dir='ltr'>tuam.</span> <span class='ocrx_word' id='word_1_104' title='bbox 684 1456 712 1505; x_wconf 88' lang='lat' dir='ltr'>et</span> <span class='ocrx_word' id='word_1_105' title='bbox 735 1449 793 1523; x_wconf 88' lang='lat' dir='ltr'>ipsc</span> <span class='ocrx_word' id='word_1_106' title='bbox 815 1457 842 1505; x_wconf 90' lang='lat' dir='ltr'>te</span> <span class='ocrx_word' id='word_1_107' title='bbox 864 1450 1000 1514; x_wconf 84' lang='lat' dir='ltr'>enutriet&#39;,</span> <span class='ocrx_word' id='word_1_108' title='bbox 1024 1452 1086 1525; x_wconf 84' lang='lat' dir='ltr'>quia</span> <span class='ocrx_word' id='word_1_109' title='bbox 1108 1451 1233 1507; x_wconf 90' lang='lat' dir='ltr'>dominus</span> <span class='ocrx_word' id='word_1_110' title='bbox 1249 1467 1314 1507; x_wconf 93' lang='lat' dir='ltr'>suos</span> <span class='ocrx_word' id='word_1_111' title='bbox 1330 1450 1415 1524; x_wconf 79' lang='lat' dir='ltr'>regit,</span> <span class='ocrx_word' id='word_1_112' title='bbox 1439 1466 1489 1506; x_wconf 90' lang='lat' dir='ltr'>nec</span> <span class='ocrx_word' id='word_1_113' title='bbox 1503 1450 1591 1506; x_wconf 89' lang='lat' dir='ltr'>deerit</span> <span class='ocrx_word' id='word_1_114' title='bbox 1605 1449 1645 1506; x_wconf 88' lang='lat' dir='ltr'>eis</span> <span class='ocrx_word' id='word_1_115' title='bbox 1662 1449 1738 1524; x_wconf 91' lang='lat' dir='ltr'>quic·</span> 
     </span>
     <span class='ocr_line' id='line_1_10' title="bbox 380 1534 1738 1610; baseline 0.001 -21"><span class='ocrx_word' id='word_1_116' title='bbox 380 1537 539 1608; x_wconf 73' lang='lat' dir='ltr'>§.tt-quarn.</span> <span class='ocrx_word' id='word_1_117' title='bbox 584 1551 665 1590; x_wconf 88' lang='lat' dir='ltr'>cansa</span> <span class='ocrx_word' id='word_1_118' title='bbox 686 1534 728 1590; x_wconf 87' lang='lat' dir='ltr'>dei</span> <span class='ocrx_word' id='word_1_119' title='bbox 752 1542 795 1590; x_wconf 87' lang='lat' dir='ltr'>est</span> <span class='ocrx_word' id='word_1_120' title='bbox 816 1552 911 1592; x_wconf 88' lang='lat' dir='ltr'>vocare</span> <span class='ocrx_word' id='word_1_121' title='bbox 933 1545 1104 1610; x_wconf 76' lang='lat' dir='ltr'>peccatores,</span> <span class='ocrx_word' id='word_1_122' title='bbox 1132 1554 1188 1592; x_wconf 89' lang='lat' dir='ltr'>non</span> <span class='ocrx_word' id='word_1_123' title='bbox 1210 1536 1286 1592; x_wconf 87' lang='lat' dir='ltr'>sitire</span> <span class='ocrx_word' id='word_1_124' title='bbox 1309 1534 1457 1592; x_wconf 77' lang='lat' dir='ltr'><strong>insontium</strong></span> <span class='ocrx_word' id='word_1_125' title='bbox 1479 1534 1653 1609; x_wconf 76' lang='lat' dir='ltr'>sanguinem.</span> <span class='ocrx_word' id='word_1_126' title='bbox 1676 1552 1738 1590; x_wconf 86' lang='lat' dir='ltr'>esse</span> 
     </span>
     <span class='ocr_line' id='line_1_11' title="bbox 449 1620 1773 1696; baseline 0.001 -21"><span class='ocrx_word' id='word_1_127' title='bbox 449 1620 591 1682; x_wconf 86' lang='lat' dir='ltr'>humilem.</span> <span class='ocrx_word' id='word_1_128' title='bbox 614 1627 799 1683; x_wconf 84' lang='lat' dir='ltr'>mansuetum,</span> <span class='ocrx_word' id='word_1_129' title='bbox 822 1620 946 1678; x_wconf 89' lang='lat' dir='ltr'>iniuriam</span> <span class='ocrx_word' id='word_1_130' title='bbox 968 1622 1025 1696; x_wconf 91' lang='lat' dir='ltr'>pati</span> <span class='ocrx_word' id='word_1_131' title='bbox 1048 1640 1102 1680; x_wconf 88' lang='lat' dir='ltr'>non</span> <span class='ocrx_word' id='word_1_132' title='bbox 1125 1622 1238 1684; x_wconf 83' lang='lat' dir='ltr'>inferre,</span> <span class='ocrx_word' id='word_1_133' title='bbox 1261 1621 1400 1695; x_wconf 85' lang='lat' dir='ltr'>suscipere</span> <span class='ocrx_word' id='word_1_134' title='bbox 1422 1637 1530 1676; x_wconf 93' lang='lat' dir='ltr'>crucem</span> <span class='ocrx_word' id='word_1_135' title='bbox 1552 1637 1628 1677; x_wconf 82' lang='lat' dir='ltr'>suam</span> <span class='ocrx_word' id='word_1_136' title='bbox 1649 1628 1679 1676; x_wconf 91' lang='grc' dir='ltr'><strong>ει</strong></span> <span class='ocrx_word' id='word_1_137' title='bbox 1693 1636 1773 1677; x_wconf 82' lang='grc' dir='ltr'><strong>εε·ιε</strong></span> 
     </span>
     <span class='ocr_line' id='line_1_12' title="bbox 451 1704 1738 1782; baseline -0.001 -21"><span class='ocrx_word' id='word_1_138' title='bbox 451 1705 496 1779; x_wconf 93' lang='lat' dir='ltr'>qui</span> <span class='ocrx_word' id='word_1_139' title='bbox 519 1705 671 1767; x_wconf 89' lang='lat' dir='ltr'>dominum,</span> <span class='ocrx_word' id='word_1_140' title='bbox 700 1704 837 1762; x_wconf 76' lang='lat' dir='ltr'>dimittere</span> <span class='ocrx_word' id='word_1_141' title='bbox 858 1705 1094 1782; x_wconf 87' lang='lat' dir='ltr'>delinquentibus,</span> <span class='ocrx_word' id='word_1_142' title='bbox 1122 1708 1221 1765; x_wconf 89' lang='lat' dir='ltr'>docere</span> <span class='ocrx_word' id='word_1_143' title='bbox 1243 1722 1391 1781; x_wconf 79' lang='lat' dir='ltr'>pauperes.</span> <span class='ocrx_word' id='word_1_144' title='bbox 1421 1705 1447 1762; x_wconf 93' lang='lat' dir='ltr'>in</span> <span class='ocrx_word' id='word_1_145' title='bbox 1474 1705 1544 1761; x_wconf 84' lang='lat' dir='ltr'>viam</span> <span class='ocrx_word' id='word_1_146' title='bbox 1572 1706 1672 1763; x_wconf 87' lang='lat' dir='ltr'>ducere</span> <span class='ocrx_word' id='word_1_147' title='bbox 1694 1723 1738 1761; x_wconf 89' lang='lat' dir='ltr'>cr-</span> 
     </span>
     <span class='ocr_line' id='line_1_13' title="bbox 450 1789 1740 1854; baseline 0.002 -9"><span class='ocrx_word' id='word_1_148' title='bbox 450 1798 556 1853; x_wconf 85' lang='lat' dir='ltr'>rantes.</span> <span class='ocrx_word' id='word_1_149' title='bbox 585 1807 639 1846; x_wconf 92' lang='lat' dir='ltr'>non</span> <span class='ocrx_word' id='word_1_150' title='bbox 669 1789 801 1847; x_wconf 91' lang='lat' dir='ltr'>dominari</span> <span class='ocrx_word' id='word_1_151' title='bbox 824 1792 871 1847; x_wconf 91' lang='lat' dir='ltr'>scd</span> <span class='ocrx_word' id='word_1_152' title='bbox 892 1793 1062 1850; x_wconf 86' lang='lat' dir='ltr'>ministrare:</span> <span class='ocrx_word' id='word_1_153' title='bbox 1092 1811 1152 1849; x_wconf 88' lang='lat' dir='ltr'>narn</span> <span class='ocrx_word' id='word_1_154' title='bbox 1174 1790 1333 1848; x_wconf 79' lang='lat' dir='ltr'>difficillime</span> <span class='ocrx_word' id='word_1_155' title='bbox 1355 1790 1510 1848; x_wconf 90' lang='lat' dir='ltr'>huiusmodi</span> <span class='ocrx_word' id='word_1_156' title='bbox 1531 1790 1669 1854; x_wconf 85' lang='lat' dir='ltr'>homines,</span> <span class='ocrx_word' id='word_1_157' title='bbox 1699 1791 1740 1847; x_wconf 87' lang='lat' dir='ltr'>eit</span> 
     </span>
     <span class='ocr_line' id='line_1_14' title="bbox 451 1874 1740 1951; baseline 0.001 -20"><span class='ocrx_word' id='word_1_158' title='bbox 451 1875 527 1931; x_wconf 92' lang='lat' dir='ltr'>divus</span> <span class='ocrx_word' id='word_1_159' title='bbox 549 1875 772 1949; x_wconf 74' lang='lat' dir='ltr'>chrysostomus.</span> <span class='ocrx_word' id='word_1_160' title='bbox 800 1878 879 1933; x_wconf 89' lang='lat' dir='ltr'>etiam</span> <span class='ocrx_word' id='word_1_161' title='bbox 908 1877 930 1933; x_wconf 91' lang='lat' dir='ltr'>si</span> <span class='ocrx_word' id='word_1_162' title='bbox 959 1877 1033 1935; x_wconf 90' lang='lat' dir='ltr'>millo</span> <span class='ocrx_word' id='word_1_163' title='bbox 1055 1878 1200 1934; x_wconf 88' lang='lat' dir='ltr'>virtutibus</span> <span class='ocrx_word' id='word_1_164' title='bbox 1222 1877 1391 1939; x_wconf 85' lang='lat' dir='ltr'>muniantur,</span> <span class='ocrx_word' id='word_1_165' title='bbox 1420 1875 1447 1931; x_wconf 94' lang='lat' dir='ltr'>in</span> <span class='ocrx_word' id='word_1_166' title='bbox 1477 1893 1589 1950; x_wconf 82' lang='lat' dir='ltr'>regnum</span> <span class='ocrx_word' id='word_1_167' title='bbox 1611 1874 1654 1932; x_wconf 90' lang='lat' dir='ltr'>dei</span> <span class='ocrx_word' id='word_1_168' title='bbox 1677 1892 1740 1951; x_wconf 91' lang='lat' dir='ltr'>per·</span> 
     </span>
     <span class='ocr_line' id='line_1_15' title="bbox 451 1960 1740 2037; baseline 0.003 -24"><span class='ocrx_word' id='word_1_169' title='bbox 451 1961 573 2017; x_wconf 86' lang='lat' dir='ltr'>venient:</span> <span class='ocrx_word' id='word_1_170' title='bbox 603 1960 670 2015; x_wconf 87' lang='lat' dir='ltr'>nihil</span> <span class='ocrx_word' id='word_1_171' title='bbox 698 1961 769 2017; x_wconf 85' lang='lat' dir='ltr'>onim</span> <span class='ocrx_word' id='word_1_172' title='bbox 792 1962 878 2036; x_wconf 80' lang='lat' dir='ltr'>magis</span> <span class='ocrx_word' id='word_1_173' title='bbox 900 1980 915 2019; x_wconf 94' lang='lat' dir='ltr'>e</span> <span class='ocrx_word' id='word_1_174' title='bbox 938 1962 1002 2037; x_wconf 79' lang='lat' dir='ltr'>ingo</span> <span class='ocrx_word' id='word_1_175' title='bbox 1026 1963 1137 2020; x_wconf 85' lang='lat' dir='ltr'>iustitiae</span> <span class='ocrx_word' id='word_1_176' title='bbox 1166 1961 1317 2019; x_wconf 88' lang='lat' dir='ltr'>subducere</span> <span class='ocrx_word' id='word_1_177' title='bbox 1344 1960 1444 2018; x_wconf 92' lang='lat' dir='ltr'>collum</span> <span class='ocrx_word' id='word_1_178' title='bbox 1474 1960 1546 2017; x_wconf 92' lang='lat' dir='ltr'>solet</span> <span class='ocrx_word' id='word_1_179' title='bbox 1572 1978 1651 2035; x_wconf 85' lang='lat' dir='ltr'>quam</span> <span class='ocrx_word' id='word_1_180' title='bbox 1679 1960 1740 2018; x_wconf 80' lang='lat' dir='ltr'>hec</span> 
     </span>
     <span class='ocr_line' id='line_1_16' title="bbox 452 2044 1776 2121; baseline 0 -20"><span class='ocrx_word' id='word_1_181' title='bbox 452 2045 538 2102; x_wconf 89' lang='lat' dir='ltr'>inanis</span> <span class='ocrx_word' id='word_1_182' title='bbox 560 2044 687 2103; x_wconf 89' lang='lat' dir='ltr'>conllatio</span> <span class='ocrx_word' id='word_1_183' title='bbox 709 2045 814 2119; x_wconf 79' lang='lat' dir='ltr'>glorie,</span> <span class='ocrx_word' id='word_1_184' title='bbox 837 2065 901 2121; x_wconf 70' lang='lat' dir='ltr'>quie</span> <span class='ocrx_word' id='word_1_185' title='bbox 922 2049 1049 2116; x_wconf 88' lang='lat' dir='ltr'>tumidos,</span> <span class='ocrx_word' id='word_1_186' title='bbox 1072 2048 1210 2110; x_wconf 88' lang='lat' dir='ltr'>remissos,</span> <span class='ocrx_word' id='word_1_187' title='bbox 1233 2046 1397 2108; x_wconf 83' lang='lat' dir='ltr'>adulatores,</span> <span class='ocrx_word' id='word_1_188' title='bbox 1420 2045 1592 2102; x_wconf 80' lang='lat' dir='ltr'>simulatores</span> <span class='ocrx_word' id='word_1_189' title='bbox 1613 2045 1740 2102; x_wconf 86' lang='lat' dir='ltr'>homines</span> <span class='ocrx_word' id='word_1_190' title='bbox 1753 2059 1776 2101; x_wconf 82' lang='lat' dir='ltr'>u</span> 
     </span>
     <span class='ocr_line' id='line_1_17' title="bbox 384 2122 1741 2206; baseline -0.001 -18"><span class='ocrx_word' id='word_1_191' title='bbox 384 2144 444 2195; x_wconf 72' lang='lat' dir='ltr'>§.ns</span> <span class='ocrx_word' id='word_1_192' title='bbox 453 2130 550 2188; x_wconf 86' lang='lat' dir='ltr'>reddit.</span> <span class='ocrx_word' id='word_1_193' title='bbox 593 2148 675 2186; x_wconf 86' lang='lat' dir='ltr'>causa</span> <span class='ocrx_word' id='word_1_194' title='bbox 695 2130 738 2187; x_wconf 88' lang='lat' dir='ltr'>dci</span> <span class='ocrx_word' id='word_1_195' title='bbox 761 2140 816 2193; x_wconf 85' lang='lat' dir='ltr'>cst.</span> <span class='ocrx_word' id='word_1_196' title='bbox 843 2142 874 2188; x_wconf 92' lang='lat' dir='ltr'>ut</span> <span class='ocrx_word' id='word_1_197' title='bbox 903 2122 1056 2190; x_wconf 82' lang='lat' dir='ltr'>summatim</span> <span class='ocrx_word' id='word_1_198' title='bbox 1082 2134 1184 2196; x_wconf 87' lang='lat' dir='ltr'>dicam,</span> <span class='ocrx_word' id='word_1_199' title='bbox 1211 2131 1388 2206; x_wconf 80' lang='lat' dir='ltr'>evangelium.</span> <span class='ocrx_word' id='word_1_200' title='bbox 1432 2131 1484 2187; x_wconf 86' lang='lat' dir='ltr'>Sed</span> <span class='ocrx_word' id='word_1_201' title='bbox 1511 2131 1564 2187; x_wconf 90' lang='lat' dir='ltr'>boc</span> <span class='ocrx_word' id='word_1_202' title='bbox 1585 2129 1741 2205; x_wconf 79' lang='lat' dir='ltr'>neglectum</span> 
     </span>
     <span class='ocr_line' id='line_1_18' title="bbox 451 2215 1742 2291; baseline 0.001 -21"><span class='ocrx_word' id='word_1_203' title='bbox 451 2215 486 2270; x_wconf 87' lang='lat' dir='ltr'>iri</span> <span class='ocrx_word' id='word_1_204' title='bbox 508 2215 704 2287; x_wconf 83' lang='lat' dir='ltr'>conspicimus:</span> <span class='ocrx_word' id='word_1_205' title='bbox 734 2216 847 2291; x_wconf 75' lang='lat' dir='ltr'>‘Exurge</span> <span class='ocrx_word' id='word_1_206' title='bbox 870 2218 969 2291; x_wconf 80' lang='lat' dir='ltr'>igitur,</span> <span class='ocrx_word' id='word_1_207' title='bbox 999 2234 1015 2275; x_wconf 96' lang='lat' dir='ltr'>o</span> <span class='ocrx_word' id='word_1_208' title='bbox 1038 2219 1160 2281; x_wconf 87' lang='lat' dir='ltr'>dominc,</span> <span class='ocrx_word' id='word_1_209' title='bbox 1191 2227 1219 2275; x_wconf 89' lang='lat' dir='ltr'>et</span> <span class='ocrx_word' id='word_1_210' title='bbox 1247 2217 1333 2275; x_wconf 88' lang='lat' dir='ltr'>iudica</span> <span class='ocrx_word' id='word_1_211' title='bbox 1355 2234 1463 2274; x_wconf 90' lang='lat' dir='ltr'>causam</span> <span class='ocrx_word' id='word_1_212' title='bbox 1487 2225 1574 2279; x_wconf 89' lang='lat' dir='ltr'>tuam,</span> <span class='ocrx_word' id='word_1_213' title='bbox 1602 2226 1742 2273; x_wconf 89' lang='lat' dir='ltr'>memento</span> 
     </span>
     <span class='ocr_line' id='line_1_19' title="bbox 453 2299 1742 2377; baseline 0.001 -20"><span class='ocrx_word' id='word_1_214' title='bbox 453 2299 604 2374; x_wconf 84' lang='lat' dir='ltr'>‘opprobrii</span> <span class='ocrx_word' id='word_1_215' title='bbox 629 2302 667 2357; x_wconf 93' lang='lat' dir='ltr'>tui</span> <span class='ocrx_word' id='word_1_216' title='bbox 689 2300 722 2357; x_wconf 90' lang='lat' dir='ltr'>ab</span> <span class='ocrx_word' id='word_1_217' title='bbox 745 2301 890 2377; x_wconf 88' lang='lat' dir='ltr'>insipiente</span> <span class='ocrx_word' id='word_1_218' title='bbox 913 2310 970 2360; x_wconf 89' lang='lat' dir='ltr'>tota</span> <span class='ocrx_word' id='word_1_219' title='bbox 993 2304 1051 2368; x_wconf 87' lang='lat' dir='ltr'>die;</span> <span class='ocrx_word' id='word_1_220' title='bbox 1072 2322 1106 2360; x_wconf 92' lang='lat' dir='ltr'>ne</span> <span class='ocrx_word' id='word_1_221' title='bbox 1130 2303 1297 2360; x_wconf 88' lang='lat' dir='ltr'>obliviscaris</span> <span class='ocrx_word' id='word_1_222' title='bbox 1318 2319 1397 2358; x_wconf 85' lang='lat' dir='ltr'>voces</span> <span class='ocrx_word' id='word_1_223' title='bbox 1413 2302 1533 2358; x_wconf 89' lang='lat' dir='ltr'>hostium</span> <span class='ocrx_word' id='word_1_224' title='bbox 1548 2309 1673 2364; x_wconf 88' lang='lat' dir='ltr'>tuorum.</span> <span class='ocrx_word' id='word_1_225' title='bbox 1696 2319 1742 2358; x_wconf 84' lang='lat' dir='ltr'>so·</span> 
     </span>
     <span class='ocr_line' id='line_1_20' title="bbox 453 2380 1742 2463; baseline 0.002 -23"><span class='ocrx_word' id='word_1_226' title='bbox 453 2394 513 2441; x_wconf 82' lang='lat' dir='ltr'>‘nus</span> <span class='ocrx_word' id='word_1_227' title='bbox 536 2385 752 2442; x_wconf 86' lang='lat' dir='ltr'>adversariorum</span> <span class='ocrx_word' id='word_1_228' title='bbox 777 2395 887 2444; x_wconf 91' lang='lat' dir='ltr'>tuorum</span> <span class='ocrx_word' id='word_1_229' title='bbox 910 2389 1030 2446; x_wconf 86' lang='lat' dir='ltr'>aseendit</span> <span class='ocrx_word' id='word_1_230' title='bbox 1052 2384 1171 2463; x_wconf 79' lang='lat' dir='ltr'>iugiter&#39;.</span> <span class='ocrx_word' id='word_1_231' title='bbox 1209 2387 1337 2463; x_wconf 90' lang='lat' dir='ltr'>‘populus</span> <span class='ocrx_word' id='word_1_232' title='bbox 1360 2380 1677 2461; x_wconf 60' lang='lat' dir='ltr'>iusipiens&#39;blasplremat</span> <span class='ocrx_word' id='word_1_233' title='bbox 1691 2404 1742 2442; x_wconf 92' lang='lat' dir='ltr'>no·</span> 
     </span>
     <span class='ocr_line' id='line_1_21' title="bbox 453 2470 1777 2546; baseline 0 -20"><span class='ocrx_word' id='word_1_234' title='bbox 453 2477 523 2526; x_wconf 87' lang='lat' dir='ltr'>‘men</span> <span class='ocrx_word' id='word_1_235' title='bbox 546 2477 636 2526; x_wconf 90' lang='lat' dir='ltr'>tuum:</span> <span class='ocrx_word' id='word_1_236' title='bbox 661 2488 676 2526; x_wconf 95' lang='lat' dir='ltr'>o</span> <span class='ocrx_word' id='word_1_237' title='bbox 698 2471 820 2536; x_wconf 86' lang='lat' dir='ltr'>domine,</span> <span class='ocrx_word' id='word_1_238' title='bbox 844 2489 876 2529; x_wconf 91' lang='lat' dir='ltr'>ne</span> <span class='ocrx_word' id='word_1_239' title='bbox 900 2474 989 2530; x_wconf 87' lang='lat' dir='ltr'>tradas</span> <span class='ocrx_word' id='word_1_240' title='bbox 1012 2474 1107 2531; x_wconf 88' lang='lat' dir='ltr'>bestiis</span> <span class='ocrx_word' id='word_1_241' title='bbox 1128 2473 1239 2530; x_wconf 89' lang='lat' dir='ltr'>animas’</span> <span class='ocrx_word' id='word_1_242' title='bbox 1259 2473 1379 2529; x_wconf 87' lang='lat' dir='ltr'>eruditas</span> <span class='ocrx_word' id='word_1_243' title='bbox 1400 2470 1461 2545; x_wconf 79' lang='lat' dir='ltr'>lege</span> <span class='ocrx_word' id='word_1_244' title='bbox 1483 2480 1545 2529; x_wconf 86' lang='lat' dir='ltr'>tua:</span> <span class='ocrx_word' id='word_1_245' title='bbox 1567 2471 1777 2546; x_wconf 76' lang='lat' dir='ltr'>provocatrixeo</span> 
     </span>
     <span class='ocr_line' id='line_1_22' title="bbox 457 2555 1743 2633; baseline 0.002 -23"><span class='ocrx_word' id='word_1_246' title='bbox 457 2555 526 2611; x_wconf 85' lang='lat' dir='ltr'>lacta</span> <span class='ocrx_word' id='word_1_247' title='bbox 549 2562 591 2611; x_wconf 86' lang='lat' dir='ltr'>est</span> <span class='ocrx_word' id='word_1_248' title='bbox 614 2555 707 2611; x_wconf 83' lang='lat' dir='ltr'>civitas</span> <span class='ocrx_word' id='word_1_249' title='bbox 729 2556 867 2632; x_wconf 84' lang='lat' dir='ltr'>redempta</span> <span class='ocrx_word' id='word_1_250' title='bbox 890 2560 1021 2633; x_wconf 78' lang='lat' dir='ltr'>sanguine</span> <span class='ocrx_word' id='word_1_251' title='bbox 1044 2559 1144 2615; x_wconf 82' lang='lat' dir='ltr'>Christi</span> <span class='ocrx_word' id='word_1_252' title='bbox 1168 2559 1224 2621; x_wconf 87' lang='lat' dir='ltr'>tui,</span> <span class='ocrx_word' id='word_1_253' title='bbox 1253 2568 1283 2614; x_wconf 90' lang='lat' dir='ltr'>et</span> <span class='ocrx_word' id='word_1_254' title='bbox 1310 2565 1424 2632; x_wconf 88' lang='lat' dir='ltr'>propter</span> <span class='ocrx_word' id='word_1_255' title='bbox 1451 2573 1510 2613; x_wconf 88' lang='lat' dir='ltr'>eam</span> <span class='ocrx_word' id='word_1_256' title='bbox 1537 2573 1637 2613; x_wconf 89' lang='lat' dir='ltr'>nomen</span> <span class='ocrx_word' id='word_1_257' title='bbox 1664 2565 1743 2613; x_wconf 84' lang='lat' dir='ltr'>tuum</span> 
     </span>
     <span class='ocr_line' id='line_1_23' title="bbox 457 2639 1744 2718; baseline 0.002 -23"><span class='ocrx_word' id='word_1_258' title='bbox 457 2640 484 2695; x_wconf 92' lang='lat' dir='ltr'>in</span> <span class='ocrx_word' id='word_1_259' title='bbox 505 2639 633 2712; x_wconf 82' lang='lat' dir='ltr'>gentibus</span> <span class='ocrx_word' id='word_1_260' title='bbox 655 2640 724 2696; x_wconf 89' lang='lat' dir='ltr'>male</span> <span class='ocrx_word' id='word_1_261' title='bbox 745 2642 834 2706; x_wconf 73' lang='lat' dir='ltr'>audit:</span> <span class='ocrx_word' id='word_1_262' title='bbox 861 2643 1043 2701; x_wconf 79' lang='lat' dir='ltr'>columbinam</span> <span class='ocrx_word' id='word_1_263' title='bbox 1073 2643 1190 2718; x_wconf 88' lang='lat' dir='ltr'>perdidit</span> <span class='ocrx_word' id='word_1_264' title='bbox 1218 2641 1432 2718; x_wconf 87' lang='lat' dir='ltr'>simplicitatem,</span> <span class='ocrx_word' id='word_1_265' title='bbox 1464 2651 1563 2699; x_wconf 78' lang='lat' dir='ltr'>‘vocem</span> <span class='ocrx_word' id='word_1_266' title='bbox 1591 2648 1665 2698; x_wconf 82' lang='lat' dir='ltr'>tuam</span> <span class='ocrx_word' id='word_1_267' title='bbox 1687 2657 1744 2698; x_wconf 87' lang='lat' dir='ltr'>non</span> 
     </span>
     <span class='ocr_line' id='line_1_24' title="bbox 455 2725 1743 2804; baseline 0.002 -24"><span class='ocrx_word' id='word_1_268' title='bbox 455 2725 552 2787; x_wconf 73' lang='lat' dir='ltr'>audit,</span> <span class='ocrx_word' id='word_1_269' title='bbox 577 2742 664 2799; x_wconf 90' lang='lat' dir='ltr'>neque</span> <span class='ocrx_word' id='word_1_270' title='bbox 685 2725 856 2801; x_wconf 87' lang='lat' dir='ltr'>disciplinam</span> <span class='ocrx_word' id='word_1_271' title='bbox 879 2738 952 2786; x_wconf 91' lang='lat' dir='ltr'>tuam</span> <span class='ocrx_word' id='word_1_272' title='bbox 974 2728 1031 2785; x_wconf 85' lang='lat' dir='ltr'>vult</span> <span class='ocrx_word' id='word_1_273' title='bbox 1053 2729 1206 2804; x_wconf 89' lang='lat' dir='ltr'>suscipere,</span> <span class='ocrx_word' id='word_1_274' title='bbox 1230 2746 1280 2785; x_wconf 93' lang='lat' dir='ltr'>nec</span> <span class='ocrx_word' id='word_1_275' title='bbox 1300 2727 1412 2784; x_wconf 89' lang='lat' dir='ltr'>conlidit</span> <span class='ocrx_word' id='word_1_276' title='bbox 1435 2727 1462 2783; x_wconf 95' lang='lat' dir='ltr'>in</span> <span class='ocrx_word' id='word_1_277' title='bbox 1483 2727 1607 2790; x_wconf 88' lang='lat' dir='ltr'>domino,</span> <span class='ocrx_word' id='word_1_278' title='bbox 1630 2727 1695 2801; x_wconf 79' lang='lat' dir='ltr'>quia</span> <span class='ocrx_word' id='word_1_279' title='bbox 1708 2727 1743 2782; x_wconf 85' lang='lat' dir='ltr'>ad</span> 
     </span>
     <span class='ocr_line' id='line_1_25' title="bbox 457 2810 1744 2889; baseline 0.002 -23"><span class='ocrx_word' id='word_1_280' title='bbox 457 2810 604 2867; x_wconf 88' lang='lat' dir='ltr'>‘dominum</span> <span class='ocrx_word' id='word_1_281' title='bbox 625 2820 653 2867; x_wconf 87' lang='lat' dir='ltr'>te</span> <span class='ocrx_word' id='word_1_282' title='bbox 674 2810 755 2868; x_wconf 89' lang='lat' dir='ltr'>deum</span> <span class='ocrx_word' id='word_1_283' title='bbox 777 2830 856 2870; x_wconf 90' lang='lat' dir='ltr'>suum</span> <span class='ocrx_word' id='word_1_284' title='bbox 883 2815 1104 2889; x_wconf 87' lang='lat' dir='ltr'>appropinquare</span> <span class='ocrx_word' id='word_1_285' title='bbox 1131 2822 1252 2876; x_wconf 87' lang='lat' dir='ltr'>recusat,</span> <span class='ocrx_word' id='word_1_286' title='bbox 1282 2820 1312 2869; x_wconf 88' lang='lat' dir='ltr'>ut</span> <span class='ocrx_word' id='word_1_287' title='bbox 1341 2820 1476 2869; x_wconf 83' lang='lat' dir='ltr'>mereatur</span> <span class='ocrx_word' id='word_1_288' title='bbox 1503 2819 1676 2887; x_wconf 87' lang='lat' dir='ltr'>peccatorum</span> <span class='ocrx_word' id='word_1_289' title='bbox 1698 2829 1744 2868; x_wconf 83' lang='lat' dir='ltr'>ve·</span> 
     </span>
     <span class='ocr_line' id='line_1_26' title="bbox 386 2894 1778 2973; baseline 0.001 -23"><span class='ocrx_word' id='word_1_290' title='bbox 386 2895 547 2958; x_wconf 74' lang='lat' dir='ltr'>§.m‘niam</span> <span class='ocrx_word' id='word_1_291' title='bbox 590 2895 702 2952; x_wconf 79' lang='lat' dir='ltr'>Frustra</span> <span class='ocrx_word' id='word_1_292' title='bbox 724 2897 795 2954; x_wconf 88' lang='lat' dir='ltr'>enirn</span> <span class='ocrx_word' id='word_1_293' title='bbox 817 2900 879 2973; x_wconf 91' lang='lat' dir='ltr'>quis</span> <span class='ocrx_word' id='word_1_294' title='bbox 901 2916 992 2956; x_wconf 88' lang='lat' dir='ltr'>vocem</span> <span class='ocrx_word' id='word_1_295' title='bbox 1015 2899 1117 2956; x_wconf 86' lang='lat' dir='ltr'>domini</span> <span class='ocrx_word' id='word_1_296' title='bbox 1139 2898 1181 2956; x_wconf 88' lang='lat' dir='ltr'>dei</span> <span class='ocrx_word' id='word_1_297' title='bbox 1204 2899 1246 2955; x_wconf 89' lang='lat' dir='ltr'>sui</span> <span class='ocrx_word' id='word_1_298' title='bbox 1268 2894 1360 2954; x_wconf 88' lang='lat' dir='ltr'>andire</span> <span class='ocrx_word' id='word_1_299' title='bbox 1383 2914 1412 2954; x_wconf 91' lang='lat' dir='ltr'>se</span> <span class='ocrx_word' id='word_1_300' title='bbox 1434 2896 1499 2954; x_wconf 87' lang='lat' dir='ltr'>dicit</span> <span class='ocrx_word' id='word_1_301' title='bbox 1520 2905 1548 2952; x_wconf 92' lang='grc' dir='ltr'><strong>ει</strong></span> <span class='ocrx_word' id='word_1_302' title='bbox 1562 2895 1698 2955; x_wconf 90' lang='lat' dir='ltr'>conliderc</span> <span class='ocrx_word' id='word_1_303' title='bbox 1712 2897 1778 2954; x_wconf 74' lang='lat' dir='ltr'>ines</span> 
     </span>
     <span class='ocr_line' id='line_1_27' title="bbox 457 2980 1744 3058; baseline 0.002 -22"><span class='ocrx_word' id='word_1_304' title='bbox 457 2980 590 3044; x_wconf 76' lang='lat' dir='ltr'>domino,</span> <span class='ocrx_word' id='word_1_305' title='bbox 614 2982 720 3055; x_wconf 87' lang='lat' dir='ltr'>quando</span> <span class='ocrx_word' id='word_1_306' title='bbox 737 2983 866 3058; x_wconf 90' lang='lat' dir='ltr'>operibus</span> <span class='ocrx_word' id='word_1_307' title='bbox 881 2984 959 3041; x_wconf 86' lang='lat' dir='ltr'>tidem</span> <span class='ocrx_word' id='word_1_308' title='bbox 981 2985 1115 3047; x_wconf 87' lang='lat' dir='ltr'>destruit’‚</span> <span class='ocrx_word' id='word_1_309' title='bbox 1138 2993 1208 3041; x_wconf 90' lang='lat' dir='ltr'>teste</span> <span class='ocrx_word' id='word_1_310' title='bbox 1229 2983 1290 3040; x_wconf 86' lang='lat' dir='ltr'>divo</span> <span class='ocrx_word' id='word_1_311' title='bbox 1307 2982 1484 3057; x_wconf 80' lang='lat' dir='ltr'>Hieronymo,</span> <span class='ocrx_word' id='word_1_312' title='bbox 1509 2989 1545 3038; x_wconf 83' lang='lat' dir='ltr'>&#39;et</span> <span class='ocrx_word' id='word_1_313' title='bbox 1560 2982 1647 3056; x_wconf 79' lang='lat' dir='ltr'>magis</span> <span class='ocrx_word' id='word_1_314' title='bbox 1661 2982 1744 3038; x_wconf 82' lang='lat' dir='ltr'>llum·</span> 
     </span>
     <span class='ocr_line' id='line_1_28' title="bbox 456 3067 1747 3144; baseline 0.002 -23"><span class='ocrx_word' id='word_1_315' title='bbox 456 3074 553 3122; x_wconf 75' lang='lat' dir='ltr'>‘mone</span> <span class='ocrx_word' id='word_1_316' title='bbox 583 3067 733 3140; x_wconf 82' lang='lat' dir='ltr'>iunguntur</span> <span class='ocrx_word' id='word_1_317' title='bbox 761 3086 841 3143; x_wconf 85' lang='lat' dir='ltr'>quam</span> <span class='ocrx_word' id='word_1_318' title='bbox 863 3069 973 3126; x_wconf 91' lang='lat' dir='ltr'>domino</span> <span class='ocrx_word' id='word_1_319' title='bbox 996 3070 1047 3127; x_wconf 90' lang='lat' dir='ltr'>deo</span> <span class='ocrx_word' id='word_1_320' title='bbox 1076 3087 1143 3132; x_wconf 91' lang='lat' dir='ltr'>suo,</span> <span class='ocrx_word' id='word_1_321' title='bbox 1174 3077 1202 3125; x_wconf 90' lang='lat' dir='ltr'>et</span> <span class='ocrx_word' id='word_1_322' title='bbox 1230 3067 1330 3144; x_wconf 91' lang='lat' dir='ltr'>duplici</span> <span class='ocrx_word' id='word_1_323' title='bbox 1352 3068 1433 3124; x_wconf 86' lang='lat' dir='ltr'>corde</span> <span class='ocrx_word' id='word_1_324' title='bbox 1455 3067 1556 3123; x_wconf 86' lang='lat' dir='ltr'>accedit</span> <span class='ocrx_word' id='word_1_325' title='bbox 1578 3067 1610 3123; x_wconf 84' lang='lat' dir='ltr'>ad</span> <span class='ocrx_word' id='word_1_326' title='bbox 1632 3084 1693 3125; x_wconf 91' lang='lat' dir='ltr'>eum</span> <span class='ocrx_word' id='word_1_327' title='bbox 1716 3075 1747 3123; x_wconf 91' lang='grc' dir='ltr'><strong>ει</strong></span> 
     </span>
     <span class='ocr_line' id='line_1_29' title="bbox 457 3149 1746 3229; baseline 0.001 -22"><span class='ocrx_word' id='word_1_328' title='bbox 457 3149 571 3207; x_wconf 86' lang='lat' dir='ltr'>&#39;duobus</span> <span class='ocrx_word' id='word_1_329' title='bbox 592 3152 724 3215; x_wconf 87' lang='lat' dir='ltr'>dominis,</span> <span class='ocrx_word' id='word_1_330' title='bbox 748 3154 840 3210; x_wconf 90' lang='lat' dir='ltr'>seculo</span> <span class='ocrx_word' id='word_1_331' title='bbox 863 3162 892 3211; x_wconf 89' lang='lat' dir='ltr'>et</span> <span class='ocrx_word' id='word_1_332' title='bbox 913 3155 978 3218; x_wconf 90' lang='lat' dir='ltr'>deo,</span> <span class='ocrx_word' id='word_1_333' title='bbox 1002 3153 1119 3211; x_wconf 88' lang='lat' dir='ltr'>militare</span> <span class='ocrx_word' id='word_1_334' title='bbox 1141 3172 1223 3229; x_wconf 90' lang='lat' dir='ltr'>posse</span> <span class='ocrx_word' id='word_1_335' title='bbox 1245 3170 1274 3209; x_wconf 91' lang='lat' dir='ltr'>se</span> <span class='ocrx_word' id='word_1_336' title='bbox 1290 3152 1384 3210; x_wconf 90' lang='lat' dir='ltr'>credit.</span> <span class='ocrx_word' id='word_1_337' title='bbox 1420 3152 1505 3208; x_wconf 83' lang='lat' dir='ltr'>liuius</span> <span class='ocrx_word' id='word_1_338' title='bbox 1527 3152 1665 3227; x_wconf 86' lang='lat' dir='ltr'>principes</span> <span class='ocrx_word' id='word_1_339' title='bbox 1680 3160 1746 3208; x_wconf 87' lang='lat' dir='ltr'>sunt</span> 
     </span>
     <span class='ocr_line' id='line_1_30' title="bbox 457 3235 1746 3313; baseline 0.003 -23"><span class='ocrx_word' id='word_1_340' title='bbox 457 3235 560 3292; x_wconf 80' lang='lat' dir='ltr'>‘leones</span> <span class='ocrx_word' id='word_1_341' title='bbox 583 3237 738 3310; x_wconf 80' lang='lat' dir='ltr'>rugientes:</span> <span class='ocrx_word' id='word_1_342' title='bbox 759 3238 818 3296; x_wconf 87' lang='lat' dir='ltr'>Non</span> <span class='ocrx_word' id='word_1_343' title='bbox 841 3239 1020 3313; x_wconf 77' lang='lat' dir='ltr'>ambigimus&#39;.</span> <span class='ocrx_word' id='word_1_344' title='bbox 1044 3248 1154 3299; x_wconf 88' lang='lat' dir='ltr'>sanctus</span> <span class='ocrx_word' id='word_1_345' title='bbox 1177 3240 1215 3296; x_wconf 92' lang='lat' dir='ltr'>ait</span> <span class='ocrx_word' id='word_1_346' title='bbox 1235 3238 1430 3313; x_wconf 82' lang='lat' dir='ltr'>Hieronymus,</span> <span class='ocrx_word' id='word_1_347' title='bbox 1455 3238 1496 3294; x_wconf 88' lang='lat' dir='ltr'>‘de</span> <span class='ocrx_word' id='word_1_348' title='bbox 1518 3238 1612 3312; x_wconf 77' lang='lat' dir='ltr'>mgitu</span> <span class='ocrx_word' id='word_1_349' title='bbox 1633 3237 1746 3295; x_wconf 89' lang='lat' dir='ltr'>leonum</span> 
     </span>
     <span class='ocr_line' id='line_1_31' title="bbox 458 3320 1781 3400; baseline 0.002 -25"><span class='ocrx_word' id='word_1_350' title='bbox 458 3329 494 3376; x_wconf 84' lang='lat' dir='ltr'>‘et</span> <span class='ocrx_word' id='word_1_351' title='bbox 516 3321 650 3384; x_wconf 85' lang='lat' dir='ltr'>discursu.</span> <span class='ocrx_word' id='word_1_352' title='bbox 674 3323 782 3395; x_wconf 90' lang='lat' dir='ltr'>quando</span> <span class='ocrx_word' id='word_1_353' title='bbox 804 3325 950 3382; x_wconf 86' lang='lat' dir='ltr'>viderimus</span> <span class='ocrx_word' id='word_1_354' title='bbox 972 3326 1110 3399; x_wconf 88' lang='lat' dir='ltr'>principes</span> <span class='ocrx_word' id='word_1_355' title='bbox 1132 3326 1190 3381; x_wconf 91' lang='lat' dir='ltr'>eius</span> <span class='ocrx_word' id='word_1_356' title='bbox 1214 3320 1345 3400; x_wconf 72' lang='lat' dir='ltr'>(ecclesie</span> <span class='ocrx_word' id='word_1_357' title='bbox 1367 3321 1482 3396; x_wconf 88' lang='lat' dir='ltr'>scilicet)</span> <span class='ocrx_word' id='word_1_358' title='bbox 1503 3322 1542 3380; x_wconf 87' lang='lat' dir='ltr'>ita</span> <span class='ocrx_word' id='word_1_359' title='bbox 1564 3322 1781 3381; x_wconf 79' lang='lat' dir='ltr'>insubiectoste</span> 
     </span>
     <span class='ocr_line' id='line_1_32' title="bbox 458 3406 1748 3485; baseline 0.002 -23"><span class='ocrx_word' id='word_1_360' title='bbox 458 3406 587 3481; x_wconf 86' lang='lat' dir='ltr'>‘populos</span> <span class='ocrx_word' id='word_1_361' title='bbox 609 3407 739 3464; x_wconf 86' lang='lat' dir='ltr'>detonare</span> <span class='ocrx_word' id='word_1_362' title='bbox 761 3419 788 3466; x_wconf 91' lang='lat' dir='ltr'>et</span> <span class='ocrx_word' id='word_1_363' title='bbox 809 3428 875 3467; x_wconf 85' lang='lat' dir='ltr'>voco</span> <span class='ocrx_word' id='word_1_364' title='bbox 898 3410 1036 3485; x_wconf 76' lang='lat' dir='ltr'>tyrannica</span> <span class='ocrx_word' id='word_1_365' title='bbox 1059 3409 1215 3484; x_wconf 84' lang='lat' dir='ltr'>rabidisque</span> <span class='ocrx_word' id='word_1_366' title='bbox 1242 3408 1367 3466; x_wconf 82' lang='lat' dir='ltr'>convitiis</span> <span class='ocrx_word' id='word_1_367' title='bbox 1394 3407 1500 3483; x_wconf 88' lang='lat' dir='ltr'>plebem</span> <span class='ocrx_word' id='word_1_368' title='bbox 1529 3416 1687 3472; x_wconf 85' lang='lat' dir='ltr'>conterere,</span> <span class='ocrx_word' id='word_1_369' title='bbox 1714 3415 1748 3465; x_wconf 91' lang='lat' dir='ltr'>ut</span> 
     </span>
     <span class='ocr_line' id='line_1_33' title="bbox 459 3492 1749 3569; baseline 0.005 -24"><span class='ocrx_word' id='word_1_370' title='bbox 459 3499 522 3547; x_wconf 84' lang='lat' dir='ltr'>‘non</span> <span class='ocrx_word' id='word_1_371' title='bbox 544 3500 684 3566; x_wconf 86' lang='lat' dir='ltr'>pastorem</span> <span class='ocrx_word' id='word_1_372' title='bbox 707 3493 735 3549; x_wconf 91' lang='lat' dir='ltr'>in</span> <span class='ocrx_word' id='word_1_373' title='bbox 758 3512 856 3569; x_wconf 79' lang='lat' dir='ltr'>grege,</span> <span class='ocrx_word' id='word_1_374' title='bbox 880 3496 927 3552; x_wconf 88' lang='lat' dir='ltr'>sed</span> <span class='ocrx_word' id='word_1_375' title='bbox 948 3495 1055 3551; x_wconf 84' lang='lat' dir='ltr'>leonem</span> <span class='ocrx_word' id='word_1_376' title='bbox 1080 3496 1152 3551; x_wconf 91' lang='lat' dir='ltr'>inter</span> <span class='ocrx_word' id='word_1_377' title='bbox 1166 3494 1285 3552; x_wconf 82' lang='lat' dir='ltr'>oviculas</span> <span class='ocrx_word' id='word_1_378' title='bbox 1300 3502 1380 3569; x_wconf 89' lang='lat' dir='ltr'>putes</span> <span class='ocrx_word' id='word_1_379' title='bbox 1395 3492 1537 3557; x_wconf 85' lang='lat' dir='ltr'>lrendere;</span> <span class='ocrx_word' id='word_1_380' title='bbox 1559 3492 1663 3551; x_wconf 84' lang='lat' dir='ltr'>iudices</span> <span class='ocrx_word' id='word_1_381' title='bbox 1678 3511 1749 3568; x_wconf 94' lang='lat' dir='ltr'>quo·</span> 
     </span>
     <span class='ocr_line' id='line_1_34' title="bbox 459 3577 1747 3654; baseline 0.004 -22"><span class='ocrx_word' id='word_1_382' title='bbox 459 3583 521 3649; x_wconf 83' lang='lat' dir='ltr'>‘que</span> <span class='ocrx_word' id='word_1_383' title='bbox 543 3577 602 3633; x_wconf 89' lang='lat' dir='ltr'>eius</span> <span class='ocrx_word' id='word_1_384' title='bbox 625 3577 702 3650; x_wconf 90' lang='lat' dir='ltr'>quasi</span> <span class='ocrx_word' id='word_1_385' title='bbox 725 3577 783 3654; x_wconf 91' lang='lat' dir='ltr'>lupi</span> <span class='ocrx_word' id='word_1_386' title='bbox 804 3579 911 3637; x_wconf 78' lang='lat' dir='ltr'>Arabim</span> <span class='ocrx_word' id='word_1_387' title='bbox 934 3580 1089 3637; x_wconf 90' lang='lat' dir='ltr'>occidentes</span> <span class='ocrx_word' id='word_1_388' title='bbox 1112 3597 1223 3654; x_wconf 88' lang='lat' dir='ltr'>vespere</span> <span class='ocrx_word' id='word_1_389' title='bbox 1244 3589 1273 3637; x_wconf 90' lang='lat' dir='ltr'>et</span> <span class='ocrx_word' id='word_1_390' title='bbox 1294 3578 1362 3634; x_wconf 91' lang='lat' dir='ltr'>nibil</span> <span class='ocrx_word' id='word_1_391' title='bbox 1388 3577 1574 3653; x_wconf 82' lang='lat' dir='ltr'>relinquentes</span> <span class='ocrx_word' id='word_1_392' title='bbox 1601 3579 1630 3636; x_wconf 92' lang='lat' dir='ltr'>in</span> <span class='ocrx_word' id='word_1_393' title='bbox 1658 3596 1747 3644; x_wconf 84' lang='lat' dir='ltr'>mane.</span> 
     </span>
    </p>
   </div>
   <div class='ocr_carea' id='block_1_3' title="bbox 456 3743 658 3754">
    <p class='ocr_par' dir='ltr' id='par_1_3' title="bbox 456 3743 658 3754">
     <span class='ocr_line' id='line_1_35' title="bbox 456 3743 658 3754; baseline 0 0"><span class='ocrx_word' id='word_1_394' title='bbox 456 3743 658 3754; x_wconf 69' lang='lat'><strong>————</strong></span> 
     </span>
    </p>
   </div>
   <div class='ocr_carea' id='block_1_4' title="bbox 456 3843 1752 5110">
    <p class='ocr_par' dir='ltr' id='par_1_4' title="bbox 456 3843 1752 5110">
     <span class='ocr_line' id='line_1_36' title="bbox 525 3843 1748 3913; baseline 0.002 -17"><span class='ocrx_word' id='word_1_395' title='bbox 525 3844 537 3878; x_wconf 92' lang='lat'>²</span> <span class='ocrx_word' id='word_1_396' title='bbox 559 3844 636 3913; x_wconf 71' lang='lat' dir='ltr'>dicit}</span> <span class='ocrx_word' id='word_1_397' title='bbox 656 3847 754 3898; x_wconf 86' lang='lat' dir='ltr'>Mettb.</span> <span class='ocrx_word' id='word_1_398' title='bbox 768 3847 814 3898; x_wconf 90' lang='lat' dir='ltr'>VI.</span> <span class='ocrx_word' id='word_1_399' title='bbox 827 3849 869 3899; x_wconf 87' lang='grc'>24.</span> <span class='ocrx_word' id='word_1_400' title='bbox 887 3850 956 3899; x_wconf 87' lang='lat' dir='ltr'>Luc.</span> <span class='ocrx_word' id='word_1_401' title='bbox 971 3848 1042 3899; x_wconf 91' lang='lat' dir='ltr'>XVI.</span> <span class='ocrx_word' id='word_1_402' title='bbox 1059 3847 1098 3900; x_wconf 82' lang='lat' dir='ltr'>la.</span> <span class='ocrx_word' id='word_1_403' title='bbox 1168 3845 1179 3878; x_wconf 86' lang='grc'>1</span> <span class='ocrx_word' id='word_1_404' title='bbox 1202 3847 1264 3898; x_wconf 88' lang='lat' dir='ltr'>Non</span> <span class='ocrx_word' id='word_1_405' title='bbox 1281 3849 1318 3906; x_wconf 71' lang='lat' dir='ltr'>m]</span> <span class='ocrx_word' id='word_1_406' title='bbox 1341 3847 1438 3899; x_wconf 87' lang='lat' dir='ltr'>Ioenn.</span> <span class='ocrx_word' id='word_1_407' title='bbox 1451 3846 1499 3897; x_wconf 91' lang='lat' dir='ltr'>VI.</span> <span class='ocrx_word' id='word_1_408' title='bbox 1513 3843 1554 3899; x_wconf 81' lang='grc'>38.</span> <span class='ocrx_word' id='word_1_409' title='bbox 1567 3863 1627 3913; x_wconf 81' lang='lat' dir='ltr'>sqq.</span> <span class='ocrx_word' id='word_1_410' title='bbox 1679 3846 1691 3879; x_wconf 85' lang='lat'>⁸</span> <span class='ocrx_word' id='word_1_411' title='bbox 1709 3848 1748 3899; x_wconf 82' lang='lat' dir='ltr'>ci.</span> 
     </span>
     <span class='ocr_line' id='line_1_37' title="bbox 458 3930 1749 4003; baseline 0.003 -21"><span class='ocrx_word' id='word_1_412' title='bbox 458 3931 556 3982; x_wconf 81' lang='lat' dir='ltr'>Ioann.</span> <span class='ocrx_word' id='word_1_413' title='bbox 569 3933 628 3982; x_wconf 90' lang='lat' dir='ltr'>XV.</span> <span class='ocrx_word' id='word_1_414' title='bbox 643 3931 684 3983; x_wconf 76' lang='lat'>19.</span> <span class='ocrx_word' id='word_1_415' title='bbox 741 3932 752 3964; x_wconf 81' lang='lat'>²</span> <span class='ocrx_word' id='word_1_416' title='bbox 771 3933 881 4003; x_wconf 81' lang='lat' dir='ltr'>ebneg.]</span> <span class='ocrx_word' id='word_1_417' title='bbox 900 3934 999 3985; x_wconf 83' lang='lat' dir='ltr'>Metth.</span> <span class='ocrx_word' id='word_1_418' title='bbox 1012 3934 1086 3985; x_wconf 90' lang='lat' dir='ltr'>XVI.</span> <span class='ocrx_word' id='word_1_419' title='bbox 1099 3933 1141 3982; x_wconf 90' lang='grc'>24.</span> <span class='ocrx_word' id='word_1_420' title='bbox 1154 3932 1222 3983; x_wconf 87' lang='lat' dir='ltr'>Luc.</span> <span class='ocrx_word' id='word_1_421' title='bbox 1236 3932 1284 3982; x_wconf 89' lang='lat' dir='ltr'>IX.</span> <span class='ocrx_word' id='word_1_422' title='bbox 1297 3930 1339 3983; x_wconf 85' lang='grc'>23.</span> <span class='ocrx_word' id='word_1_423' title='bbox 1395 3930 1487 3992; x_wconf 77' lang='lat' dir='ltr'>nuuc]</span> <span class='ocrx_word' id='word_1_424' title='bbox 1505 3931 1604 3982; x_wconf 73' lang='lat' dir='ltr'>March.</span> <span class='ocrx_word' id='word_1_425' title='bbox 1617 3931 1692 3982; x_wconf 86' lang='lat' dir='ltr'><strong>XIV.</strong></span> <span class='ocrx_word' id='word_1_426' title='bbox 1705 3933 1749 3986; x_wconf 85' lang='grc'>27.</span> 
     </span>
     <span class='ocr_line' id='line_1_38' title="bbox 458 4011 1748 4084; baseline 0 -17"><span class='ocrx_word' id='word_1_427' title='bbox 458 4023 508 4067; x_wconf 87' lang='lat' dir='ltr'>etc.</span> <span class='ocrx_word' id='word_1_428' title='bbox 577 4015 664 4082; x_wconf 80' lang='lat' dir='ltr'>lecte]</span> <span class='ocrx_word' id='word_1_429' title='bbox 683 4017 925 4073; x_wconf 60' lang='lat' dir='ltr'>Psalmntvee.</span> <span class='ocrx_word' id='word_1_430' title='bbox 991 4011 1006 4052; x_wconf 44' lang='lat'>&#39;⁸</span> <span class='ocrx_word' id='word_1_431' title='bbox 1028 4019 1163 4078; x_wconf 85' lang='lat' dir='ltr'>dominns]</span> <span class='ocrx_word' id='word_1_432' title='bbox 1183 4018 1220 4069; x_wconf 82' lang='lat' dir='ltr'>cl.</span> <span class='ocrx_word' id='word_1_433' title='bbox 1233 4017 1334 4068; x_wconf 82' lang='lat' dir='ltr'>Pselm.</span> <span class='ocrx_word' id='word_1_434' title='bbox 1349 4017 1437 4068; x_wconf 85' lang='lat' dir='ltr'>XXII.</span> <span class='ocrx_word' id='word_1_435' title='bbox 1453 4016 1476 4067; x_wconf 94' lang='grc'>1.</span> <span class='ocrx_word' id='word_1_436' title='bbox 1546 4016 1641 4068; x_wconf 81' lang='lat' dir='ltr'>²voc.</span> <span class='ocrx_word' id='word_1_437' title='bbox 1654 4012 1748 4084; x_wconf 71' lang='lat' dir='ltr'>pecc]</span> 
     </span>
     <span class='ocr_line' id='line_1_39' title="bbox 459 4099 1749 4175; baseline 0.004 -25"><span class='ocrx_word' id='word_1_438' title='bbox 459 4100 557 4152; x_wconf 78' lang='lat' dir='ltr'>March.</span> <span class='ocrx_word' id='word_1_439' title='bbox 571 4100 620 4150; x_wconf 86' lang='lat' dir='ltr'>IX.</span> <span class='ocrx_word' id='word_1_440' title='bbox 635 4100 674 4153; x_wconf 88' lang='grc'>13.</span> <span class='ocrx_word' id='word_1_441' title='bbox 740 4102 761 4136; x_wconf 86' lang='lat'>¹⁰</span> <span class='ocrx_word' id='word_1_442' title='bbox 778 4103 862 4171; x_wconf 79' lang='lat' dir='ltr'>hum]</span> <span class='ocrx_word' id='word_1_443' title='bbox 881 4105 980 4156; x_wconf 80' lang='lat' dir='ltr'>blntth.</span> <span class='ocrx_word' id='word_1_444' title='bbox 994 4105 1041 4155; x_wconf 91' lang='lat' dir='ltr'>XI.</span> <span class='ocrx_word' id='word_1_445' title='bbox 1055 4102 1097 4154; x_wconf 79' lang='lat'>29.</span> <span class='ocrx_word' id='word_1_446' title='bbox 1116 4103 1220 4175; x_wconf 73' lang='lat' dir='ltr'>Bselm.</span> <span class='ocrx_word' id='word_1_447' title='bbox 1234 4102 1356 4153; x_wconf 80' lang='lat' dir='ltr'>CXLIX.</span> <span class='ocrx_word' id='word_1_448' title='bbox 1367 4103 1393 4152; x_wconf 90' lang='grc'>4.</span> <span class='ocrx_word' id='word_1_449' title='bbox 1451 4116 1524 4153; x_wconf 76' lang='lat' dir='ltr'>enec-</span> <span class='ocrx_word' id='word_1_450' title='bbox 1539 4099 1626 4169; x_wconf 68' lang='lat' dir='ltr'>crum]</span> <span class='ocrx_word' id='word_1_451' title='bbox 1646 4102 1749 4155; x_wconf 73' lang='lat' dir='ltr'>naith.</span> 
     </span>
     <span class='ocr_line' id='line_1_40' title="bbox 458 4184 1746 4256; baseline -0.001 -19"><span class='ocrx_word' id='word_1_452' title='bbox 458 4187 492 4237; x_wconf 87' lang='lat' dir='ltr'>X.</span> <span class='ocrx_word' id='word_1_453' title='bbox 505 4185 547 4239; x_wconf 83' lang='lat'>38.</span> <span class='ocrx_word' id='word_1_454' title='bbox 559 4186 631 4237; x_wconf 91' lang='lat' dir='ltr'>XVI.</span> <span class='ocrx_word' id='word_1_455' title='bbox 645 4187 686 4238; x_wconf 89' lang='grc'>24.</span> <span class='ocrx_word' id='word_1_456' title='bbox 752 4187 771 4222; x_wconf 89' lang='lat'>¹¹</span> <span class='ocrx_word' id='word_1_457' title='bbox 790 4187 902 4256; x_wconf 70' lang='lat' dir='ltr'>dimite]</span> <span class='ocrx_word' id='word_1_458' title='bbox 923 4189 1083 4240; x_wconf 74' lang='lat' dir='ltr'>Matinvt.</span> <span class='ocrx_word' id='word_1_459' title='bbox 1100 4188 1139 4240; x_wconf 94' lang='grc'>12.</span> <span class='ocrx_word' id='word_1_460' title='bbox 1191 4185 1301 4254; x_wconf 88' lang='lat' dir='ltr'>docere]</span> <span class='ocrx_word' id='word_1_461' title='bbox 1323 4187 1391 4237; x_wconf 86' lang='lat' dir='ltr'>Luc.</span> <span class='ocrx_word' id='word_1_462' title='bbox 1404 4187 1452 4238; x_wconf 88' lang='lat' dir='ltr'>IV.</span> <span class='ocrx_word' id='word_1_463' title='bbox 1467 4184 1507 4236; x_wconf 79' lang='lat'>18.</span> <span class='ocrx_word' id='word_1_464' title='bbox 1572 4184 1623 4219; x_wconf 90' lang='lat'>¹¹·¹²</span> <span class='ocrx_word' id='word_1_465' title='bbox 1641 4184 1746 4252; x_wconf 85' lang='lat' dir='ltr'>errent]</span> 
     </span>
     <span class='ocr_line' id='line_1_41' title="bbox 460 4269 1749 4342; baseline 0.002 -21"><span class='ocrx_word' id='word_1_466' title='bbox 460 4273 497 4321; x_wconf 88' lang='lat' dir='ltr'>ci.</span> <span class='ocrx_word' id='word_1_467' title='bbox 511 4287 554 4337; x_wconf 90' lang='lat' dir='ltr'>ep.</span> <span class='ocrx_word' id='word_1_468' title='bbox 566 4271 663 4322; x_wconf 87' lang='lat' dir='ltr'>Incobi</span> <span class='ocrx_word' id='word_1_469' title='bbox 680 4273 698 4324; x_wconf 86' lang='lat' dir='ltr'>i.</span> <span class='ocrx_word' id='word_1_470' title='bbox 711 4272 731 4323; x_wconf 83' lang='lat' dir='ltr'>i.</span> <span class='ocrx_word' id='word_1_471' title='bbox 785 4271 805 4306; x_wconf 93' lang='lat'>¹²</span> <span class='ocrx_word' id='word_1_472' title='bbox 822 4273 949 4342; x_wconf 66' lang='lat' dir='ltr'>mininie]</span> <span class='ocrx_word' id='word_1_473' title='bbox 971 4275 1009 4324; x_wconf 85' lang='lat' dir='ltr'>cl.</span> <span class='ocrx_word' id='word_1_474' title='bbox 1022 4274 1121 4324; x_wconf 85' lang='lat' dir='ltr'>Metth.</span> <span class='ocrx_word' id='word_1_475' title='bbox 1134 4274 1193 4323; x_wconf 92' lang='lat' dir='ltr'>XX.</span> <span class='ocrx_word' id='word_1_476' title='bbox 1207 4272 1249 4323; x_wconf 81' lang='grc'>26.</span> <span class='ocrx_word' id='word_1_477' title='bbox 1263 4273 1366 4323; x_wconf 89' lang='lat' dir='ltr'>XXIII.</span> <span class='ocrx_word' id='word_1_478' title='bbox 1380 4271 1420 4321; x_wconf 91' lang='lat' dir='ltr'>ll.</span> <span class='ocrx_word' id='word_1_479' title='bbox 1473 4270 1494 4304; x_wconf 85' lang='lat'>¹²</span> <span class='ocrx_word' id='word_1_480' title='bbox 1511 4272 1546 4321; x_wconf 91' lang='lat' dir='ltr'>D.</span> <span class='ocrx_word' id='word_1_481' title='bbox 1561 4269 1710 4324; x_wconf 84' lang='lat' dir='ltr'>Ohriiolto.</span> <span class='ocrx_word' id='word_1_482' title='bbox 1724 4276 1749 4323; x_wconf 82' lang='lat'>1.</span> 
     </span>
     <span class='ocr_line' id='line_1_42' title="bbox 461 4353 1750 4424; baseline 0.002 -19"><span class='ocrx_word' id='word_1_483' title='bbox 461 4353 484 4388; x_wconf 86' lang='lat'>¹²</span> <span class='ocrx_word' id='word_1_484' title='bbox 502 4357 568 4423; x_wconf 75' lang='lat' dir='ltr'>ingo</span> <span class='ocrx_word' id='word_1_485' title='bbox 586 4354 661 4424; x_wconf 85' lang='lat' dir='ltr'>iust.]</span> <span class='ocrx_word' id='word_1_486' title='bbox 680 4358 778 4410; x_wconf 84' lang='lat' dir='ltr'>Metth.</span> <span class='ocrx_word' id='word_1_487' title='bbox 793 4360 840 4410; x_wconf 91' lang='lat' dir='ltr'>XI.</span> <span class='ocrx_word' id='word_1_488' title='bbox 853 4360 916 4412; x_wconf 68' lang='grc'>222</span> <span class='ocrx_word' id='word_1_489' title='bbox 987 4357 1039 4392; x_wconf 67' lang='grc'><strong>1111</strong></span> <span class='ocrx_word' id='word_1_490' title='bbox 1056 4359 1117 4410; x_wconf 82' lang='lat' dir='ltr'>baec</span> <span class='ocrx_word' id='word_1_491' title='bbox 1135 4359 1227 4409; x_wconf 86' lang='lat' dir='ltr'>inenis</span> <span class='ocrx_word' id='word_1_492' title='bbox 1246 4358 1381 4409; x_wconf 81' lang='lat' dir='ltr'>conflatus</span> <span class='ocrx_word' id='word_1_493' title='bbox 1398 4357 1559 4422; x_wconf 78' lang='lat' dir='ltr'>glorieeqne,</span> <span class='ocrx_word' id='word_1_494' title='bbox 1577 4358 1704 4420; x_wconf 76' lang='lat' dir='ltr'>tumidos,</span> <span class='ocrx_word' id='word_1_495' title='bbox 1725 4361 1750 4408; x_wconf 82' lang='lat'>1.</span> 
     </span>
     <span class='ocr_line' id='line_1_43' title="bbox 460 4439 1750 4510; baseline 0.001 -18"><span class='ocrx_word' id='word_1_496' title='bbox 460 4448 486 4492; x_wconf 86' lang='lat' dir='ltr'>et</span> <span class='ocrx_word' id='word_1_497' title='bbox 497 4445 522 4491; x_wconf 85' lang='lat'>2.</span> <span class='ocrx_word' id='word_1_498' title='bbox 542 4439 730 4506; x_wconf 78' lang='lat' dir='ltr'>chrysostomi</span> <span class='ocrx_word' id='word_1_499' title='bbox 742 4444 818 4496; x_wconf 86' lang='lat' dir='ltr'>locus</span> <span class='ocrx_word' id='word_1_500' title='bbox 831 4447 897 4496; x_wconf 88' lang='lat' dir='ltr'>mihi</span> <span class='ocrx_word' id='word_1_501' title='bbox 915 4461 970 4497; x_wconf 91' lang='lat' dir='ltr'>non</span> <span class='ocrx_word' id='word_1_502' title='bbox 988 4444 1085 4495; x_wconf 85' lang='lat' dir='ltr'>obvius</span> <span class='ocrx_word' id='word_1_503' title='bbox 1103 4460 1191 4510; x_wconf 89' lang='lat' dir='ltr'>neque</span> <span class='ocrx_word' id='word_1_504' title='bbox 1205 4445 1234 4494; x_wconf 90' lang='lat' dir='ltr'>in</span> <span class='ocrx_word' id='word_1_505' title='bbox 1246 4443 1374 4496; x_wconf 82' lang='lat' dir='ltr'>Gretieni</span> <span class='ocrx_word' id='word_1_506' title='bbox 1391 4442 1503 4493; x_wconf 87' lang='lat' dir='ltr'>decreto</span> <span class='ocrx_word' id='word_1_507' title='bbox 1522 4446 1608 4493; x_wconf 79' lang='lat' dir='ltr'>extet.</span> <span class='ocrx_word' id='word_1_508' title='bbox 1644 4443 1750 4509; x_wconf 78' lang='lat' dir='ltr'>Respe-</span> 
     </span>
     <span class='ocr_line' id='line_1_44' title="bbox 459 4526 1751 4597; baseline 0.002 -20"><span class='ocrx_word' id='word_1_509' title='bbox 459 4526 533 4578; x_wconf 81' lang='lat' dir='ltr'>xisse</span> <span class='ocrx_word' id='word_1_510' title='bbox 550 4527 660 4578; x_wconf 82' lang='lat' dir='ltr'>videtur</span> <span class='ocrx_word' id='word_1_511' title='bbox 679 4534 775 4582; x_wconf 86' lang='lat' dir='ltr'>euctor</span> <span class='ocrx_word' id='word_1_512' title='bbox 793 4531 828 4582; x_wconf 85' lang='lat' dir='ltr'>ed</span> <span class='ocrx_word' id='word_1_513' title='bbox 839 4531 922 4583; x_wconf 77' lang='lat' dir='ltr'>Pauli</span> <span class='ocrx_word' id='word_1_514' title='bbox 939 4547 982 4597; x_wconf 92' lang='lat' dir='ltr'>ep.</span> <span class='ocrx_word' id='word_1_515' title='bbox 996 4530 1031 4581; x_wconf 85' lang='lat' dir='ltr'>ed</span> <span class='ocrx_word' id='word_1_516' title='bbox 1044 4528 1106 4580; x_wconf 82' lang='lat' dir='ltr'>Gal.</span> <span class='ocrx_word' id='word_1_517' title='bbox 1120 4530 1152 4580; x_wconf 90' lang='lat' dir='ltr'>V.</span> <span class='ocrx_word' id='word_1_518' title='bbox 1165 4528 1207 4580; x_wconf 87' lang='grc'><strong>26.</strong></span> <span class='ocrx_word' id='word_1_519' title='bbox 1231 4528 1311 4591; x_wconf 85' lang='lat' dir='ltr'>„Non</span> <span class='ocrx_word' id='word_1_520' title='bbox 1329 4527 1484 4578; x_wconf 83' lang='lat' dir='ltr'>efficiemur</span> <span class='ocrx_word' id='word_1_521' title='bbox 1499 4528 1583 4591; x_wconf 68' lang='grc' dir='ltr'><strong>ῡεαηίε</strong></span> <span class='ocrx_word' id='word_1_522' title='bbox 1598 4531 1691 4593; x_wconf 72' lang='lat' dir='ltr'>pterim</span> <span class='ocrx_word' id='word_1_523' title='bbox 1707 4545 1751 4580; x_wconf 75' lang='lat' dir='ltr'>erc·</span> 
     </span>
     <span class='ocr_line' id='line_1_45' title="bbox 456 4612 1752 4680; baseline 0.002 -18"><span class='ocrx_word' id='word_1_524' title='bbox 456 4612 539 4677; x_wconf 83' lang='lat' dir='ltr'>pidi.‘&#39;</span> <span class='ocrx_word' id='word_1_525' title='bbox 565 4617 593 4663; x_wconf 88' lang='lat' dir='ltr'>et</span> <span class='ocrx_word' id='word_1_526' title='bbox 619 4612 653 4663; x_wconf 82' lang='lat' dir='ltr'>nd</span> <span class='ocrx_word' id='word_1_527' title='bbox 671 4614 865 4668; x_wconf 81' lang='lat' dir='ltr'>Ecclesiastici</span> <span class='ocrx_word' id='word_1_528' title='bbox 883 4618 930 4668; x_wconf 93' lang='lat' dir='ltr'>lV.</span> <span class='ocrx_word' id='word_1_529' title='bbox 942 4615 984 4668; x_wconf 82' lang='grc'>34.</span> <span class='ocrx_word' id='word_1_530' title='bbox 1011 4615 1093 4680; x_wconf 84' lang='lat' dir='ltr'>„Noli</span> <span class='ocrx_word' id='word_1_531' title='bbox 1116 4614 1219 4665; x_wconf 75' lang='lat' dir='ltr'>citatus</span> <span class='ocrx_word' id='word_1_532' title='bbox 1242 4629 1302 4664; x_wconf 82' lang='lat' dir='ltr'>esee</span> <span class='ocrx_word' id='word_1_533' title='bbox 1322 4615 1351 4663; x_wconf 89' lang='lat' dir='ltr'>in</span> <span class='ocrx_word' id='word_1_534' title='bbox 1366 4612 1464 4679; x_wconf 79' lang='lat' dir='ltr'>lingue</span> <span class='ocrx_word' id='word_1_535' title='bbox 1481 4618 1530 4664; x_wconf 84' lang='lat' dir='ltr'>tue</span> <span class='ocrx_word' id='word_1_536' title='bbox 1548 4618 1579 4665; x_wconf 83' lang='lat' dir='ltr'>et</span> <span class='ocrx_word' id='word_1_537' title='bbox 1594 4612 1704 4665; x_wconf 79' lang='lat' dir='ltr'>Inutilis</span> <span class='ocrx_word' id='word_1_538' title='bbox 1722 4619 1752 4665; x_wconf 82' lang='lat' dir='ltr'>et</span> 
     </span>
     <span class='ocr_line' id='line_1_46' title="bbox 461 4696 1750 4763; baseline 0.002 -17"><span class='ocrx_word' id='word_1_539' title='bbox 461 4697 580 4748; x_wconf 77' lang='lat' dir='ltr'>rernieme</span> <span class='ocrx_word' id='word_1_540' title='bbox 597 4698 623 4748; x_wconf 90' lang='lat' dir='ltr'>in</span> <span class='ocrx_word' id='word_1_541' title='bbox 640 4699 760 4763; x_wconf 79' lang='lat' dir='ltr'>operibus</span> <span class='ocrx_word' id='word_1_542' title='bbox 777 4703 853 4752; x_wconf 83' lang='lat' dir='ltr'>tuie.&#39;&#39;</span> <span class='ocrx_word' id='word_1_543' title='bbox 894 4699 916 4735; x_wconf 84' lang='grc'>11</span> <span class='ocrx_word' id='word_1_544' title='bbox 926 4700 1028 4753; x_wconf 81' lang='lat' dir='ltr'>Penlm.</span> <span class='ocrx_word' id='word_1_545' title='bbox 1041 4699 1169 4751; x_wconf 85' lang='lat' dir='ltr'>LXXIII.</span> <span class='ocrx_word' id='word_1_546' title='bbox 1182 4697 1274 4750; x_wconf 78' lang='grc'><strong>2223.</strong></span> <span class='ocrx_word' id='word_1_547' title='bbox 1289 4698 1326 4750; x_wconf 83' lang='lat' dir='ltr'>ci.</span> <span class='ocrx_word' id='word_1_548' title='bbox 1339 4699 1402 4749; x_wconf 88' lang='lat' dir='ltr'>init.</span> <span class='ocrx_word' id='word_1_549' title='bbox 1416 4698 1499 4750; x_wconf 75' lang='lat' dir='ltr'>bullae</span> <span class='ocrx_word' id='word_1_550' title='bbox 1510 4699 1596 4753; x_wconf 81' lang='lat' dir='ltr'>Leon.</span> <span class='ocrx_word' id='word_1_551' title='bbox 1637 4696 1689 4732; x_wconf 73' lang='lat'>¹²¹²</span> <span class='ocrx_word' id='word_1_552' title='bbox 1707 4713 1750 4749; x_wconf 84' lang='lat' dir='ltr'>so·</span> 
     </span>
     <span class='ocr_line' id='line_1_47' title="bbox 462 4778 1751 4854; baseline 0.002 -24"><span class='ocrx_word' id='word_1_553' title='bbox 462 4778 522 4846; x_wconf 85' lang='lat' dir='ltr'>nus]</span> <span class='ocrx_word' id='word_1_554' title='bbox 541 4782 672 4848; x_wconf 81' lang='lat' dir='ltr'>superbie</span> <span class='ocrx_word' id='word_1_555' title='bbox 688 4785 781 4836; x_wconf 81' lang='lat' dir='ltr'>Peabn.</span> <span class='ocrx_word' id='word_1_556' title='bbox 858 4784 878 4820; x_wconf 81' lang='lat'>¹²</span> <span class='ocrx_word' id='word_1_557' title='bbox 896 4784 972 4854; x_wconf 76' lang='lat' dir='ltr'>pop]</span> <span class='ocrx_word' id='word_1_558' title='bbox 989 4785 1092 4837; x_wconf 85' lang='lat' dir='ltr'>Penlm.</span> <span class='ocrx_word' id='word_1_559' title='bbox 1112 4785 1160 4836; x_wconf 86' lang='lat' dir='ltr'>cit.</span> <span class='ocrx_word' id='word_1_560' title='bbox 1172 4799 1218 4836; x_wconf 80' lang='lat' dir='ltr'>w.</span> <span class='ocrx_word' id='word_1_561' title='bbox 1232 4782 1272 4833; x_wconf 85' lang='grc'>18.</span> <span class='ocrx_word' id='word_1_562' title='bbox 1286 4782 1326 4836; x_wconf 83' lang='grc'><strong>111.</strong></span> <span class='ocrx_word' id='word_1_563' title='bbox 1393 4782 1417 4816; x_wconf 84' lang='lat'>²⁰</span> <span class='ocrx_word' id='word_1_564' title='bbox 1433 4781 1556 4850; x_wconf 76' lang='lat' dir='ltr'>provee]</span> <span class='ocrx_word' id='word_1_565' title='bbox 1578 4782 1615 4833; x_wconf 79' lang='lat' dir='ltr'>ci.</span> <span class='ocrx_word' id='word_1_566' title='bbox 1628 4783 1751 4849; x_wconf 85' lang='lat' dir='ltr'>Sophon.</span> 
     </span>
     <span class='ocr_line' id='line_1_48' title="bbox 462 4864 1752 4937; baseline 0.003 -22"><span class='ocrx_word' id='word_1_567' title='bbox 462 4866 513 4916; x_wconf 87' lang='lat'>111.</span> <span class='ocrx_word' id='word_1_568' title='bbox 527 4865 550 4917; x_wconf 92' lang='lat' dir='ltr'>l.</span> <span class='ocrx_word' id='word_1_569' title='bbox 602 4864 624 4900; x_wconf 91' lang='lat'>²²</span> <span class='ocrx_word' id='word_1_570' title='bbox 642 4868 769 4937; x_wconf 84' lang='lat' dir='ltr'>columb]</span> <span class='ocrx_word' id='word_1_571' title='bbox 791 4872 829 4923; x_wconf 85' lang='lat' dir='ltr'>ci.</span> <span class='ocrx_word' id='word_1_572' title='bbox 840 4871 941 4926; x_wconf 73' lang='lat' dir='ltr'>noctu.</span> <span class='ocrx_word' id='word_1_573' title='bbox 953 4872 986 4922; x_wconf 78' lang='lat' dir='ltr'>X.</span> <span class='ocrx_word' id='word_1_574' title='bbox 1002 4868 1041 4924; x_wconf 84' lang='grc'><strong>16..</strong></span> <span class='ocrx_word' id='word_1_575' title='bbox 1089 4870 1194 4922; x_wconf 83' lang='lat' dir='ltr'>‘vocem</span> <span class='ocrx_word' id='word_1_576' title='bbox 1210 4866 1279 4935; x_wconf 69' lang='lat' dir='ltr'>sqq]</span> <span class='ocrx_word' id='word_1_577' title='bbox 1295 4869 1447 4935; x_wconf 81' lang='lat' dir='ltr'>Sequentia</span> <span class='ocrx_word' id='word_1_578' title='bbox 1466 4869 1525 4920; x_wconf 85' lang='lat' dir='ltr'>lere</span> <span class='ocrx_word' id='word_1_579' title='bbox 1544 4885 1578 4919; x_wconf 81' lang='lat' dir='ltr'>ex</span> <span class='ocrx_word' id='word_1_580' title='bbox 1589 4868 1752 4933; x_wconf 75' lang='lat' dir='ltr'>Hieronymi</span> 
     </span>
     <span class='ocr_line' id='line_1_49' title="bbox 464 4941 1752 5023; baseline 0.003 -23"><span class='ocrx_word' id='word_1_581' title='bbox 464 4966 559 5001; x_wconf 89' lang='lat' dir='ltr'>comm.</span> <span class='ocrx_word' id='word_1_582' title='bbox 573 4952 796 5020; x_wconf 78' lang='lat' dir='ltr'>inSophonIII.</span> <span class='ocrx_word' id='word_1_583' title='bbox 810 4956 833 5009; x_wconf 88' lang='lat'>1.</span> <span class='ocrx_word' id='word_1_584' title='bbox 847 4973 904 5023; x_wconf 88' lang='lat' dir='ltr'>sqq.</span> <span class='ocrx_word' id='word_1_585' title='bbox 919 4941 1308 5021; x_wconf 75' lang='lat' dir='ltr'>(vr.717.sq.)mmptasunc</span> <span class='ocrx_word' id='word_1_586' title='bbox 1343 4953 1536 5019; x_wconf 70' lang='grc' dir='ltr'>11Ηίειειιγιει.</span> <span class='ocrx_word' id='word_1_587' title='bbox 1549 4952 1567 5004; x_wconf 95' lang='grc'>1.</span> <span class='ocrx_word' id='word_1_588' title='bbox 1581 4970 1606 5005; x_wconf 86' lang='lat' dir='ltr'>c.</span> <span class='ocrx_word' id='word_1_589' title='bbox 1648 4947 1752 5004; x_wconf 85' lang='lat' dir='ltr'>²²IIie&#39;·</span> 
     </span>
     <span class='ocr_line' id='line_1_50' title="bbox 463 5035 1258 5110; baseline 0.005 -24"><span class='ocrx_word' id='word_1_590' title='bbox 463 5051 566 5100; x_wconf 81' lang='lat' dir='ltr'>ronym.</span> <span class='ocrx_word' id='word_1_591' title='bbox 579 5035 597 5087; x_wconf 89' lang='lat'>1.</span> <span class='ocrx_word' id='word_1_592' title='bbox 612 5052 636 5087; x_wconf 89' lang='lat' dir='ltr'>c.</span> <span class='ocrx_word' id='word_1_593' title='bbox 682 5035 705 5069; x_wconf 88' lang='grc'>11</span> <span class='ocrx_word' id='word_1_594' title='bbox 716 5045 798 5108; x_wconf 82' lang='lat' dir='ltr'>putes</span> <span class='ocrx_word' id='word_1_595' title='bbox 810 5044 835 5092; x_wconf 86' lang='lat'>1.</span> <span class='ocrx_word' id='word_1_596' title='bbox 870 5040 892 5074; x_wconf 87' lang='lat'>²²</span> <span class='ocrx_word' id='word_1_597' title='bbox 903 5057 1019 5110; x_wconf 70' lang='lat' dir='ltr'>vespere</span> <span class='ocrx_word' id='word_1_598' title='bbox 1036 5044 1061 5092; x_wconf 87' lang='lat'>1.</span> <span class='ocrx_word' id='word_1_599' title='bbox 1079 5055 1214 5108; x_wconf 65' lang='lat' dir='ltr'>vesperae</span> <span class='ocrx_word' id='word_1_600' title='bbox 1231 5042 1258 5090; x_wconf 88' lang='grc'>2.</span> 
     </span>
    </p>
   </div>
   <div class='ocr_carea' id='block_1_5' title="bbox 0 0 2184 6052">
    <p class='ocr_par' dir='ltr' id='par_1_5' title="bbox 0 0 2184 6052">
     <span class='ocr_line' id='line_1_51' title="bbox 0 0 2184 6052; baseline 0 0"><span class='ocrx_word' id='word_1_601' title='bbox 0 0 2184 6052; x_wconf 95' lang='lat' dir='ltr'> </span> 
     </span>
    </p>
   </div>
  </div>
 </body>
</html>
