<?xml version="1.0" encoding="UTF-8"?>
<!DOCTYPE html PUBLIC "-//W3C//DTD XHTML 1.0 Transitional//EN"
    "http://www.w3.org/TR/xhtml1/DTD/xhtml1-transitional.dtd">
<html xmlns="http://www.w3.org/1999/xhtml" xml:lang="en" lang="en">
 <head>
  <title>
</title>
<meta http-equiv="Content-Type" content="text/html;charset=utf-8" />
  <meta name='ocr-system' content='tesseract 3.04.00' />
  <meta name='ocr-capabilities' content='ocr_page ocr_carea ocr_par ocr_line ocrx_word'/>
</head>
<body>
  <div class='ocr_page' id='page_1' title='image "./ulrichihuttenie01huttgoog/ulrichihuttenie01huttgoog_0131.png"; bbox 0 0 4300 6059; ppageno 0'>
   <div class='ocr_carea' id='block_1_1' title="bbox 386 673 1671 751">
    <p class='ocr_par' dir='ltr' id='par_1_1' title="bbox 386 673 1671 751">
     <span class='ocr_line' id='line_1_1' title="bbox 386 673 1671 751; baseline -0.002 -12"><span class='ocrx_word' id='word_1_1' title='bbox 386 701 511 739; x_wconf 73' lang='lat' dir='ltr'><strong>terrm!</strong></span> <span class='ocrx_word' id='word_1_2' title='bbox 521 700 558 737; x_wconf 72' lang='lat' dir='ltr'><strong>tn</strong></span> <span class='ocrx_word' id='word_1_3' title='bbox 567 700 716 736; x_wconf 78' lang='lat' dir='ltr'><strong>mucrene</strong></span> <span class='ocrx_word' id='word_1_4' title='bbox 730 702 857 739; x_wconf 75' lang='lat' dir='ltr'><strong>oran-vr</strong></span> <span class='ocrx_word' id='word_1_5' title='bbox 870 702 979 737; x_wconf 81' lang='lat' dir='ltr'><strong>aecnvrr</strong></span> <span class='ocrx_word' id='word_1_6' title='bbox 993 702 1093 737; x_wconf 80' lang='lat' dir='ltr'><strong>rvacrs</strong></span> <span class='ocrx_word' id='word_1_7' title='bbox 1107 701 1245 737; x_wconf 76' lang='lat' dir='ltr'><strong>rorantur</strong></span> <span class='ocrx_word' id='word_1_8' title='bbox 1259 701 1482 737; x_wconf 81' lang='lat' dir='ltr'><strong>nxnouraronm.</strong></span> <span class='ocrx_word' id='word_1_9' title='bbox 1497 687 1578 751; x_wconf 78' lang='lat' dir='ltr'><strong>(rata.)</strong></span> <span class='ocrx_word' id='word_1_10' title='bbox 1602 673 1671 745; x_wconf 74' lang='grc'><strong>119</strong></span> 
     </span>
    </p>
   </div>
   <div class='ocr_carea' id='block_1_2' title="bbox 314 857 1837 4701">
    <p class='ocr_par' dir='ltr' id='par_1_2' title="bbox 314 857 1837 4701">
     <span class='ocr_line' id='line_1_2' title="bbox 385 857 1674 936; baseline 0.005 -22"><span class='ocrx_word' id='word_1_11' title='bbox 385 857 474 927; x_wconf 81' lang='lat' dir='ltr'><strong>retis,</strong></span> <span class='ocrx_word' id='word_1_12' title='bbox 498 859 591 918; x_wconf 86' lang='lat' dir='ltr'><strong>nostri</strong></span> <span class='ocrx_word' id='word_1_13' title='bbox 613 875 716 918; x_wconf 87' lang='lat' dir='ltr'><strong>curam</strong></span> <span class='ocrx_word' id='word_1_14' title='bbox 737 859 829 936; x_wconf 82' lang='lat' dir='ltr'><strong>agite:</strong></span> <span class='ocrx_word' id='word_1_15' title='bbox 858 857 984 917; x_wconf 82' lang='lat' dir='ltr'>maxime</span> <span class='ocrx_word' id='word_1_16' title='bbox 1017 873 1065 914; x_wconf 88' lang='lat' dir='ltr'><strong>ros</strong></span> <span class='ocrx_word' id='word_1_17' title='bbox 1095 864 1173 934; x_wconf 89' lang='lat' dir='ltr'><strong>petet</strong></span> <span class='ocrx_word' id='word_1_18' title='bbox 1196 878 1235 917; x_wconf 51' lang='lat' dir='ltr'><strong>&gt;ac</strong></span> <span class='ocrx_word' id='word_1_19' title='bbox 1258 858 1566 924; x_wconf 70' lang='lat' dir='ltr'><strong>acerbissiumterim,</strong></span> <span class='ocrx_word' id='word_1_20' title='bbox 1598 861 1674 920; x_wconf 90' lang='lat' dir='ltr'><strong>unde</strong></span> 
     </span>
     <span class='ocr_line' id='line_1_3' title="bbox 386 951 1811 1045; baseline -0.003 -25"><span class='ocrx_word' id='word_1_21' title='bbox 386 959 464 1020; x_wconf 86' lang='lat' dir='ltr'><strong>unde</strong></span> <span class='ocrx_word' id='word_1_22' title='bbox 486 958 533 1020; x_wconf 76' lang='lat' dir='ltr'><strong>itta</strong></span> <span class='ocrx_word' id='word_1_23' title='bbox 555 966 623 1020; x_wconf 90' lang='lat' dir='ltr'><strong>ruat</strong></span> <span class='ocrx_word' id='word_1_24' title='bbox 645 951 810 1036; x_wconf 76' lang='lat' dir='ltr'><strong>tempestas,</strong></span> <span class='ocrx_word' id='word_1_25' title='bbox 833 956 880 1018; x_wconf 89' lang='lat' dir='ltr'><strong>iiia</strong></span> <span class='ocrx_word' id='word_1_26' title='bbox 904 958 1019 1019; x_wconf 78' lang='lat' dir='ltr'><strong>decidat</strong></span> <span class='ocrx_word' id='word_1_27' title='bbox 1040 957 1182 1036; x_wconf 81' lang='lat' dir='ltr'><strong>procella.</strong></span> <span class='ocrx_word' id='word_1_28' title='bbox 1227 959 1337 1032; x_wconf 83' lang='lat' dir='ltr'><strong>Quodsi</strong></span> <span class='ocrx_word' id='word_1_29' title='bbox 1359 959 1439 1019; x_wconf 87' lang='lat' dir='ltr'><strong>nuiio</strong></span> <span class='ocrx_word' id='word_1_30' title='bbox 1456 961 1572 1038; x_wconf 70' lang='lat' dir='ltr'><strong>puletico</strong></span> <span class='ocrx_word' id='word_1_31' title='bbox 1589 961 1741 1026; x_wconf 71' lang='lat' dir='ltr'><strong>maiorue.</strong></span> <span class='ocrx_word' id='word_1_32' title='bbox 1808 1037 1811 1045; x_wconf 24' lang='grc' dir='ltr'>Ι</span> 
     </span>
     <span class='ocr_line' id='line_1_4' title="bbox 386 1041 1674 1139; baseline 0.003 -21"><span class='ocrx_word' id='word_1_33' title='bbox 386 1068 481 1122; x_wconf 84' lang='lat' dir='ltr'><strong>restra</strong></span> <span class='ocrx_word' id='word_1_34' title='bbox 505 1068 603 1122; x_wconf 64' lang='lat' dir='ltr'><strong>essent</strong></span> <span class='ocrx_word' id='word_1_35' title='bbox 625 1059 756 1129; x_wconf 86' lang='lat' dir='ltr'><strong>dissidia,</strong></span> <span class='ocrx_word' id='word_1_36' title='bbox 770 1041 876 1121; x_wconf 50' lang='lat' dir='ltr'><strong>&#39;nmen</strong></span> <span class='ocrx_word' id='word_1_37' title='bbox 899 1061 967 1137; x_wconf 93' lang='lat' dir='ltr'><strong>quia</strong></span> <span class='ocrx_word' id='word_1_38' title='bbox 989 1067 1076 1139; x_wconf 86' lang='lat' dir='ltr'><strong>turpe</strong></span> <span class='ocrx_word' id='word_1_39' title='bbox 1100 1068 1144 1120; x_wconf 87' lang='lat' dir='ltr'><strong>est</strong></span> <span class='ocrx_word' id='word_1_40' title='bbox 1165 1063 1240 1121; x_wconf 86' lang='lat' dir='ltr'><strong>iuter</strong></span> <span class='ocrx_word' id='word_1_41' title='bbox 1255 1062 1418 1120; x_wconf 84' lang='lat' dir='ltr'><strong>Germanos</strong></span> <span class='ocrx_word' id='word_1_42' title='bbox 1440 1070 1561 1122; x_wconf 86' lang='lat' dir='ltr'><strong>externo</strong></span> <span class='ocrx_word' id='word_1_43' title='bbox 1583 1063 1674 1124; x_wconf 85' lang='lat' dir='ltr'><strong>iaces·</strong></span> 
     </span>
     <span class='ocr_line' id='line_1_5' title="bbox 388 1153 1675 1243; baseline 0.002 -21"><span class='ocrx_word' id='word_1_44' title='bbox 388 1163 464 1223; x_wconf 78' lang='lat' dir='ltr'><strong>aitoa·</strong></span> <span class='ocrx_word' id='word_1_45' title='bbox 483 1160 561 1223; x_wconf 82' lang='lat' dir='ltr'><strong>heito</strong></span> <span class='ocrx_word' id='word_1_46' title='bbox 582 1159 681 1243; x_wconf 70' lang='lat' dir='ltr'><strong>ciuiles</strong></span> <span class='ocrx_word' id='word_1_47' title='bbox 705 1179 768 1223; x_wconf 86' lang='lat' dir='ltr'><strong>esse</strong></span> <span class='ocrx_word' id='word_1_48' title='bbox 785 1162 971 1238; x_wconf 44' lang='lat' dir='ltr'><strong>,discordiam</strong></span> <span class='ocrx_word' id='word_1_49' title='bbox 1000 1153 1154 1222; x_wconf 83' lang='lat' dir='ltr'><strong>intestinos</strong></span> <span class='ocrx_word' id='word_1_50' title='bbox 1176 1164 1296 1223; x_wconf 85' lang='lat' dir='ltr'><strong>excitari</strong></span> <span class='ocrx_word' id='word_1_51' title='bbox 1326 1182 1360 1223; x_wconf 89' lang='lat' dir='ltr'><strong>ac</strong></span> <span class='ocrx_word' id='word_1_52' title='bbox 1388 1161 1424 1222; x_wconf 88' lang='lat' dir='ltr'><strong>ali</strong></span> <span class='ocrx_word' id='word_1_53' title='bbox 1454 1164 1608 1231; x_wconf 87' lang='lat' dir='ltr'><strong>tunudtas,</strong></span> <span class='ocrx_word' id='word_1_54' title='bbox 1639 1185 1675 1226; x_wconf 90' lang='lat' dir='ltr'><strong>ue</strong></span> 
     </span>
     <span class='ocr_line' id='line_1_6' title="bbox 314 1263 1673 1346; baseline 0.002 -22"><span class='ocrx_word' id='word_1_55' title='bbox 314 1297 318 1300; x_wconf 91' lang='lat'><strong>·</strong></span> <span class='ocrx_word' id='word_1_56' title='bbox 365 1264 561 1324; x_wconf 70' lang='lat' dir='ltr'><strong>acommittite</strong></span> <span class='ocrx_word' id='word_1_57' title='bbox 583 1270 616 1323; x_wconf 89' lang='lat' dir='ltr'><strong>ut</strong></span> <span class='ocrx_word' id='word_1_58' title='bbox 637 1281 653 1323; x_wconf 95' lang='lat' dir='ltr'><strong>a</strong></span> <span class='ocrx_word' id='word_1_59' title='bbox 677 1263 760 1323; x_wconf 85' lang='lat' dir='ltr'><strong>robis</strong></span> <span class='ocrx_word' id='word_1_60' title='bbox 782 1263 900 1341; x_wconf 85' lang='lat' dir='ltr'><strong>publica</strong></span> <span class='ocrx_word' id='word_1_61' title='bbox 924 1263 1069 1343; x_wconf 80' lang='lat' dir='ltr'><strong>prodiisse</strong></span> <span class='ocrx_word' id='word_1_62' title='bbox 1101 1265 1249 1342; x_wconf 90' lang='lat' dir='ltr'><strong>turpitudo</strong></span> <span class='ocrx_word' id='word_1_63' title='bbox 1278 1272 1414 1342; x_wconf 86' lang='lat' dir='ltr'><strong>putetur:</strong></span> <span class='ocrx_word' id='word_1_64' title='bbox 1439 1285 1507 1325; x_wconf 89' lang='lat' dir='ltr'><strong>uara</strong></span> <span class='ocrx_word' id='word_1_65' title='bbox 1532 1269 1555 1326; x_wconf 89' lang='lat' dir='ltr'><strong>si</strong></span> <span class='ocrx_word' id='word_1_66' title='bbox 1578 1269 1673 1346; x_wconf 85' lang='lat' dir='ltr'><strong>turpia</strong></span> 
     </span>
     <span class='ocr_line' id='line_1_7' title="bbox 386 1364 1777 1445; baseline -0.002 -18"><span class='ocrx_word' id='word_1_67' title='bbox 386 1373 455 1427; x_wconf 87' lang='lat' dir='ltr'><strong>sunt</strong></span> <span class='ocrx_word' id='word_1_68' title='bbox 476 1364 540 1427; x_wconf 82' lang='lat' dir='ltr'><strong>haec</strong></span> <span class='ocrx_word' id='word_1_69' title='bbox 561 1381 736 1443; x_wconf 86' lang='lat' dir='ltr'><strong>quacunque</strong></span> <span class='ocrx_word' id='word_1_70' title='bbox 760 1383 794 1425; x_wconf 82' lang='lat' dir='ltr'><strong>er</strong></span> <span class='ocrx_word' id='word_1_71' title='bbox 819 1383 921 1426; x_wconf 90' lang='lat' dir='ltr'><strong>caussa</strong></span> <span class='ocrx_word' id='word_1_72' title='bbox 951 1372 1001 1424; x_wconf 91' lang='lat' dir='ltr'><strong>aut</strong></span> <span class='ocrx_word' id='word_1_73' title='bbox 1029 1367 1112 1426; x_wconf 89' lang='lat' dir='ltr'><strong>cuius</strong></span> <span class='ocrx_word' id='word_1_74' title='bbox 1143 1367 1225 1425; x_wconf 89' lang='lat' dir='ltr'><strong>cuius</strong></span> <span class='ocrx_word' id='word_1_75' title='bbox 1254 1367 1319 1425; x_wconf 84' lang='lat' dir='ltr'><strong>vitio</strong></span> <span class='ocrx_word' id='word_1_76' title='bbox 1348 1369 1535 1444; x_wconf 84' lang='lat' dir='ltr'><strong>proreuiaat,</strong></span> <span class='ocrx_word' id='word_1_77' title='bbox 1566 1377 1674 1445; x_wconf 85' lang='lat' dir='ltr'><strong>quauta</strong></span> <span class='ocrx_word' id='word_1_78' title='bbox 1769 1401 1777 1415; x_wconf 75' lang='lat'><strong>,</strong></span> 
     </span>
     <span class='ocr_line' id='line_1_8' title="bbox 386 1462 1676 1550; baseline 0.002 -24"><span class='ocrx_word' id='word_1_79' title='bbox 386 1469 520 1546; x_wconf 74' lang='lat' dir='ltr'><strong>turpiora</strong></span> <span class='ocrx_word' id='word_1_80' title='bbox 543 1462 796 1543; x_wconf 61' lang='lat' dir='ltr'><strong>concordamur,</strong></span> <span class='ocrx_word' id='word_1_81' title='bbox 826 1465 877 1526; x_wconf 93' lang='lat' dir='ltr'><strong>ubi</strong></span> <span class='ocrx_word' id='word_1_82' title='bbox 903 1486 919 1526; x_wconf 97' lang='lat' dir='ltr'><strong>a</strong></span> <span class='ocrx_word' id='word_1_83' title='bbox 943 1468 1106 1550; x_wconf 83' lang='lat' dir='ltr'><strong>Germaniae</strong></span> <span class='ocrx_word' id='word_1_84' title='bbox 1129 1469 1293 1546; x_wconf 84' lang='lat' dir='ltr'><strong>principatu</strong></span> <span class='ocrx_word' id='word_1_85' title='bbox 1322 1477 1409 1546; x_wconf 90' lang='lat' dir='ltr'><strong>atque</strong></span> <span class='ocrx_word' id='word_1_86' title='bbox 1438 1489 1453 1528; x_wconf 92' lang='lat' dir='ltr'><strong>a</strong></span> <span class='ocrx_word' id='word_1_87' title='bbox 1483 1468 1571 1528; x_wconf 74' lang='lat' dir='ltr'><strong>rrcrbiii</strong></span> <span class='ocrx_word' id='word_1_88' title='bbox 1599 1468 1676 1528; x_wconf 87' lang='lat' dir='ltr'><strong>iliius</strong></span> 
     </span>
     <span class='ocr_line' id='line_1_9' title="bbox 387 1566 1673 1647; baseline 0.001 -18"><span class='ocrx_word' id='word_1_89' title='bbox 387 1566 533 1647; x_wconf 72' lang='lat' dir='ltr'><strong>splendidi</strong></span> <span class='ocrx_word' id='word_1_90' title='bbox 555 1568 690 1647; x_wconf 87' lang='lat' dir='ltr'><strong>corporis</strong></span> <span class='ocrx_word' id='word_1_91' title='bbox 712 1567 807 1645; x_wconf 86' lang='lat' dir='ltr'><strong>capite</strong></span> <span class='ocrx_word' id='word_1_92' title='bbox 830 1587 916 1646; x_wconf 88' lang='lat' dir='ltr'><strong>quam</strong></span> <span class='ocrx_word' id='word_1_93' title='bbox 939 1569 964 1627; x_wconf 88' lang='lat' dir='ltr'><strong>si</strong></span> <span class='ocrx_word' id='word_1_94' title='bbox 987 1567 1104 1629; x_wconf 86' lang='lat' dir='ltr'><strong>aliunde</strong></span> <span class='ocrx_word' id='word_1_95' title='bbox 1127 1570 1320 1630; x_wconf 78' lang='lat' dir='ltr'><strong>descendam!</strong></span> <span class='ocrx_word' id='word_1_96' title='bbox 1344 1569 1446 1629; x_wconf 76' lang='lat' dir='ltr'><strong>Notius</strong></span> <span class='ocrx_word' id='word_1_97' title='bbox 1470 1572 1560 1647; x_wconf 73' lang='lat' dir='ltr'><strong>arogis</strong></span> <span class='ocrx_word' id='word_1_98' title='bbox 1576 1571 1673 1630; x_wconf 78' lang='lat' dir='ltr'><strong>‹ictor-</strong></span> 
     </span>
     <span class='ocr_line' id='line_1_10' title="bbox 386 1668 1741 1750; baseline -0.001 -19"><span class='ocrx_word' id='word_1_99' title='bbox 386 1677 446 1731; x_wconf 88' lang='lat' dir='ltr'><strong>rnat</strong></span> <span class='ocrx_word' id='word_1_100' title='bbox 467 1687 554 1750; x_wconf 88' lang='lat' dir='ltr'><strong>quam</strong></span> <span class='ocrx_word' id='word_1_101' title='bbox 577 1671 627 1750; x_wconf 87' lang='lat' dir='ltr'><strong>qui</strong></span> <span class='ocrx_word' id='word_1_102' title='bbox 649 1669 752 1731; x_wconf 81' lang='lat' dir='ltr'><strong>taciem</strong></span> <span class='ocrx_word' id='word_1_103' title='bbox 774 1670 878 1731; x_wconf 83' lang='lat' dir='ltr'><strong>invasit</strong></span> <span class='ocrx_word' id='word_1_104' title='bbox 908 1668 1039 1731; x_wconf 89' lang='lat' dir='ltr'><strong>morbus.</strong></span> <span class='ocrx_word' id='word_1_105' title='bbox 1085 1670 1126 1730; x_wconf 88' lang='lat' dir='ltr'><strong>Nc</strong></span> <span class='ocrx_word' id='word_1_106' title='bbox 1156 1671 1227 1730; x_wconf 87' lang='lat' dir='ltr'><strong>milri</strong></span> <span class='ocrx_word' id='word_1_107' title='bbox 1255 1672 1427 1739; x_wconf 71' lang='lat' dir='ltr'><strong>irascimini,</strong></span> <span class='ocrx_word' id='word_1_108' title='bbox 1459 1692 1494 1731; x_wconf 85' lang='grc' dir='ltr'>ιιι·</span> <span class='ocrx_word' id='word_1_109' title='bbox 1518 1672 1741 1733; x_wconf 78' lang='lat' dir='ltr'><strong>motosuosruo.</strong></span> 
     </span>
     <span class='ocr_line' id='line_1_11' title="bbox 354 1770 1673 1851; baseline 0.001 -18"><span class='ocrx_word' id='word_1_110' title='bbox 354 1787 378 1826; x_wconf 73' lang='lat' dir='ltr'><strong>tr</strong></span> <span class='ocrx_word' id='word_1_111' title='bbox 388 1773 476 1843; x_wconf 80' lang='lat' dir='ltr'><strong>iente,</strong></span> <span class='ocrx_word' id='word_1_112' title='bbox 507 1772 559 1833; x_wconf 82' lang='lat' dir='ltr'><strong>scd</strong></span> <span class='ocrx_word' id='word_1_113' title='bbox 589 1771 713 1833; x_wconf 84' lang='lat' dir='ltr'><strong>civiliter</strong></span> <span class='ocrx_word' id='word_1_114' title='bbox 736 1772 875 1851; x_wconf 91' lang='lat' dir='ltr'><strong>accipite,</strong></span> <span class='ocrx_word' id='word_1_115' title='bbox 905 1771 934 1830; x_wconf 92' lang='lat' dir='ltr'><strong>in</strong></span> <span class='ocrx_word' id='word_1_116' title='bbox 957 1770 1039 1830; x_wconf 88' lang='lat' dir='ltr'><strong>robis</strong></span> <span class='ocrx_word' id='word_1_117' title='bbox 1060 1791 1126 1851; x_wconf 81' lang='lat' dir='ltr'><strong>qua</strong></span> <span class='ocrx_word' id='word_1_118' title='bbox 1149 1775 1248 1831; x_wconf 89' lang='lat' dir='ltr'><strong>insunt</strong></span> <span class='ocrx_word' id='word_1_119' title='bbox 1270 1775 1334 1832; x_wconf 83' lang='lat' dir='ltr'><strong>ritia</strong></span> <span class='ocrx_word' id='word_1_120' title='bbox 1359 1774 1482 1833; x_wconf 81' lang='lat' dir='ltr'><strong>marium</strong></span> <span class='ocrx_word' id='word_1_121' title='bbox 1510 1792 1564 1832; x_wconf 90' lang='lat' dir='ltr'><strong>nos</strong></span> <span class='ocrx_word' id='word_1_122' title='bbox 1586 1774 1673 1835; x_wconf 78' lang='lat' dir='ltr'><strong>‹tate-</strong></span> 
     </span>
     <span class='ocr_line' id='line_1_12' title="bbox 386 1872 1674 1955; baseline -0.002 -20"><span class='ocrx_word' id='word_1_123' title='bbox 386 1880 470 1944; x_wconf 88' lang='lat' dir='ltr'><strong>cent,</strong></span> <span class='ocrx_word' id='word_1_124' title='bbox 493 1873 732 1955; x_wconf 86' lang='lat' dir='ltr'><strong>quandoquidem</strong></span> <span class='ocrx_word' id='word_1_125' title='bbox 754 1875 809 1933; x_wconf 90' lang='lat' dir='ltr'><strong>isto</strong></span> <span class='ocrx_word' id='word_1_126' title='bbox 832 1889 988 1934; x_wconf 83' lang='lat' dir='ltr'><strong>censemur</strong></span> <span class='ocrx_word' id='word_1_127' title='bbox 1012 1874 1120 1950; x_wconf 87' lang='lat' dir='ltr'><strong>capite,</strong></span> <span class='ocrx_word' id='word_1_128' title='bbox 1145 1872 1181 1932; x_wconf 81' lang='lat' dir='ltr'><strong>air</strong></span> <span class='ocrx_word' id='word_1_129' title='bbox 1206 1873 1260 1934; x_wconf 87' lang='lat' dir='ltr'><strong>trac</strong></span> <span class='ocrx_word' id='word_1_130' title='bbox 1283 1881 1451 1953; x_wconf 84' lang='lat' dir='ltr'><strong>spectamur</strong></span> <span class='ocrx_word' id='word_1_131' title='bbox 1476 1875 1556 1934; x_wconf 82' lang='lat' dir='ltr'><strong>tario.</strong></span> <span class='ocrx_word' id='word_1_132' title='bbox 1603 1892 1674 1952; x_wconf 82' lang='lat' dir='ltr'><strong>crgo</strong></span> 
     </span>
     <span class='ocr_line' id='line_1_13' title="bbox 385 1970 1672 2056; baseline 0 -20"><span class='ocrx_word' id='word_1_133' title='bbox 385 1977 659 2054; x_wconf 70' lang='lat' dir='ltr'><strong>igitursesipiscite</strong></span> <span class='ocrx_word' id='word_1_134' title='bbox 682 1994 715 2035; x_wconf 92' lang='lat' dir='ltr'><strong>ac</strong></span> <span class='ocrx_word' id='word_1_135' title='bbox 737 1994 775 2036; x_wconf 89' lang='lat' dir='ltr'><strong>ne</strong></span> <span class='ocrx_word' id='word_1_136' title='bbox 797 1993 899 2035; x_wconf 90' lang='lat' dir='ltr'><strong>omnes</strong></span> <span class='ocrx_word' id='word_1_137' title='bbox 922 1991 1078 2051; x_wconf 88' lang='lat' dir='ltr'><strong>pereamus</strong></span> <span class='ocrx_word' id='word_1_138' title='bbox 1101 1994 1150 2033; x_wconf 86' lang='lat' dir='ltr'><strong>vos</strong></span> <span class='ocrx_word' id='word_1_139' title='bbox 1173 1984 1299 2040; x_wconf 81' lang='lat' dir='ltr'><strong>servato:</strong></span> <span class='ocrx_word' id='word_1_140' title='bbox 1330 1975 1537 2044; x_wconf 79' lang='lat' dir='ltr'><strong>convalescite,</strong></span> <span class='ocrx_word' id='word_1_141' title='bbox 1569 1970 1672 2056; x_wconf 80' lang='lat' dir='ltr'><strong>capita,</strong></span> 
     </span>
     <span class='ocr_line' id='line_1_14' title="bbox 386 2076 1746 2158; baseline -0.001 -20"><span class='ocrx_word' id='word_1_142' title='bbox 386 2095 424 2140; x_wconf 91' lang='lat' dir='ltr'><strong>ne</strong></span> <span class='ocrx_word' id='word_1_143' title='bbox 448 2080 546 2138; x_wconf 85' lang='lat' dir='ltr'><strong>omnia</strong></span> <span class='ocrx_word' id='word_1_144' title='bbox 568 2078 726 2138; x_wconf 77' lang='lat' dir='ltr'><strong>universim</strong></span> <span class='ocrx_word' id='word_1_145' title='bbox 749 2079 980 2138; x_wconf 80' lang='lat' dir='ltr'><strong>commoriantur</strong></span> <span class='ocrx_word' id='word_1_146' title='bbox 1008 2076 1140 2137; x_wconf 84' lang='lat' dir='ltr'><strong>membra</strong></span> <span class='ocrx_word' id='word_1_147' title='bbox 1169 2097 1202 2137; x_wconf 91' lang='lat' dir='ltr'><strong>ac</strong></span> <span class='ocrx_word' id='word_1_148' title='bbox 1231 2077 1299 2137; x_wconf 87' lang='lat' dir='ltr'><strong>iliud</strong></span> <span class='ocrx_word' id='word_1_149' title='bbox 1331 2098 1367 2137; x_wconf 91' lang='lat' dir='ltr'><strong>ne</strong></span> <span class='ocrx_word' id='word_1_150' title='bbox 1390 2080 1522 2138; x_wconf 86' lang='lat' dir='ltr'><strong>intereat</strong></span> <span class='ocrx_word' id='word_1_151' title='bbox 1549 2098 1672 2158; x_wconf 77' lang='lat' dir='ltr'><strong>corpus3</strong></span> <span class='ocrx_word' id='word_1_152' title='bbox 1741 2091 1746 2107; x_wconf 90' lang='grc'>·</span> 
     </span>
     <span class='ocr_line' id='line_1_15' title="bbox 385 2178 1673 2255; baseline 0.002 -17"><span class='ocrx_word' id='word_1_153' title='bbox 385 2197 437 2238; x_wconf 84' lang='lat' dir='ltr'><strong>ros</strong></span> <span class='ocrx_word' id='word_1_154' title='bbox 459 2179 531 2239; x_wconf 91' lang='lat' dir='ltr'><strong>honi</strong></span> <span class='ocrx_word' id='word_1_155' title='bbox 552 2197 586 2243; x_wconf 91' lang='lat' dir='ltr'><strong>ac</strong></span> <span class='ocrx_word' id='word_1_156' title='bbox 608 2178 676 2240; x_wconf 89' lang='lat' dir='ltr'><strong>mali</strong></span> <span class='ocrx_word' id='word_1_157' title='bbox 698 2180 793 2239; x_wconf 85' lang='lat' dir='ltr'><strong>omnis</strong></span> <span class='ocrx_word' id='word_1_158' title='bbox 815 2179 909 2240; x_wconf 83' lang='lat' dir='ltr'><strong>fontes</strong></span> <span class='ocrx_word' id='word_1_159' title='bbox 932 2186 961 2238; x_wconf 90' lang='lat' dir='ltr'><strong>et</strong></span> <span class='ocrx_word' id='word_1_160' title='bbox 983 2178 1082 2255; x_wconf 83' lang='lat' dir='ltr'><strong>origo,</strong></span> <span class='ocrx_word' id='word_1_161' title='bbox 1113 2180 1168 2239; x_wconf 90' lang='lat' dir='ltr'><strong>aiio</strong></span> <span class='ocrx_word' id='word_1_162' title='bbox 1192 2181 1279 2247; x_wconf 90' lang='lat' dir='ltr'><strong>iram,</strong></span> <span class='ocrx_word' id='word_1_163' title='bbox 1309 2179 1365 2238; x_wconf 90' lang='lat' dir='ltr'><strong>aiio</strong></span> <span class='ocrx_word' id='word_1_164' title='bbox 1388 2181 1563 2240; x_wconf 85' lang='lat' dir='ltr'><strong>discordiam</strong></span> <span class='ocrx_word' id='word_1_165' title='bbox 1584 2201 1617 2240; x_wconf 88' lang='lat' dir='ltr'><strong>ac</strong></span> <span class='ocrx_word' id='word_1_166' title='bbox 1640 2181 1673 2240; x_wconf 91' lang='lat' dir='ltr'><strong>ii-</strong></span> 
     </span>
     <span class='ocr_line' id='line_1_16' title="bbox 354 2281 1671 2361; baseline -0.001 -17"><span class='ocrx_word' id='word_1_167' title='bbox 354 2290 446 2352; x_wconf 66' lang='lat' dir='ltr'><strong>mes,</strong></span> <span class='ocrx_word' id='word_1_168' title='bbox 469 2284 500 2343; x_wconf 94' lang='lat' dir='ltr'><strong>in</strong></span> <span class='ocrx_word' id='word_1_169' title='bbox 522 2299 577 2342; x_wconf 86' lang='lat' dir='ltr'><strong>nos</strong></span> <span class='ocrx_word' id='word_1_170' title='bbox 598 2299 702 2361; x_wconf 90' lang='lat' dir='ltr'><strong>pacem</strong></span> <span class='ocrx_word' id='word_1_171' title='bbox 723 2283 867 2360; x_wconf 81' lang='lat' dir='ltr'><strong>spargite,</strong></span> <span class='ocrx_word' id='word_1_172' title='bbox 892 2282 919 2340; x_wconf 91' lang='lat' dir='ltr'><strong>ia</strong></span> <span class='ocrx_word' id='word_1_173' title='bbox 943 2297 997 2339; x_wconf 90' lang='lat' dir='ltr'><strong>nos</strong></span> <span class='ocrx_word' id='word_1_174' title='bbox 1019 2281 1147 2358; x_wconf 85' lang='lat' dir='ltr'><strong>quietem</strong></span> <span class='ocrx_word' id='word_1_175' title='bbox 1170 2298 1204 2341; x_wconf 89' lang='lat' dir='ltr'><strong>ac</strong></span> <span class='ocrx_word' id='word_1_176' title='bbox 1227 2289 1356 2342; x_wconf 87' lang='lat' dir='ltr'><strong>mutuam</strong></span> <span class='ocrx_word' id='word_1_177' title='bbox 1380 2281 1564 2341; x_wconf 77' lang='lat' dir='ltr'><strong>diter-tionem</strong></span> <span class='ocrx_word' id='word_1_178' title='bbox 1589 2285 1671 2344; x_wconf 86' lang='lat' dir='ltr'><strong>corit-</strong></span> 
     </span>
     <span class='ocr_line' id='line_1_17' title="bbox 386 2382 1837 2474; baseline 0.002 -31"><span class='ocrx_word' id='word_1_179' title='bbox 386 2384 446 2444; x_wconf 88' lang='lat' dir='ltr'><strong>tite.</strong></span> <span class='ocrx_word' id='word_1_180' title='bbox 483 2383 579 2444; x_wconf 90' lang='lat' dir='ltr'><strong>donec</strong></span> <span class='ocrx_word' id='word_1_181' title='bbox 601 2384 678 2444; x_wconf 89' lang='lat' dir='ltr'><strong>enim</strong></span> <span class='ocrx_word' id='word_1_182' title='bbox 700 2383 762 2442; x_wconf 90' lang='lat' dir='ltr'><strong>istis</strong></span> <span class='ocrx_word' id='word_1_183' title='bbox 784 2384 858 2444; x_wconf 89' lang='lat' dir='ltr'><strong>ritiis</strong></span> <span class='ocrx_word' id='word_1_184' title='bbox 880 2400 1001 2460; x_wconf 89' lang='lat' dir='ltr'><strong>operam</strong></span> <span class='ocrx_word' id='word_1_185' title='bbox 1025 2382 1108 2449; x_wconf 88' lang='lat' dir='ltr'><strong>datis,</strong></span> <span class='ocrx_word' id='word_1_186' title='bbox 1133 2401 1235 2474; x_wconf 82' lang='lat' dir='ltr'><strong>omnes</strong></span> <span class='ocrx_word' id='word_1_187' title='bbox 1257 2383 1311 2444; x_wconf 84' lang='lat' dir='ltr'><strong>sibi</strong></span> <span class='ocrx_word' id='word_1_188' title='bbox 1334 2384 1424 2444; x_wconf 88' lang='lat' dir='ltr'><strong>licere</strong></span> <span class='ocrx_word' id='word_1_189' title='bbox 1445 2384 1586 2462; x_wconf 78' lang='lat' dir='ltr'><strong>potabant</strong></span> <span class='ocrx_word' id='word_1_190' title='bbox 1609 2388 1740 2446; x_wconf 78' lang='lat' dir='ltr'><strong>vimeua.</strong></span> <span class='ocrx_word' id='word_1_191' title='bbox 1829 2436 1837 2451; x_wconf 90' lang='lat'><strong>.</strong></span> 
     </span>
     <span class='ocr_line' id='line_1_18' title="bbox 384 2470 1672 2564; baseline 0.002 -20"><span class='ocrx_word' id='word_1_192' title='bbox 384 2485 511 2553; x_wconf 71' lang='lat' dir='ltr'><strong>iuterre,</strong></span> <span class='ocrx_word' id='word_1_193' title='bbox 535 2486 640 2545; x_wconf 91' lang='lat' dir='ltr'><strong>iniuria</strong></span> <span class='ocrx_word' id='word_1_194' title='bbox 663 2483 797 2563; x_wconf 84' lang='lat' dir='ltr'><strong>pulsare,</strong></span> <span class='ocrx_word' id='word_1_195' title='bbox 820 2484 913 2544; x_wconf 86' lang='lat' dir='ltr'><strong>atiena</strong></span> <span class='ocrx_word' id='word_1_196' title='bbox 936 2501 1057 2562; x_wconf 88' lang='lat' dir='ltr'><strong>rapere;</strong></span> <span class='ocrx_word' id='word_1_197' title='bbox 1087 2470 1174 2564; x_wconf 86' lang='lat' dir='ltr'><strong>atque</strong></span> <span class='ocrx_word' id='word_1_198' title='bbox 1197 2485 1264 2545; x_wconf 83' lang='lat' dir='ltr'><strong>irinc</strong></span> <span class='ocrx_word' id='word_1_199' title='bbox 1287 2494 1393 2544; x_wconf 72' lang='lat' dir='ltr'><strong>nurture</strong></span> <span class='ocrx_word' id='word_1_200' title='bbox 1417 2486 1607 2564; x_wconf 86' lang='lat' dir='ltr'><strong>direptiones,</strong></span> <span class='ocrx_word' id='word_1_201' title='bbox 1632 2484 1672 2546; x_wconf 84' lang='lat' dir='ltr'><strong>la·</strong></span> 
     </span>
     <span class='ocr_line' id='line_1_19' title="bbox 384 2583 1672 2665; baseline 0.002 -19"><span class='ocrx_word' id='word_1_202' title='bbox 384 2586 522 2657; x_wconf 89' lang='lat' dir='ltr'><strong>trocinia,</strong></span> <span class='ocrx_word' id='word_1_203' title='bbox 559 2585 654 2648; x_wconf 84' lang='lat' dir='ltr'><strong>caedes</strong></span> <span class='ocrx_word' id='word_1_204' title='bbox 688 2593 730 2656; x_wconf 86' lang='lat' dir='ltr'><strong>et,</strong></span> <span class='ocrx_word' id='word_1_205' title='bbox 765 2605 782 2645; x_wconf 95' lang='lat' dir='ltr'><strong>o</strong></span> <span class='ocrx_word' id='word_1_206' title='bbox 813 2587 920 2665; x_wconf 86' lang='lat' dir='ltr'><strong>patria,</strong></span> <span class='ocrx_word' id='word_1_207' title='bbox 955 2583 1025 2644; x_wconf 87' lang='lat' dir='ltr'><strong>nihii</strong></span> <span class='ocrx_word' id='word_1_208' title='bbox 1061 2585 1089 2644; x_wconf 92' lang='lat' dir='ltr'><strong>in</strong></span> <span class='ocrx_word' id='word_1_209' title='bbox 1124 2587 1279 2648; x_wconf 86' lang='lat' dir='ltr'><strong>Gernraoia</strong></span> <span class='ocrx_word' id='word_1_210' title='bbox 1309 2588 1415 2659; x_wconf 85' lang='lat' dir='ltr'><strong>tidnm.</strong></span> <span class='ocrx_word' id='word_1_211' title='bbox 1455 2588 1525 2647; x_wconf 86' lang='lat' dir='ltr'><strong>nihii</strong></span> <span class='ocrx_word' id='word_1_212' title='bbox 1564 2589 1672 2648; x_wconf 81' lang='lat' dir='ltr'><strong>tutrrm!</strong></span> 
     </span>
     <span class='ocr_line' id='line_1_20' title="bbox 388 2674 1741 2766; baseline -0.001 -16"><span class='ocrx_word' id='word_1_213' title='bbox 388 2688 441 2750; x_wconf 82' lang='lat' dir='ltr'><strong>Ubi</strong></span> <span class='ocrx_word' id='word_1_214' title='bbox 464 2687 546 2750; x_wconf 78' lang='lat' dir='ltr'><strong>iocus</strong></span> <span class='ocrx_word' id='word_1_215' title='bbox 568 2688 670 2749; x_wconf 89' lang='lat' dir='ltr'><strong>estad</strong></span> <span class='ocrx_word' id='word_1_216' title='bbox 693 2687 838 2766; x_wconf 87' lang='lat' dir='ltr'><strong>quendam</strong></span> <span class='ocrx_word' id='word_1_217' title='bbox 862 2688 944 2765; x_wconf 89' lang='lat' dir='ltr'><strong>quasi</strong></span> <span class='ocrx_word' id='word_1_218' title='bbox 972 2674 1116 2766; x_wconf 83' lang='lat' dir='ltr'><strong>privatum</strong></span> <span class='ocrx_word' id='word_1_219' title='bbox 1140 2706 1254 2754; x_wconf 80' lang='lat' dir='ltr'><strong>rreum,</strong></span> <span class='ocrx_word' id='word_1_220' title='bbox 1285 2697 1378 2747; x_wconf 79' lang='lat' dir='ltr'><strong>restra</strong></span> <span class='ocrx_word' id='word_1_221' title='bbox 1403 2690 1499 2750; x_wconf 79' lang='lat' dir='ltr'><strong>uaria.</strong></span> <span class='ocrx_word' id='word_1_222' title='bbox 1531 2689 1661 2749; x_wconf 71' lang='lat' dir='ltr'><strong>(totorum</strong></span> <span class='ocrx_word' id='word_1_223' title='bbox 1675 2704 1741 2752; x_wconf 78' lang='lat' dir='ltr'><strong>§.uu</strong></span> 
     </span>
     <span class='ocr_line' id='line_1_21' title="bbox 351 2788 1674 2868; baseline 0.003 -22"><span class='ocrx_word' id='word_1_224' title='bbox 351 2789 584 2852; x_wconf 80' lang='lat' dir='ltr'><strong>aodesceudere:</strong></span> <span class='ocrx_word' id='word_1_225' title='bbox 608 2788 684 2850; x_wconf 90' lang='lat' dir='ltr'><strong>maie</strong></span> <span class='ocrx_word' id='word_1_226' title='bbox 699 2789 834 2850; x_wconf 87' lang='lat' dir='ltr'><strong>audimus</strong></span> <span class='ocrx_word' id='word_1_227' title='bbox 855 2808 871 2850; x_wconf 96' lang='lat' dir='ltr'><strong>a</strong></span> <span class='ocrx_word' id='word_1_228' title='bbox 895 2788 1068 2868; x_wconf 84' lang='lat' dir='ltr'><strong>quibusdam</strong></span> <span class='ocrx_word' id='word_1_229' title='bbox 1093 2790 1205 2867; x_wconf 86' lang='lat' dir='ltr'><strong>equites</strong></span> <span class='ocrx_word' id='word_1_230' title='bbox 1226 2789 1363 2848; x_wconf 82' lang='lat' dir='ltr'><strong>Germani</strong></span> <span class='ocrx_word' id='word_1_231' title='bbox 1380 2791 1407 2848; x_wconf 91' lang='lat' dir='ltr'><strong>ia</strong></span> <span class='ocrx_word' id='word_1_232' title='bbox 1425 2799 1558 2866; x_wconf 79' lang='lat' dir='ltr'><strong>raptores</strong></span> <span class='ocrx_word' id='word_1_233' title='bbox 1580 2791 1674 2851; x_wconf 80' lang='lat' dir='ltr'><strong>excia-</strong></span> 
     </span>
     <span class='ocr_line' id='line_1_22' title="bbox 386 2889 1706 2978; baseline -0.002 -25"><span class='ocrx_word' id='word_1_234' title='bbox 386 2892 543 2955; x_wconf 69' lang='lat' dir='ltr'><strong>manebus.</strong></span> <span class='ocrx_word' id='word_1_235' title='bbox 589 2908 647 2951; x_wconf 89' lang='lat' dir='ltr'><strong>non</strong></span> <span class='ocrx_word' id='word_1_236' title='bbox 671 2889 878 2971; x_wconf 83' lang='lat' dir='ltr'><strong>patrocinabor</strong></span> <span class='ocrx_word' id='word_1_237' title='bbox 902 2892 1032 2960; x_wconf 88' lang='lat' dir='ltr'><strong>crimini,</strong></span> <span class='ocrx_word' id='word_1_238' title='bbox 1062 2910 1077 2950; x_wconf 89' lang='lat' dir='ltr'><strong>a</strong></span> <span class='ocrx_word' id='word_1_239' title='bbox 1109 2909 1167 2970; x_wconf 88' lang='lat' dir='ltr'><strong>quo</strong></span> <span class='ocrx_word' id='word_1_240' title='bbox 1195 2889 1363 2978; x_wconf 79' lang='lat' dir='ltr'><strong>longissimo</strong></span> <span class='ocrx_word' id='word_1_241' title='bbox 1393 2909 1509 2968; x_wconf 82' lang='lat' dir='ltr'><strong>scurprr</strong></span> <span class='ocrx_word' id='word_1_242' title='bbox 1532 2892 1629 2958; x_wconf 80' lang='lat' dir='ltr'><strong>airi&#39;ui,</strong></span> <span class='ocrx_word' id='word_1_243' title='bbox 1660 2913 1674 2951; x_wconf 91' lang='lat' dir='ltr'><strong>a</strong></span> <span class='ocrx_word' id='word_1_244' title='bbox 1701 2920 1706 2936; x_wconf 84' lang='lat'><strong>·</strong></span> 
     </span>
     <span class='ocr_line' id='line_1_23' title="bbox 386 2991 1674 3075; baseline -0.003 -21"><span class='ocrx_word' id='word_1_245' title='bbox 386 3014 446 3075; x_wconf 90' lang='lat' dir='ltr'><strong>quo</strong></span> <span class='ocrx_word' id='word_1_246' title='bbox 468 2993 627 3063; x_wconf 63' lang='lat' dir='ltr'><strong>abhorrui)</strong></span> <span class='ocrx_word' id='word_1_247' title='bbox 647 2992 729 3072; x_wconf 83' lang='lat' dir='ltr'><strong>&#39;quod</strong></span> <span class='ocrx_word' id='word_1_248' title='bbox 753 2992 895 3059; x_wconf 79' lang='lat' dir='ltr'><strong>detestor3</strong></span> <span class='ocrx_word' id='word_1_249' title='bbox 919 2991 983 3052; x_wconf 88' lang='lat' dir='ltr'><strong>iilos</strong></span> <span class='ocrx_word' id='word_1_250' title='bbox 1005 3000 1102 3052; x_wconf 89' lang='lat' dir='ltr'><strong>tamen</strong></span> <span class='ocrx_word' id='word_1_251' title='bbox 1126 2993 1226 3071; x_wconf 83' lang='lat' dir='ltr'><strong>quiqui</strong></span> <span class='ocrx_word' id='word_1_252' title='bbox 1249 3001 1316 3052; x_wconf 75' lang='lat' dir='ltr'><strong>scrut</strong></span> <span class='ocrx_word' id='word_1_253' title='bbox 1339 3010 1396 3051; x_wconf 91' lang='lat' dir='ltr'><strong>uon</strong></span> <span class='ocrx_word' id='word_1_254' title='bbox 1420 2994 1512 3069; x_wconf 88' lang='lat' dir='ltr'><strong>patiar</strong></span> <span class='ocrx_word' id='word_1_255' title='bbox 1536 2992 1597 3052; x_wconf 83' lang='lat' dir='ltr'><strong>aliis</strong></span> <span class='ocrx_word' id='word_1_256' title='bbox 1614 3012 1674 3052; x_wconf 86' lang='lat' dir='ltr'><strong>nro·</strong></span> 
     </span>
     <span class='ocr_line' id='line_1_24' title="bbox 386 3089 1739 3173; baseline -0.001 -17"><span class='ocrx_word' id='word_1_257' title='bbox 386 3096 476 3158; x_wconf 79' lang='lat' dir='ltr'><strong>testas</strong></span> <span class='ocrx_word' id='word_1_258' title='bbox 504 3113 583 3163; x_wconf 85' lang='lat' dir='ltr'><strong>esso,</strong></span> <span class='ocrx_word' id='word_1_259' title='bbox 612 3103 642 3154; x_wconf 88' lang='lat' dir='ltr'><strong>et</strong></span> <span class='ocrx_word' id='word_1_260' title='bbox 673 3094 792 3154; x_wconf 79' lang='lat' dir='ltr'><strong>festucae</strong></span> <span class='ocrx_word' id='word_1_261' title='bbox 815 3095 1004 3173; x_wconf 80' lang='lat' dir='ltr'><strong>quaestionem</strong></span> <span class='ocrx_word' id='word_1_262' title='bbox 1027 3112 1147 3154; x_wconf 89' lang='lat' dir='ltr'><strong>morere</strong></span> <span class='ocrx_word' id='word_1_263' title='bbox 1169 3097 1338 3172; x_wconf 86' lang='lat' dir='ltr'><strong>priusquam</strong></span> <span class='ocrx_word' id='word_1_264' title='bbox 1362 3095 1398 3152; x_wconf 89' lang='lat' dir='ltr'><strong>dc</strong></span> <span class='ocrx_word' id='word_1_265' title='bbox 1421 3089 1551 3154; x_wconf 78' lang='lat' dir='ltr'><strong>criminis</strong></span> <span class='ocrx_word' id='word_1_266' title='bbox 1574 3112 1674 3154; x_wconf 82' lang='lat' dir='ltr'><strong>caussa</strong></span> <span class='ocrx_word' id='word_1_267' title='bbox 1727 3102 1739 3122; x_wconf 75' lang='lat'>⁸</span> 
     </span>
     <span class='ocr_line' id='line_1_25' title="bbox 386 3195 1743 3274; baseline -0.007 -15"><span class='ocrx_word' id='word_1_268' title='bbox 386 3207 415 3259; x_wconf 86' lang='lat' dir='ltr'><strong>ct</strong></span> <span class='ocrx_word' id='word_1_269' title='bbox 436 3197 485 3258; x_wconf 89' lang='lat' dir='ltr'><strong>ilia</strong></span> <span class='ocrx_word' id='word_1_270' title='bbox 507 3199 537 3257; x_wconf 93' lang='lat' dir='ltr'><strong>in</strong></span> <span class='ocrx_word' id='word_1_271' title='bbox 556 3195 646 3257; x_wconf 88' lang='lat' dir='ltr'><strong>oculo</strong></span> <span class='ocrx_word' id='word_1_272' title='bbox 667 3215 721 3259; x_wconf 87' lang='lat' dir='ltr'><strong>suo</strong></span> <span class='ocrx_word' id='word_1_273' title='bbox 744 3196 828 3257; x_wconf 89' lang='lat' dir='ltr'><strong>trabe</strong></span> <span class='ocrx_word' id='word_1_274' title='bbox 850 3203 1058 3274; x_wconf 89' lang='lat' dir='ltr'><strong>pertractatum</strong></span> <span class='ocrx_word' id='word_1_275' title='bbox 1088 3197 1184 3256; x_wconf 86' lang='lat' dir='ltr'><strong>inerit.</strong></span> <span class='ocrx_word' id='word_1_276' title='bbox 1230 3195 1303 3266; x_wconf 80' lang='lat' dir='ltr'><strong>uam</strong></span> <span class='ocrx_word' id='word_1_277' title='bbox 1328 3197 1442 3255; x_wconf 73' lang='lat' dir='ltr'><strong>dicam?</strong></span> <span class='ocrx_word' id='word_1_278' title='bbox 1472 3195 1567 3255; x_wconf 79' lang='lat' dir='ltr'><strong>auritis</strong></span> <span class='ocrx_word' id='word_1_279' title='bbox 1591 3203 1743 3255; x_wconf 74' lang='lat' dir='ltr'><strong>ceruam.</strong></span> 
     </span>
     <span class='ocr_line' id='line_1_26' title="bbox 351 3296 1677 3377; baseline -0.005 -17"><span class='ocrx_word' id='word_1_280' title='bbox 351 3299 485 3362; x_wconf 68' lang='lat' dir='ltr'><strong>aaronis</strong></span> <span class='ocrx_word' id='word_1_281' title='bbox 507 3300 570 3359; x_wconf 77' lang='lat' dir='ltr'><strong>haec</strong></span> <span class='ocrx_word' id='word_1_282' title='bbox 592 3298 704 3377; x_wconf 83' lang='lat' dir='ltr'><strong>agenda</strong></span> <span class='ocrx_word' id='word_1_283' title='bbox 728 3296 830 3358; x_wconf 79' lang='lat' dir='ltr'><strong>caussa</strong></span> <span class='ocrx_word' id='word_1_284' title='bbox 854 3303 930 3365; x_wconf 91' lang='lat' dir='ltr'><strong>erat,</strong></span> <span class='ocrx_word' id='word_1_285' title='bbox 959 3297 1009 3357; x_wconf 91' lang='lat' dir='ltr'><strong>sed</strong></span> <span class='ocrx_word' id='word_1_286' title='bbox 1040 3297 1135 3358; x_wconf 91' lang='lat' dir='ltr'><strong>dicam</strong></span> <span class='ocrx_word' id='word_1_287' title='bbox 1163 3298 1306 3357; x_wconf 80' lang='lat' dir='ltr'><strong>breviter:</strong></span> <span class='ocrx_word' id='word_1_288' title='bbox 1339 3300 1404 3376; x_wconf 75' lang='lat' dir='ltr'><strong>qum</strong></span> <span class='ocrx_word' id='word_1_289' title='bbox 1436 3297 1677 3375; x_wconf 80' lang='lat' dir='ltr'><strong>exprincipibus</strong></span> 
     </span>
     <span class='ocr_line' id='line_1_27' title="bbox 387 3398 1676 3480; baseline -0.002 -18"><span class='ocrx_word' id='word_1_290' title='bbox 387 3409 458 3465; x_wconf 89' lang='lat' dir='ltr'><strong>sunt</strong></span> <span class='ocrx_word' id='word_1_291' title='bbox 480 3401 530 3480; x_wconf 90' lang='lat' dir='ltr'><strong>qui</strong></span> <span class='ocrx_word' id='word_1_292' title='bbox 551 3402 685 3480; x_wconf 89' lang='lat' dir='ltr'><strong>rapiunt,</strong></span> <span class='ocrx_word' id='word_1_293' title='bbox 717 3400 834 3477; x_wconf 91' lang='lat' dir='ltr'><strong>quidam</strong></span> <span class='ocrx_word' id='word_1_294' title='bbox 862 3401 933 3478; x_wconf 84' lang='lat' dir='ltr'><strong>(quo</strong></span> <span class='ocrx_word' id='word_1_295' title='bbox 956 3398 1011 3459; x_wconf 90' lang='lat' dir='ltr'><strong>aiio</strong></span> <span class='ocrx_word' id='word_1_296' title='bbox 1035 3401 1112 3460; x_wconf 90' lang='lat' dir='ltr'><strong>enim</strong></span> <span class='ocrx_word' id='word_1_297' title='bbox 1136 3398 1226 3459; x_wconf 82' lang='lat' dir='ltr'><strong>verbo</strong></span> <span class='ocrx_word' id='word_1_298' title='bbox 1249 3409 1314 3459; x_wconf 86' lang='lat' dir='ltr'><strong>utar</strong></span> <span class='ocrx_word' id='word_1_299' title='bbox 1337 3403 1365 3459; x_wconf 90' lang='lat' dir='ltr'><strong>iu</strong></span> <span class='ocrx_word' id='word_1_300' title='bbox 1390 3419 1421 3459; x_wconf 89' lang='lat' dir='ltr'><strong>rc.</strong></span> <span class='ocrx_word' id='word_1_301' title='bbox 1444 3399 1492 3458; x_wconf 88' lang='lat' dir='ltr'><strong>tati</strong></span> <span class='ocrx_word' id='word_1_302' title='bbox 1512 3402 1531 3476; x_wconf 77' lang='lat' dir='ltr'><strong>&#39;ti</strong></span> <span class='ocrx_word' id='word_1_303' title='bbox 1557 3403 1606 3477; x_wconf 85' lang='lat' dir='ltr'><strong>qai</strong></span> <span class='ocrx_word' id='word_1_304' title='bbox 1631 3419 1676 3459; x_wconf 91' lang='lat' dir='ltr'><strong>ra·</strong></span> 
     </span>
     <span class='ocr_line' id='line_1_28' title="bbox 386 3499 1676 3581; baseline -0.002 -18"><span class='ocrx_word' id='word_1_305' title='bbox 386 3505 487 3581; x_wconf 90' lang='lat' dir='ltr'><strong>piunt,</strong></span> <span class='ocrx_word' id='word_1_306' title='bbox 509 3503 644 3579; x_wconf 89' lang='lat' dir='ltr'><strong>inquam,</strong></span> <span class='ocrx_word' id='word_1_307' title='bbox 667 3503 806 3580; x_wconf 77' lang='lat' dir='ltr'><strong>atque-in</strong></span> <span class='ocrx_word' id='word_1_308' title='bbox 829 3499 885 3560; x_wconf 89' lang='lat' dir='ltr'><strong>iliis</strong></span> <span class='ocrx_word' id='word_1_309' title='bbox 908 3519 962 3560; x_wconf 90' lang='lat' dir='ltr'><strong>nos</strong></span> <span class='ocrx_word' id='word_1_310' title='bbox 984 3507 1124 3560; x_wconf 81' lang='lat' dir='ltr'><strong>exercent</strong></span> <span class='ocrx_word' id='word_1_311' title='bbox 1146 3502 1270 3578; x_wconf 86' lang='lat' dir='ltr'><strong>rapinis,</strong></span> <span class='ocrx_word' id='word_1_312' title='bbox 1295 3509 1323 3559; x_wconf 85' lang='lat' dir='ltr'><strong>ct</strong></span> <span class='ocrx_word' id='word_1_313' title='bbox 1345 3503 1411 3579; x_wconf 88' lang='lat' dir='ltr'><strong>quia</strong></span> <span class='ocrx_word' id='word_1_314' title='bbox 1436 3503 1463 3560; x_wconf 90' lang='lat' dir='ltr'><strong>iu</strong></span> <span class='ocrx_word' id='word_1_315' title='bbox 1487 3501 1609 3560; x_wconf 83' lang='lat' dir='ltr'><strong>aliorum</strong></span> <span class='ocrx_word' id='word_1_316' title='bbox 1633 3503 1676 3560; x_wconf 91' lang='lat' dir='ltr'><strong>in·</strong></span> 
     </span>
     <span class='ocr_line' id='line_1_29' title="bbox 388 3601 1766 3684; baseline -0.002 -21"><span class='ocrx_word' id='word_1_317' title='bbox 388 3604 462 3665; x_wconf 87' lang='lat' dir='ltr'><strong>ridia</strong></span> <span class='ocrx_word' id='word_1_318' title='bbox 493 3602 539 3664; x_wconf 87' lang='lat' dir='ltr'><strong>alii</strong></span> <span class='ocrx_word' id='word_1_319' title='bbox 568 3604 604 3664; x_wconf 92' lang='lat' dir='ltr'><strong>ad</strong></span> <span class='ocrx_word' id='word_1_320' title='bbox 626 3602 778 3664; x_wconf 88' lang='lat' dir='ltr'><strong>latrocinia</strong></span> <span class='ocrx_word' id='word_1_321' title='bbox 803 3605 960 3663; x_wconf 87' lang='lat' dir='ltr'><strong>concirent</strong></span> <span class='ocrx_word' id='word_1_322' title='bbox 988 3621 1027 3684; x_wconf 45' lang='lat' dir='ltr'><strong>ac·</strong></span> <span class='ocrx_word' id='word_1_323' title='bbox 1044 3601 1126 3663; x_wconf 85' lang='lat' dir='ltr'><strong>aiunt</strong></span> <span class='ocrx_word' id='word_1_324' title='bbox 1147 3606 1201 3682; x_wconf 89' lang='lat' dir='ltr'><strong>ipsi</strong></span> <span class='ocrx_word' id='word_1_325' title='bbox 1224 3603 1368 3673; x_wconf 77' lang='lat' dir='ltr'><strong>latr-oneo,</strong></span> <span class='ocrx_word' id='word_1_326' title='bbox 1398 3603 1504 3664; x_wconf 87' lang='lat' dir='ltr'><strong>deinde</strong></span> <span class='ocrx_word' id='word_1_327' title='bbox 1526 3607 1593 3681; x_wconf 91' lang='lat' dir='ltr'><strong>qaia</strong></span> <span class='ocrx_word' id='word_1_328' title='bbox 1618 3622 1676 3663; x_wconf 88' lang='lat' dir='ltr'><strong>nou</strong></span> <span class='ocrx_word' id='word_1_329' title='bbox 1744 3625 1766 3660; x_wconf 62' lang='lat' dir='ltr'><strong>s</strong></span> 
     </span>
     <span class='ocr_line' id='line_1_30' title="bbox 389 3703 1677 3784; baseline -0.001 -18"><span class='ocrx_word' id='word_1_330' title='bbox 389 3708 504 3784; x_wconf 84' lang='lat' dir='ltr'><strong>geritur</strong></span> <span class='ocrx_word' id='word_1_331' title='bbox 526 3703 636 3766; x_wconf 89' lang='lat' dir='ltr'><strong>beilum</strong></span> <span class='ocrx_word' id='word_1_332' title='bbox 660 3705 745 3773; x_wconf 85' lang='lat' dir='ltr'><strong>toris,</strong></span> <span class='ocrx_word' id='word_1_333' title='bbox 776 3712 807 3764; x_wconf 91' lang='lat' dir='ltr'><strong>ut</strong></span> <span class='ocrx_word' id='word_1_334' title='bbox 829 3707 866 3764; x_wconf 92' lang='lat' dir='ltr'><strong>sit</strong></span> <span class='ocrx_word' id='word_1_335' title='bbox 888 3723 945 3782; x_wconf 93' lang='lat' dir='ltr'><strong>quo</strong></span> <span class='ocrx_word' id='word_1_336' title='bbox 969 3723 1000 3765; x_wconf 86' lang='lat' dir='ltr'><strong>se</strong></span> <span class='ocrx_word' id='word_1_337' title='bbox 1022 3704 1105 3767; x_wconf 86' lang='lat' dir='ltr'><strong>multi</strong></span> <span class='ocrx_word' id='word_1_338' title='bbox 1129 3714 1249 3783; x_wconf 84' lang='lat' dir='ltr'><strong>egentes</strong></span> <span class='ocrx_word' id='word_1_339' title='bbox 1277 3708 1452 3774; x_wconf 86' lang='lat' dir='ltr'><strong>sustineant,</strong></span> <span class='ocrx_word' id='word_1_340' title='bbox 1482 3708 1677 3783; x_wconf 86' lang='lat' dir='ltr'><strong>quoniamque</strong></span> 
     </span>
     <span class='ocr_line' id='line_1_31' title="bbox 342 3792 1676 3886; baseline 0.004 -25"><span class='ocrx_word' id='word_1_341' title='bbox 342 3824 600 3885; x_wconf 71' lang='lat' dir='ltr'><strong>‚aunonnunquam</strong></span> <span class='ocrx_word' id='word_1_342' title='bbox 623 3804 709 3866; x_wconf 91' lang='lat' dir='ltr'><strong>uobis</strong></span> <span class='ocrx_word' id='word_1_343' title='bbox 731 3823 859 3884; x_wconf 92' lang='lat' dir='ltr'><strong>quoque.</strong></span> <span class='ocrx_word' id='word_1_344' title='bbox 872 3823 925 3883; x_wconf 88' lang='lat' dir='ltr'><strong>per</strong></span> <span class='ocrx_word' id='word_1_345' title='bbox 947 3809 1003 3866; x_wconf 88' lang='lat' dir='ltr'><strong>rim</strong></span> <span class='ocrx_word' id='word_1_346' title='bbox 1026 3807 1164 3868; x_wconf 81' lang='lat' dir='ltr'><strong>auserunt</strong></span> <span class='ocrx_word' id='word_1_347' title='bbox 1185 3809 1367 3886; x_wconf 86' lang='lat' dir='ltr'><strong>potentiores</strong></span> <span class='ocrx_word' id='word_1_348' title='bbox 1375 3825 1384 3876; x_wconf 89' lang='lat'><strong>‚·</strong></span> <span class='ocrx_word' id='word_1_349' title='bbox 1406 3811 1541 3886; x_wconf 88' lang='lat' dir='ltr'><strong>quoniam</strong></span> <span class='ocrx_word' id='word_1_350' title='bbox 1565 3810 1616 3866; x_wconf 85' lang='lat' dir='ltr'><strong>ista</strong></span> <span class='ocrx_word' id='word_1_351' title='bbox 1633 3792 1676 3867; x_wconf 63' lang='lat' dir='ltr'><strong>inss</strong></span> 
     </span>
     <span class='ocr_line' id='line_1_32' title="bbox 388 3899 1744 3989; baseline -0.001 -18"><span class='ocrx_word' id='word_1_352' title='bbox 388 3928 476 3988; x_wconf 87' lang='lat' dir='ltr'><strong>quaro</strong></span> <span class='ocrx_word' id='word_1_353' title='bbox 499 3899 581 3978; x_wconf 85' lang='lat' dir='ltr'><strong>flunt,</strong></span> <span class='ocrx_word' id='word_1_354' title='bbox 605 3915 634 3968; x_wconf 91' lang='lat' dir='ltr'><strong>et</strong></span> <span class='ocrx_word' id='word_1_355' title='bbox 656 3907 797 3968; x_wconf 86' lang='lat' dir='ltr'><strong>docemur</strong></span> <span class='ocrx_word' id='word_1_356' title='bbox 820 3915 849 3968; x_wconf 84' lang='lat' dir='ltr'><strong>et</strong></span> <span class='ocrx_word' id='word_1_357' title='bbox 870 3909 1004 3985; x_wconf 83' lang='lat' dir='ltr'><strong>cogimur</strong></span> <span class='ocrx_word' id='word_1_358' title='bbox 1027 3908 1209 3978; x_wconf 84' lang='lat' dir='ltr'><strong>iatrocirrari;</strong></span> <span class='ocrx_word' id='word_1_359' title='bbox 1234 3917 1320 3989; x_wconf 90' lang='lat' dir='ltr'><strong>atque</strong></span> <span class='ocrx_word' id='word_1_360' title='bbox 1344 3912 1450 3970; x_wconf 86' lang='lat' dir='ltr'><strong>iccirco</strong></span> <span class='ocrx_word' id='word_1_361' title='bbox 1473 3913 1568 3970; x_wconf 84' lang='lat' dir='ltr'><strong>minus</strong></span> <span class='ocrx_word' id='word_1_362' title='bbox 1592 3921 1744 3969; x_wconf 72' lang='lat' dir='ltr'><strong>erra-§.ut</strong></span> 
     </span>
     <span class='ocr_line' id='line_1_33' title="bbox 388 4000 1677 4089; baseline -0.002 -18"><span class='ocrx_word' id='word_1_363' title='bbox 388 4030 454 4072; x_wconf 87' lang='lat' dir='ltr'><strong>mus</strong></span> <span class='ocrx_word' id='word_1_364' title='bbox 476 4028 546 4078; x_wconf 81' lang='lat' dir='ltr'><strong>nos,</strong></span> <span class='ocrx_word' id='word_1_365' title='bbox 571 4010 638 4088; x_wconf 92' lang='lat' dir='ltr'><strong>quia</strong></span> <span class='ocrx_word' id='word_1_366' title='bbox 662 4000 796 4088; x_wconf 85' lang='lat' dir='ltr'><strong>exemplo</strong></span> <span class='ocrx_word' id='word_1_367' title='bbox 820 4027 968 4087; x_wconf 79' lang='lat' dir='ltr'><strong>erramus,</strong></span> <span class='ocrx_word' id='word_1_368' title='bbox 992 4029 1007 4067; x_wconf 90' lang='lat' dir='ltr'><strong>e</strong></span> <span class='ocrx_word' id='word_1_369' title='bbox 1032 4009 1112 4070; x_wconf 86' lang='lat' dir='ltr'><strong>vobis</strong></span> <span class='ocrx_word' id='word_1_370' title='bbox 1134 4013 1297 4072; x_wconf 82' lang='lat' dir='ltr'><strong>istiusmodi</strong></span> <span class='ocrx_word' id='word_1_371' title='bbox 1320 4030 1420 4072; x_wconf 88' lang='lat' dir='ltr'><strong>caussa</strong></span> <span class='ocrx_word' id='word_1_372' title='bbox 1439 4012 1520 4071; x_wconf 84' lang='lat' dir='ltr'><strong>maiis</strong></span> <span class='ocrx_word' id='word_1_373' title='bbox 1537 4013 1677 4089; x_wconf 82' lang='lat' dir='ltr'><strong>provenit,</strong></span> 
     </span>
     <span class='ocr_line' id='line_1_34' title="bbox 388 4093 1678 4195; baseline -0.001 -23"><span class='ocrx_word' id='word_1_374' title='bbox 388 4094 457 4173; x_wconf 69' lang='lat' dir='ltr'><strong>hui‘c</strong></span> <span class='ocrx_word' id='word_1_375' title='bbox 486 4093 622 4173; x_wconf 84' lang='lat' dir='ltr'><strong>incendio</strong></span> <span class='ocrx_word' id='word_1_376' title='bbox 650 4111 813 4171; x_wconf 79' lang='lat' dir='ltr'><strong>tomentum</strong></span> <span class='ocrx_word' id='word_1_377' title='bbox 842 4112 987 4191; x_wconf 84' lang='lat' dir='ltr'><strong>suppetit,</strong></span> <span class='ocrx_word' id='word_1_378' title='bbox 1017 4112 1095 4189; x_wconf 75' lang='lat' dir='ltr'><strong>&lt;quod</strong></span> <span class='ocrx_word' id='word_1_379' title='bbox 1127 4113 1150 4173; x_wconf 89' lang='lat' dir='ltr'><strong>si</strong></span> <span class='ocrx_word' id='word_1_380' title='bbox 1179 4115 1376 4195; x_wconf 84' lang='lat' dir='ltr'><strong>detraxeritis,</strong></span> <span class='ocrx_word' id='word_1_381' title='bbox 1407 4116 1502 4173; x_wconf 89' lang='lat' dir='ltr'><strong>ouuria</strong></span> <span class='ocrx_word' id='word_1_382' title='bbox 1526 4114 1678 4172; x_wconf 80' lang='lat' dir='ltr'><strong>confestim</strong></span> 
     </span>
     <span class='ocr_line' id='line_1_35' title="bbox 388 4213 1678 4293; baseline -0.002 -19"><span class='ocrx_word' id='word_1_383' title='bbox 388 4233 459 4274; x_wconf 82' lang='lat' dir='ltr'><strong>sana</strong></span> <span class='ocrx_word' id='word_1_384' title='bbox 482 4222 584 4282; x_wconf 89' lang='lat' dir='ltr'><strong>erunt,</strong></span> <span class='ocrx_word' id='word_1_385' title='bbox 607 4214 705 4274; x_wconf 90' lang='lat' dir='ltr'><strong>omnia</strong></span> <span class='ocrx_word' id='word_1_386' title='bbox 727 4213 850 4290; x_wconf 81' lang='lat' dir='ltr'><strong>integra.</strong></span> <span class='ocrx_word' id='word_1_387' title='bbox 896 4230 987 4292; x_wconf 92' lang='lat' dir='ltr'><strong>penes</strong></span> <span class='ocrx_word' id='word_1_388' title='bbox 1009 4230 1059 4272; x_wconf 89' lang='lat' dir='ltr'><strong>ros</strong></span> <span class='ocrx_word' id='word_1_389' title='bbox 1082 4221 1126 4275; x_wconf 91' lang='lat' dir='ltr'><strong>est</strong></span> <span class='ocrx_word' id='word_1_390' title='bbox 1148 4214 1223 4274; x_wconf 86' lang='lat' dir='ltr'><strong>satra</strong></span> <span class='ocrx_word' id='word_1_391' title='bbox 1248 4217 1344 4274; x_wconf 87' lang='lat' dir='ltr'><strong>omnia</strong></span> <span class='ocrx_word' id='word_1_392' title='bbox 1366 4214 1458 4275; x_wconf 85' lang='lat' dir='ltr'><strong>vetitis</strong></span> <span class='ocrx_word' id='word_1_393' title='bbox 1481 4233 1516 4275; x_wconf 91' lang='lat' dir='ltr'><strong>an</strong></span> <span class='ocrx_word' id='word_1_394' title='bbox 1533 4214 1678 4293; x_wconf 84' lang='lat' dir='ltr'><strong>perditum</strong></span> 
     </span>
     <span class='ocr_line' id='line_1_36' title="bbox 354 4315 1678 4397; baseline 0 -23"><span class='ocrx_word' id='word_1_395' title='bbox 354 4318 472 4397; x_wconf 71' lang='lat' dir='ltr'><strong>aaipsoa</strong></span> <span class='ocrx_word' id='word_1_396' title='bbox 494 4334 546 4376; x_wconf 85' lang='lat' dir='ltr'><strong>ros</strong></span> <span class='ocrx_word' id='word_1_397' title='bbox 567 4316 610 4378; x_wconf 90' lang='lat' dir='ltr'><strong>ire</strong></span> <span class='ocrx_word' id='word_1_398' title='bbox 633 4318 720 4376; x_wconf 89' lang='lat' dir='ltr'><strong>iuret.</strong></span> <span class='ocrx_word' id='word_1_399' title='bbox 764 4315 816 4378; x_wconf 85' lang='lat' dir='ltr'><strong>sed</strong></span> <span class='ocrx_word' id='word_1_400' title='bbox 839 4317 903 4394; x_wconf 88' lang='lat' dir='ltr'><strong>quis</strong></span> <span class='ocrx_word' id='word_1_401' title='bbox 924 4315 1082 4394; x_wconf 88' lang='lat' dir='ltr'><strong>perditioni</strong></span> <span class='ocrx_word' id='word_1_402' title='bbox 1111 4316 1232 4395; x_wconf 76' lang='lat' dir='ltr'><strong>modost</strong></span> <span class='ocrx_word' id='word_1_403' title='bbox 1261 4319 1330 4395; x_wconf 89' lang='lat' dir='ltr'><strong>quin</strong></span> <span class='ocrx_word' id='word_1_404' title='bbox 1360 4317 1460 4376; x_wconf 85' lang='lat' dir='ltr'><strong>reditis</strong></span> <span class='ocrx_word' id='word_1_405' title='bbox 1490 4319 1517 4375; x_wconf 89' lang='lat' dir='ltr'><strong>iu</strong></span> <span class='ocrx_word' id='word_1_406' title='bbox 1548 4334 1678 4376; x_wconf 88' lang='lat' dir='ltr'><strong>commu-</strong></span> 
     </span>
     <span class='ocr_line' id='line_1_37' title="bbox 390 4416 1677 4496; baseline -0.001 -19"><span class='ocrx_word' id='word_1_407' title='bbox 390 4435 460 4479; x_wconf 90' lang='lat' dir='ltr'><strong>nem</strong></span> <span class='ocrx_word' id='word_1_408' title='bbox 482 4418 623 4494; x_wconf 77' lang='lat' dir='ltr'><strong>gratiam,</strong></span> <span class='ocrx_word' id='word_1_409' title='bbox 647 4435 685 4477; x_wconf 89' lang='lat' dir='ltr'><strong>ne</strong></span> <span class='ocrx_word' id='word_1_410' title='bbox 707 4417 816 4478; x_wconf 84' lang='lat' dir='ltr'><strong>trustra</strong></span> <span class='ocrx_word' id='word_1_411' title='bbox 838 4416 885 4477; x_wconf 89' lang='lat' dir='ltr'><strong>iile</strong></span> <span class='ocrx_word' id='word_1_412' title='bbox 907 4419 1055 4478; x_wconf 89' lang='lat' dir='ltr'><strong>monuerit</strong></span> <span class='ocrx_word' id='word_1_413' title='bbox 1078 4419 1126 4495; x_wconf 91' lang='lat' dir='ltr'><strong>qui</strong></span> <span class='ocrx_word' id='word_1_414' title='bbox 1149 4417 1218 4477; x_wconf 83' lang='lat' dir='ltr'><strong>dixit</strong></span> <span class='ocrx_word' id='word_1_415' title='bbox 1234 4419 1396 4478; x_wconf 76' lang='lat' dir='ltr'><strong>Concordia</strong></span> <span class='ocrx_word' id='word_1_416' title='bbox 1420 4437 1523 4496; x_wconf 77' lang='lat' dir='ltr'><strong>par-ras</strong></span> <span class='ocrx_word' id='word_1_417' title='bbox 1544 4436 1591 4477; x_wconf 89' lang='lat' dir='ltr'><strong>res</strong></span> <span class='ocrx_word' id='word_1_418' title='bbox 1614 4436 1677 4476; x_wconf 89' lang='lat' dir='ltr'><strong>cre·</strong></span> 
     </span>
     <span class='ocr_line' id='line_1_38' title="bbox 389 4516 1824 4598; baseline -0.002 -20"><span class='ocrx_word' id='word_1_419' title='bbox 389 4536 490 4589; x_wconf 88' lang='lat' dir='ltr'><strong>scere,</strong></span> <span class='ocrx_word' id='word_1_420' title='bbox 519 4517 665 4595; x_wconf 85' lang='lat' dir='ltr'><strong>discordia</strong></span> <span class='ocrx_word' id='word_1_421' title='bbox 687 4536 807 4598; x_wconf 82' lang='lat' dir='ltr'><strong>magnas</strong></span> <span class='ocrx_word' id='word_1_422' title='bbox 830 4518 913 4579; x_wconf 88' lang='lat' dir='ltr'><strong>iaciie</strong></span> <span class='ocrx_word' id='word_1_423' title='bbox 935 4516 1048 4579; x_wconf 57' lang='lat' dir='ltr'><strong>dilabi.⁴</strong></span> <span class='ocrx_word' id='word_1_424' title='bbox 1080 4518 1143 4578; x_wconf 90' lang='lat' dir='ltr'><strong>Nou</strong></span> <span class='ocrx_word' id='word_1_425' title='bbox 1166 4518 1210 4578; x_wconf 86' lang='lat' dir='ltr'><strong>ha·</strong></span> <span class='ocrx_word' id='word_1_426' title='bbox 1233 4527 1301 4578; x_wconf 90' lang='lat' dir='ltr'><strong>sunt</strong></span> <span class='ocrx_word' id='word_1_427' title='bbox 1328 4520 1409 4579; x_wconf 71' lang='lat' dir='ltr'><strong>rolris</strong></span> <span class='ocrx_word' id='word_1_428' title='bbox 1432 4522 1540 4579; x_wconf 89' lang='lat' dir='ltr'><strong>irarum</strong></span> <span class='ocrx_word' id='word_1_429' title='bbox 1565 4525 1746 4593; x_wconf 67' lang='lat' dir='ltr'><strong>caussato-¹.</strong></span> <span class='ocrx_word' id='word_1_430' title='bbox 1820 4582 1824 4592; x_wconf 31' lang='lat'><strong>¹</strong></span> 
     </span>
     <span class='ocr_line' id='line_1_39' title="bbox 361 4619 1677 4701; baseline -0.002 -19"><span class='ocrx_word' id='word_1_431' title='bbox 361 4632 456 4699; x_wconf 66' lang='lat' dir='ltr'><strong>“quaa</strong></span> <span class='ocrx_word' id='word_1_432' title='bbox 478 4638 537 4680; x_wconf 91' lang='lat' dir='ltr'><strong>non</strong></span> <span class='ocrx_word' id='word_1_433' title='bbox 561 4620 604 4681; x_wconf 87' lang='lat' dir='ltr'><strong>rel</strong></span> <span class='ocrx_word' id='word_1_434' title='bbox 627 4639 686 4684; x_wconf 91' lang='lat' dir='ltr'><strong>uno</strong></span> <span class='ocrx_word' id='word_1_435' title='bbox 709 4623 846 4701; x_wconf 90' lang='lat' dir='ltr'><strong>quopiam</strong></span> <span class='ocrx_word' id='word_1_436' title='bbox 869 4622 963 4680; x_wconf 88' lang='lat' dir='ltr'><strong>amico</strong></span> <span class='ocrx_word' id='word_1_437' title='bbox 987 4620 1133 4700; x_wconf 85' lang='lat' dir='ltr'><strong>colloquio</strong></span> <span class='ocrx_word' id='word_1_438' title='bbox 1155 4619 1215 4681; x_wconf 88' lang='lat' dir='ltr'><strong>toiii</strong></span> <span class='ocrx_word' id='word_1_439' title='bbox 1239 4623 1366 4700; x_wconf 80' lang='lat' dir='ltr'><strong>possint:</strong></span> <span class='ocrx_word' id='word_1_440' title='bbox 1391 4622 1537 4699; x_wconf 82' lang='lat' dir='ltr'><strong>qrraedam.</strong></span> <span class='ocrx_word' id='word_1_441' title='bbox 1564 4629 1594 4680; x_wconf 86' lang='lat' dir='ltr'><strong>at</strong></span> <span class='ocrx_word' id='word_1_442' title='bbox 1609 4622 1677 4690; x_wconf 86' lang='lat' dir='ltr'><strong>dixi,</strong></span> 
     </span>
    </p>
   </div>
   <div class='ocr_carea' id='block_1_3' title="bbox 388 4824 1678 5084">
    <p class='ocr_par' dir='ltr' id='par_1_3' title="bbox 388 4824 1799 5084">
     <span class='ocr_line' id='line_1_40' title="bbox 458 4824 1677 4908; baseline 0.001 -18"><span class='ocrx_word' id='word_1_443' title='bbox 458 4837 571 4904; x_wconf 71' lang='lat' dir='ltr'><strong>tunae,</strong></span> <span class='ocrx_word' id='word_1_444' title='bbox 590 4840 662 4891; x_wconf 76' lang='lat' dir='ltr'><strong>unae</strong></span> <span class='ocrx_word' id='word_1_445' title='bbox 680 4842 739 4892; x_wconf 75' lang='lat' dir='ltr'><strong>era</strong></span> <span class='ocrx_word' id='word_1_446' title='bbox 776 4824 883 4906; x_wconf 68' lang='lat' dir='ltr'><strong>rouo]</strong></span> <span class='ocrx_word' id='word_1_447' title='bbox 904 4841 978 4890; x_wconf 81' lang='lat' dir='ltr'><strong>vtaio</strong></span> <span class='ocrx_word' id='word_1_448' title='bbox 997 4844 1020 4888; x_wconf 81' lang='lat' dir='ltr'><strong>r.</strong></span> <span class='ocrx_word' id='word_1_449' title='bbox 1040 4841 1068 4890; x_wconf 78' lang='lat' dir='ltr'><strong>ur</strong></span> <span class='ocrx_word' id='word_1_450' title='bbox 1087 4842 1131 4890; x_wconf 75' lang='lat' dir='ltr'><strong>aio</strong></span> <span class='ocrx_word' id='word_1_451' title='bbox 1150 4845 1175 4890; x_wconf 78' lang='lat' dir='ltr'><strong>r,</strong></span> <span class='ocrx_word' id='word_1_452' title='bbox 1194 4843 1221 4892; x_wconf 79' lang='lat' dir='ltr'><strong>vi</strong></span> <span class='ocrx_word' id='word_1_453' title='bbox 1240 4841 1285 4905; x_wconf 77' lang='lat' dir='ltr'><strong>ajo</strong></span> <span class='ocrx_word' id='word_1_454' title='bbox 1305 4847 1328 4892; x_wconf 81' lang='lat' dir='ltr'><strong>r.</strong></span> <span class='ocrx_word' id='word_1_455' title='bbox 1365 4842 1396 4874; x_wconf 65' lang='grc' dir='ltr'><strong>ιι</strong></span> <span class='ocrx_word' id='word_1_456' title='bbox 1410 4842 1453 4891; x_wconf 81' lang='lat' dir='ltr'><strong>or.</strong></span> <span class='ocrx_word' id='word_1_457' title='bbox 1468 4842 1570 4908; x_wconf 71' lang='lat' dir='ltr'><strong>vergo.</strong></span> <span class='ocrx_word' id='word_1_458' title='bbox 1584 4858 1677 4907; x_wconf 64' lang='lat' dir='ltr'><strong>georg.</strong></span> 
     </span>
     <span class='ocr_line' id='line_1_41' title="bbox 388 4922 1678 5010; baseline 0.001 -34"><span class='ocrx_word' id='word_1_459' title='bbox 388 4923 548 4990; x_wconf 59' lang='lat' dir='ltr'><strong>Iratam.</strong></span> <span class='ocrx_word' id='word_1_460' title='bbox 592 4923 615 4958; x_wconf 83' lang='lat'><strong>¹⁰</strong></span> <span class='ocrx_word' id='word_1_461' title='bbox 633 4925 926 4977; x_wconf 81' lang='lat' dir='ltr'><strong>Ci.diel.Proedoneo.</strong></span> <span class='ocrx_word' id='word_1_462' title='bbox 960 4922 982 4956; x_wconf 78' lang='lat'><strong>²³</strong></span> <span class='ocrx_word' id='word_1_463' title='bbox 1001 4924 1493 5010; x_wconf 65' lang='lat' dir='ltr'><strong>(Jf.eveng.sec.it1utth.vil.3‚t.</strong></span> <span class='ocrx_word' id='word_1_464' title='bbox 1545 4926 1566 4958; x_wconf 67' lang='lat'><strong>²⁸</strong></span> <span class='ocrx_word' id='word_1_465' title='bbox 1586 4929 1678 4977; x_wconf 87' lang='lat' dir='ltr'><strong>conui-</strong></span> 
     </span>
     <span class='ocr_line' id='line_1_42' title="bbox 390 5009 1500 5084; baseline 0 -24"><span class='ocrx_word' id='word_1_466' title='bbox 390 5014 459 5061; x_wconf 79' lang='lat' dir='ltr'><strong>nent</strong></span> <span class='ocrx_word' id='word_1_467' title='bbox 476 5010 562 5069; x_wconf 65' lang='lat' dir='ltr'><strong>Lecti</strong></span> <span class='ocrx_word' id='word_1_468' title='bbox 578 5011 711 5075; x_wconf 67' lang='lat' dir='ltr'><strong>cornis.</strong></span> <span class='ocrx_word' id='word_1_469' title='bbox 773 5009 793 5042; x_wconf 80' lang='lat'><strong>³¹</strong></span> <span class='ocrx_word' id='word_1_470' title='bbox 814 5011 916 5062; x_wconf 89' lang='lat' dir='ltr'><strong>idcirco</strong></span> <span class='ocrx_word' id='word_1_471' title='bbox 935 5009 1077 5084; x_wconf 51' lang='grc' dir='ltr'><strong>4.,ιιόιῇᾳιιετ</strong></span> <span class='ocrx_word' id='word_1_472' title='bbox 1114 5009 1163 5081; x_wconf 28' lang='grc'><strong>,30</strong></span> <span class='ocrx_word' id='word_1_473' title='bbox 1182 5010 1240 5077; x_wconf 88' lang='lat' dir='ltr'><strong>ille]</strong></span> <span class='ocrx_word' id='word_1_474' title='bbox 1260 5011 1371 5063; x_wconf 82' lang='lat' dir='ltr'><strong>Sallust.</strong></span> <span class='ocrx_word' id='word_1_475' title='bbox 1385 5014 1444 5078; x_wconf 84' lang='lat' dir='ltr'><strong>Ing.</strong></span> <span class='ocrx_word' id='word_1_476' title='bbox 1460 5011 1500 5061; x_wconf 79' lang='lat' dir='ltr'><strong>ii).</strong></span> 
     </span>
    </p>
   </div>
   <div class='ocr_carea' id='block_1_4' title="bbox 0 0 2154 6054">
    <p class='ocr_par' dir='ltr' id='par_1_4' title="bbox 0 0 2154 6054">
     <span class='ocr_line' id='line_1_43' title="bbox 0 0 2154 6054; baseline 0 0"><span class='ocrx_word' id='word_1_477' title='bbox 0 0 2154 6054; x_wconf 95' lang='lat' dir='ltr'><strong> </strong></span> 
     </span>
    </p>
   </div>
  </div>
 </body>
</html>
