4300 6059
465 717 596 752 ,nvrrsnr
616 717 644 768 in
664 717 756 752 nvcuu
774 716 1052 751 winrnuueaounsmr
1072 716 1174 751 orario
1194 717 1219 752 v.
1243 699 1510 766 rr.1u1.(?)a.ttte.
1583 688 1629 758 85

342 876 383 934 ita
405 891 527 933 rursum
548 873 769 950 superstitiosus
790 889 855 931 esse
877 869 978 941 velim,
1007 877 1039 931 ut
1068 872 1181 931 etiamsi
1203 872 1353 950 riuuquam
1376 871 1438 932 baec
1460 891 1514 933 uos
1536 875 1632 934 conati

341 994 493 1045 essemus,
516 974 643 1053 aliquem
666 981 763 1035 tamen
785 974 934 1051 poeticum
955 973 993 1034 de
1015 972 1087 1033 caelo
1108 973 1209 1041 deum,
1233 973 1282 1051 qui
1305 973 1383 1033 bunc
1405 973 1491 1032 nobis
1506 976 1632 1035 interce-

344 1079 438 1155 pisset
457 1067 585 1144 metum,
614 1074 669 1135 bos
691 1076 902 1154 composuisset
930 1083 1044 1143 motus,
1072 1075 1331 1164 banuinvexisset
1353 1078 1552 1143 securitatem,
1581 1077 1632 1137 de·

343 1194 521 1239 soeusurum
545 1179 636 1237 luisse
659 1177 787 1238 credam.
833 1194 903 1254 ergo
927 1176 1015 1254 igitur
1036 1176 1074 1236 ita
1098 1184 1231 1236 nostrum
1255 1183 1299 1236 est
1321 1176 1377 1236 hoo
1392 1176 1515 1246 lactum,
1539 1184 1570 1237 ut
1585 1179 1631 1237 dei

320 1281 383 1342 ssit
397 1280 578 1347 authoritas,
601 1280 688 1340 huius
711 1276 879 1347 consilium,
903 1285 1003 1338 noster
1025 1277 1124 1346 labor;
1148 1278 1234 1338 buius
1256 1279 1432 1356 auspicium,
1455 1286 1554 1340 noster
1577 1279 1631 1340 du-

344 1390 424 1450 ctus;
448 1382 537 1441 huius
560 1388 702 1459 potestas,
731 1387 832 1440 nostra
854 1396 959 1457 opera;
989 1379 1076 1441 huius
1098 1378 1206 1456 gloria,
1235 1387 1368 1440 nostrum
1391 1379 1535 1442 solatium.
1579 1399 1687 1463 neec.

345 1503 402 1562 que
426 1484 504 1544 enirn
526 1483 581 1542 nisi
605 1483 661 1542 nun
684 1480 733 1542 ille
754 1489 886 1558 nostram
908 1467 1075 1549 direxisset,
1099 1488 1245 1558 patratum
1269 1481 1460 1551 haberemus;
1491 1501 1586 1561 neque
1608 1485 1633 1544 si

344 1603 400 1644 uos
421 1591 570 1664 perpetuo
592 1583 825 1650 desedissemus,
853 1581 1020 1643 laborantes
1047 1581 1096 1643 ille
1118 1601 1172 1643 uos
1193 1586 1371 1661 respexisset
1393 1591 1422 1644 et
1444 1584 1633 1648 oscitantibus

345 1688 496 1764 suppetias
518 1685 644 1747 tulisset:
667 1686 747 1767 iuvat
767 1686 843 1745 euim
867 1690 1006 1745 conantes
1030 1693 1058 1745 et
1080 1686 1272 1763 operantibus
1293 1685 1400 1770 auxilio
1416 1694 1472 1753 est;
1496 1685 1567 1746 nibil
1582 1686 1632 1746 de·

314 1788 502 1848 tvsidentium
524 1786 669 1865 ploratus,
693 1785 763 1847 uihil
786 1788 890 1864 supine
912 1786 1068 1846 iacentium
1090 1793 1222 1847 moratur
1238 1789 1375 1866 gemitum
1399 1787 1543 1848 sedulitati
1557 1789 1633 1848 lavet

345 1898 373 1951 et
389 1898 492 1949 euntes
508 1890 663 1950 connitatur
679 1908 713 1950 ac
735 1888 889 1966 agentibus
911 1896 1017 1965 praesto
1040 1896 1098 1956 est;
1123 1891 1179 1950 vim
1202 1889 1286 1949 lassis
1307 1891 1424 1958 incutit,
1448 1882 1628 1950 cessaturum
1638 1905 1657 1956 t.
1665 1910 1685 1953 r.

344 2010 427 2068 spem
443 1993 473 2050 iu
489 2009 520 2050 se
537 2009 654 2050 omnem
670 1991 837 2058 frustratur,
861 1997 973 2051 temere
994 1993 1043 2070 qui
1059 1992 1154 2051 stertit
1175 1990 1262 2052 deum
1278 1992 1394 2052 interim
1410 1992 1539 2058 advocat,
1562 1992 1633 2068 vigi·

345 2093 437 2154 lantes
459 2092 577 2153 exaudit
591 2093 686 2161 enim,
710 2093 803 2170 etqui
818 2092 933 2152 student
950 2091 994 2152 bis
1012 2111 1099 2170 opem
1114 2094 1244 2171 impertit
1258 2111 1357 2159 suam:
1380 2092 1499 2170 negligit
1515 2095 1632 2161 otiosos,

345 2193 519 2255 iudustriam
548 2200 715 2273 promovet,
742 2194 945 2258 ,assiduitatem
973 2195 1141 2263 coufirmat,
1170 2195 1292 2272 segnitie
1315 2202 1466 2272 torpentes
1488 2197 1517 2255 in
1539 2202 1633 2255 totum

318 2297 492 2364 ndostituit;
515 2297 658 2376 propitius
682 2302 725 2357 est
746 2295 913 2364 orantibus,
943 2297 994 2356 sed
1017 2313 1075 2355 non
1100 2298 1134 2356 iis
1157 2297 1207 2374 qui
1228 2296 1285 2357 boc
1308 2303 1419 2357 tantum
1442 2304 1548 2373 agunt,
1578 2298 1633 2359 nisi

346 2406 374 2458 et
395 2415 485 2475 opus,
513 2399 543 2456 in
571 2415 630 2476 quo
660 2415 692 2456 se
720 2397 843 2458 adiutari
871 2396 987 2466 voluut,
1014 2399 1134 2458 iuterim
1157 2398 1373 2476 aggrediantur.
1418 2400 1575 2476 quinetiam
1594 2401 1688 2465 itane.

347 2501 526 2578 comparavit
548 2517 597 2560 res
618 2499 761 2560 bnmanas
790 2517 937 2576 supernus
965 2498 1019 2558 ille
1045 2500 1194 2568 conditor,
1223 2507 1255 2559 ut
1284 2502 1355 2560 citra
1383 2503 1533 2578 negotium
1560 2500 1634 2560 nibil

347 2600 486 2661 obvenire
515 2600 690 2661 mortalibus
720 2599 801 2660 velit:
838 2603 936 2660 omnia
963 2600 1087 2669 sudore,
1119 2599 1221 2661 labore
1249 2603 1346 2661 omnia
1380 2603 1510 2679 paranda
1539 2602 1633 2672 dedit;

346 2701 433 2763 stulte
458 2709 560 2780 sperat
575 2703 685 2781 aliquis
708 2702 793 2764 deum
816 2704 904 2781 igitur
928 2703 1132 2762 coniecturum
1154 2701 1222 2772 sibi,
1246 2703 1282 2762 ad
1305 2704 1383 2781 qrvod
1405 2706 1556 2782 propriam
1571 2707 1634 2783 ipse

317 2819 410 2864 onon
433 2804 559 2865 advertit
580 2822 717 2882 operam;
749 2822 815 2865 uam
845 2804 917 2864 deus
945 2811 976 2864 ut
998 2807 1071 2864 citra
1093 2822 1176 2865 suam
1199 2822 1284 2882 opem
1307 2803 1405 2864 valere
1427 2807 1575 2891 neminem
1597 2807 1634 2866 si-

346 2909 403 2977 nit,
426 2909 467 2966 ita
489 2905 569 2967 illam
591 2924 650 2966 non
673 2907 773 2974 mittit,
803 2907 860 2966 nisi
887 2891 1073 2983 diligentibus
1096 2914 1124 2967 et
1146 2907 1283 2974 assiduis;
1313 2914 1473 2967 commutat
1495 2907 1570 2967 bona
1593 2907 1634 2967 la·

346 3007 469 3069 boribus
492 3016 629 3069 clames
652 3006 735 3068 facile
758 3007 807 3068 dat
828 3005 884 3068 illis
906 3008 954 3087 qui
977 3008 1124 3086 defatigati
1147 3028 1236 3087 opere
1258 3009 1406 3077 invocant,
1430 3008 1568 3085 iubetque
1584 3028 1635 3087 pe·

345 3109 485 3178 riclitari;
517 3128 585 3170 nam
614 3128 717 3170 eorum
740 3117 804 3169 vota
826 3110 855 3168 in
879 3128 985 3169 vanum
1007 3110 1118 3170 abeunt
1139 3112 1189 3188 qui
1210 3111 1357 3189 precando
1378 3129 1411 3170 se
1432 3112 1547 3189 assequi
1569 3128 1635 3188 spe·

347 3220 412 3273 rant
434 3212 514 3291 quod
537 3218 643 3272 conatu
665 3213 758 3290 quaeri
780 3214 918 3289 oportuit.
962 3211 1017 3272 Ubi
1045 3219 1114 3273 sunt
1135 3211 1176 3272 illi
1198 3214 1286 3289 igitur
1316 3215 1365 3289 qui
1393 3213 1545 3291 tyrannide
1568 3232 1690 3283 cumpo.

316 3331 339 3370 25
347 3320 556 3393 premerentur
577 3331 673 3391 nuper
695 3313 774 3373 baud
796 3332 943 3392 quaquam
966 3313 1101 3381 serenda,
1124 3332 1192 3384 unu
1215 3316 1305 3374 armis
1326 3332 1358 3374 se
1380 3313 1527 3375 vindicare
1549 3315 1578 3373 in
1602 3314 1635 3373 li·

346 3416 491 3477 bertatem
520 3414 676 3476 voluerunt
703 3416 801 3494 potius
830 3434 916 3494 quam
944 3417 1060 3494 precari
1089 3421 1120 3474 ut
1149 3434 1181 3475 se
1204 3415 1276 3476 deus
1298 3414 1509 3475 ulcisceretur?
1542 3417 1636 3492 Atque

346 3518 403 3578 hoc
425 3524 552 3594 egerunt
573 3524 710 3595 quartum
733 3517 790 3577 iarn
812 3535 938 3578 annum:
967 3516 1054 3578 stulte
1076 3518 1227 3596 proiecto,
1256 3519 1340 3596 quasi
1368 3536 1436 3577 vero
1459 3518 1483 3577 is
1505 3519 1543 3577 sit
1564 3517 1637 3576 ‹leus

347 3620 475 3698 qui=pro
498 3617 584 3679 nobis
605 3620 721 3696 quoties
743 3619 827 3678 otiari
849 3621 903 3697 ipsi
927 3618 1119 3688 voluerimus,
1149 3618 1281 3680 laborem
1310 3619 1395 3680 adeat
1417 3627 1446 3678 et
1468 3617 1654 3679 sedentibus·
1717 3629 1720 3635 '
1775 3657 1777 3664 ·

347 3721 432 3781 uobis
456 3719 500 3780 vel
521 3719 748 3782 dormitantibus
771 3721 857 3780 etiam
881 3729 1051 3799 utramque,
1080 3728 1112 3781 ut
1133 3722 1228 3789 aiunt,
1252 3723 1281 3783 in
1304 3740 1406 3782 aurern
1429 3722 1525 3781 onmia
1548 3738 1634 3779 accu-

316 3829 409 3892 ooret,
432 3823 529 3883 omnia
553 3823 718 3883 conficiat'
742 3821 857 3892 Quanto
880 3841 934 3883 uos
952 3823 1060 3883 melius
1081 3824 1170 3900 igitur
1193 3825 1242 3902 qui
1262 3823 1467 3902 aggredientes
1490 3824 1515 3881 vi
1538 3841 1572 3881 ac
1587 3836 1691 3887 aner.

348 3926 404 3985 mis
432 3930 462 3985 et
487 3922 564 3983 bene
593 3924 716 3984 invicem
745 3926 857 4001 precati
884 3941 959 4001 opus
986 3925 1118 3985 lecimus.
1163 3944 1236 4003 quos
1258 3927 1299 3986 sio
1323 3932 1462 3986 eouautes
1484 3926 1521 3984 ita
1545 3924 1638 3983 mani-

349 4026 421 4086 feste
444 4025 515 4085 iuvit
530 4024 663 4085 Christus
684 4026 812 4103 optimus
832 4014 992 4097 maximus
1015 4033 1048 4087 ut
1067 4029 1249 4088 mauiiestius
1270 4046 1329 4088 non
1344 4030 1499 4106 potuisset,
1522 4027 1547 4086 si
1562 4043 1638 4103 prae·

350 4147 419 4190 sens
442 4128 584 4189 adfuisset
606 4127 904 4210 etiamduvissetque
927 4127 1101 4206 angelorum
1124 4128 1260 4190 cobortes
1281 4137 1310 4189 et
1331 4132 1485 4207 spirituum
1507 4128 1638 4206 legiones

350 4232 493 4291 iuliuitas:
517 4227 603 4308 quale
627 4229 681 4289 luit
702 4229 760 4288 boc
783 4232 861 4290 euim
884 4232 1036 4307 praesentis
1059 4230 1105 4291 dei
1127 4230 1280 4299 indicium,
1304 4249 1370 4309 queo
1393 4239 1421 4291 et
1443 4248 1530 4309 quam
1553 4229 1638 4290 indu·

317 4333 409 4393 ssbiae
430 4331 672 4409 significationes
701 4330 781 4407 quod
804 4350 870 4393 corn
893 4333 934 4392 sic
957 4332 1085 4400 iureret,
1114 4332 1156 4390 sie
1179 4330 1323 4391 exultaret
1344 4331 1431 4410 paulo
1453 4338 1520 4392 ante
1543 4341 1638 4410 tyran·

350 4452 406 4495 uus
437 4435 569 4493 omniurn
596 4434 646 4512 qui
674 4451 803 4512 unquam
832 4433 951 4494 luerunt
980 4435 1143 4494 temeritate
1172 4453 1206 4493 ac
1234 4415 1391 4494 insolentia
1415 4434 1636 4512 perditissimus,

351 4525 464 4597 utnon
485 4542 553 4595 ante
575 4543 709 4595 actorum
731 4535 933 4612 impunitatem
960 4535 1056 4597 solum
1084 4541 1283 4614 consequutus
1310 4537 1341 4596 in
1368 4537 1554 4597 securitatem
1576 4536 1693 4600 viu-§.s

350 4639 464 4701 dieasse
486 4655 519 4697 se
546 4636 711 4708 videretur,
740 4638 930 4721 verumetiam
957 4637 1067 4714 ingenti
1096 4637 1173 4698 cirea
1201 4656 1233 4698 se
1260 4643 1340 4697 metu
1362 4637 1514 4715 perculsos
1536 4655 1638 4699 ornnes

418 4856 429 4889 ⁵
447 4857 583 4908 autoritas
595 4861 621 4910 2.
674 4855 695 4889 ¹²
713 4859 795 4923 .Vig.
808 4864 838 4908 11.
885 4855 907 4889 ²⁰
924 4858 1069 4908 uoluerunt
1132 4860 1249 4924 precari,
1270 4863 1293 4908 1.
1313 4863 1419 4908 tantum
1436 4828 1546 4923 precari
1563 4823 1638 4909 uolu-

353 4950 432 4994 erunt
449 4959 519 4994 corr.
530 4946 560 5019 11¹⁸
613 4939 635 4974 ¹⁹
651 4946 786 5015 utrunque
807 4947 829 4994 1.
848 4944 881 4993 In
898 4947 951 4992 utr.
965 4958 1023 4993 eur.
1037 4942 1169 4994 dormire:
1189 4934 1243 5006 (ἐπ’
1260 4934 1410 5009 α’μφότερα
1427 4935 1587 4994 numeriam
1604 4936 1639 4993 τὰ

352 5020 417 5079 ὦτα.
431 5028 585 5089 Menender
597 5043 641 5093 ep.
656 5027 726 5079 Gell.
738 5029 772 5079 N.
785 5028 817 5078 A.
832 5029 867 5078 11.
880 5026 945 5089 23,9.
959 5028 1070 5078 Terent.
1084 5029 1184 5079 Heaut.
1199 5029 1235 5081 11.
1248 5026 1322 5089 3,t⁰t.
1347 5026 1379 5109 '³⁶
1396 5029 1603 5095 perdidissimus
1615 5034 1638 5080 1.
