4300 6059
509 677 553 747 12
645 708 767 743 tivrrsnt
787 709 815 743 lll
837 710 979 746 vnmcnvu
998 709 1275 747 WIBTBNPERGBNSH
1295 710 1397 748 ORATIO
1417 712 1436 747 1.
1460 712 1526 747 ΜΤ.
1541 714 1567 748 Δ.
1583 706 1642 747 1515.

436 876 493 928 ιιι.
506 864 593 923 animi
616 864 750 942 eorporis
776 862 929 942 corrrplexu
952 865 1072 926 senilem
1096 867 1260 927 moesh'tiam
1276 874 1365 928 arcet.
1403 868 1471 929 llaec
1488 886 1542 946 ego
1557 871 1581 928 si
1596 869 1627 928 iu
1642 876 1787 929 conventu

434 1042 442 1059 Ι
503 965 688 1026 llhussornm
708 964 844 1025 omnihus
863 967 1015 1028 ferocitate
1030 988 1064 1029 ac
1079 971 1342 1030 immansuetudine
1358 971 1556 1039 anteuntium,
1576 954 1603 1031 'si
1619 970 1696 1048 apud
1711 970 1787 1030 Tur·

504 1086 553 1127 cas
573 1068 717 1136 dicerem,
741 1075 838 1128 tamen
860 1069 1013 1131 defuturos
1033 1071 1106 1131 mihi
1128 1072 1177 1149 qul
1199 1071 1375 1150 snpplicIum
1398 1073 1435 1132 de
1455 1072 1512 1132 hoc
1528 1072 1702 1133 sumendum
1720 1089 1786 1132 sna·

503 1170 621 1239 dorent,
645 1188 704 1228 non
725 1176 874 1246 putarem:
897 1189 976 1232 nunc
999 1179 1027 1233 et
1049 1173 1128 1250 apud
1149 1174 1312 1235 Germanos
1331 1175 1414 1244 dico,
1442 1182 1471 1235 et
1493 1174 1529 1235 ad
1554 1174 1633 1235 hune
1655 1174 1787 1237 nannu-

502 1272 615 1339 lianum
634 1270 793 1348 Caesarem,
814 1290 873 1350 qno
895 1281 924 1334 et
940 1272 1098 1335 humanior
1114 1282 1143 1334 ct
1161 1277 1338 1336 eiuscemodi
1356 1278 1439 1337 laetis
1455 1277 1598 1337 intensior
1616 1293 1704 1336 nemo
1719 1275 1811 1335 huica

503 1375 626 1452 imperio
641 1373 795 1450 praesertin
819 1374 932 1453 dequo
951 1377 1141 1453 pertinaciter
1161 1378 1331 1456 opinamur,
1355 1380 1467 1439 etiamsi
1485 1396 1543 1438 non
1558 1394 1787 1445 accusassemus,

503 1479 603 1555 utique
626 1476 757 1536 loturum
782 1484 813 1536 nt
834 1475 914 1536 ultro
936 1477 1014 1537 hunc
1035 1478 1070 1538 ad
1087 1479 1262 1557 supplicium
1284 1489 1420 1558 raperet:
1444 1487 1557 1541 tantum
1576 1479 1661 1540 abest
1683 1486 1714 1538 nt
1737 1497 1789 1537 no-

436 1588 598 1647 tasstrum
619 1581 665 1640 ius
688 1576 862 1638 obtenturos
885 1596 938 1640 nos
964 1574 1163 1657 desperemus.
1207 1581 1280 1643 llem
1308 1588 1421 1660 gestam
1448 1582 1610 1651 audivistis,
1640 1580 1787 1648 Germani,

502 1689 531 1743 et
549 1681 626 1760 qnod
649 1663 708 1740 ndu
728 1681 786 1740 iarn
806 1680 933 1740 hominis
954 1682 1081 1750 lacinus,
1104 1683 1155 1743 sed
1180 1681 1297 1762 aliquod
1319 1683 1407 1762 plane
1422 1690 1590 1762 portentum
1611 1683 1703 1743 videri
1718 1700 1786 1760 pos·

502 1784 553 1851 sit;
587 1783 638 1846 uhi
659 1781 755 1860 siquid
778 1782 849 1842 milri
872 1782 978 1852 deluit,
1013 1785 1188 1862 quominus
1214 1786 1300 1862 digna
1330 1786 1422 1846 rebus
1452 1792 1530 1846 esset
1557 1786 1666 1852 oratio,
1700 1785 1787 1844 huius
1800 1796 1822 1834 ιι

502 1892 614 1947 naturae
633 1884 822 1946 uibuendum
842 1885 913 1953 erit,
936 1904 991 1964 qua
1017 1905 1084 1946 cum
1105 1886 1176 1946 nihil
1198 1888 1234 1946 sit
1249 1887 1399 1957 acerbius,
1422 1887 1494 1948 nihil
1511 1887 1692 1954 insidiosius
1714 1885 1787 1946 nihil

502 1987 711 2062 truculentius,
736 1986 824 2047 verba
843 2005 875 2047 se
898 1987 985 2063 digna
1007 1989 1139 2074 invenire
1162 2007 1221 2049 non
1244 1996 1349 2067 potest.
1397 1988 1461 2050 haec
1488 1998 1532 2049 est
1559 1990 1648 2066 igitur
1671 1990 1787 2048 inenar-

501 2089 604 2151 rabilis
623 2087 691 2149 mali
712 2079 846 2156 historia',
869 2088 932 2149 haee
954 2091 1134 2150 atrocissimi·
1150 2091 1288 2151 lacinoris
1310 2091 1419 2160 series,
1443 2092 1491 2152 hic
1513 2092 1616 2168 optimi
1642 2109 1677 2150 ac
1703 2092 1787 2150 inno-

502 2192 660 2253 centissimi
680 2192 791 2250 iuvenis
813 2191 924 2261 exitus,
947 2191 1128 2252 haecluetns
1146 2193 1239 2252 nostri
1254 2194 1389 2262 materia,
1412 2193 1461 2253 hic
1476 2191 1663 2272 querelarum
1677 2192 1785 2258 lomes:

503 2294 561 2355 hoc
583 2299 627 2354 est
648 2310 702 2352 eur
721 2291 769 2352 hic
797 2309 902 2361 senex,
929 2293 960 2353 hi
986 2295 1121 2365 iuvenes,
1152 2294 1198 2355 lue
1226 2294 1364 2355 mulieres
1391 2296 1421 2354 in
1443 2296 1580 2357 sordibus
1610 2296 1720 2362 iacent,
1754 2295 1820 2352 inu

433 2410 492 2461 §.ae
503 2395 660 2475 lachrymis
682 2395 833 2473 irrequieti
852 2403 935 2464 suut,
960 2397 989 2456 in
1010 2395 1090 2456 luctu
1111 2387 1307 2458 macerantur.
1350 2398 1434 2474 Agite
1457 2415 1550 2466 nnnc,
1572 2396 1714 2456 ostendite
1737 2413 1788 2455 eos
1817 2442 1819 2448 Α

502 2515 566 2566 esse
588 2515 638 2557 ros
661 2498 712 2576 qni
731 2514 848 2574 semper
870 2499 938 2557 estis
958 2498 1075 2558 crediti!
1098 2500 1272 2560 immensum
1296 2506 1339 2558 est
1360 2497 1473 2568 scelus,
1497 2517 1610 2559 summa
1632 2500 1700 2574 (nisi
1716 2515 1786 2574 sup-

502 2599 620 2678 plicium
647 2601 828 2677 interveniat)
857 2599 983 2678 infamiae
1009 2619 1044 2659 ac
1072 2601 1212 2679 perniciei
1238 2599 1426 2677 periclitatio:
1460 2610 1540 2662 certe
1571 2601 1683 2661 loediori
1711 2606 1787 2659 notas

501 2700 620 2762 obnoxii
644 2720 708 2760 csse
731 2717 789 2759 non
811 2703 948 2779 potestis,
972 2721 1059 2781 quam
1081 2705 1106 2763 si
1128 2703 1182 2762 hos
1198 2720 1295 2763 mores
1314 2703 1473 2780 impunitos
1490 2704 1604 2770 sinatis:
1627 2701 1786 2762 firmiorem

501 2804 569 2865 mali
590 2804 726 2864 fiduciam
750 2821 809 2864 non
828 2802 981 2865 habebunt
1001 2808 1089 2883 qnam
1113 2805 1169 2865 hoc
1191 2804 1335 2882 exemplo.
1381 2806 1460 2884 quod
1486 2824 1575 2884 quam
1602 2803 1783 2864 horrendum
1794 2815 1820 2855 ²0

501 2907 552 2976 sit,
589 2924 675 2984 qnam
700 2923 823 2974 novum,
856 2923 944 2983 quam
968 2907 1136 2976 exitiosum,
1167 2924 1226 2966 non
1250 2907 1306 2967 iam
1332 2909 1523 2984 persuasione
1544 2906 1668 2983 indiget,
1690 2922 1786 2984 neque

501 3007 590 3071 ullam
612 3025 791 3086 magnopere
811 3015 978 3068 accuratam
1000 3009 1156 3068 dictionem
1178 3008 1320 3088 postulat:
1341 3009 1379 3068 ita
1402 3010 1478 3069 enim
1500 3015 1635 3069 testatum
1650 3007 1708 3068 hoc
1722 3025 1786 3067 soe·

501 3110 547 3171 lus
567 3117 627 3180 est,
651 3117 683 3169 ut
700 3112 880 3189 argumentis
900 3128 960 3169 non
983 3110 1125 3186 indigeat,
1157 3112 1195 3171 ita
1218 3111 1375 3173 vehemens
1397 3128 1432 3170 ac
1451 3107 1687 3187 incomparabilis
1708 3117 1786 3169 atro-

433 3213 590 3282 §.secitas
613 3219 646 3273 nt
665 3211 762 3272 verbis
783 3214 888 3290 exponi
909 3230 968 3272 non
990 3188 1089 3290 possit.
1133 3215 1229 3312 rpinus
1253 3214 1332 3274 enim
1354 3212 1424 3272 nihil
1446 3211 1638 3272 laborandum
1661 3213 1689 3270 in
1713 3229 1786 3288 pnn-

501 3316 661 3376 sentiarmn
684 3322 744 3381 est,
772 3333 860 3392 quam
886 3321 918 3375 ut
945 3314 981 3374 ad
1005 3315 1135 3375 criminis
1163 3315 1378 3376 contessionem
1403 3315 1534 3375 oratione
1561 3331 1645 3373 reum
1668 3313 1821 3371 eonvin-rs

501 3437 580 3478 earn:
604 3424 648 3477 est
669 3418 698 3477 in
720 3418 850 3476 omnium
874 3417 1009 3484 auribus,
1032 3418 1062 3476 in
1085 3419 1233 3478 communi
1257 3418 1347 3484 lama,
1374 3419 1404 3476 in
1424 3417 1506 3478 istius
1528 3434 1595 3482 ore,
1624 3416 1653 3473 in
1674 3415 1785 3480 restris,

500 3514 601 3587 Suevi,
630 3518 740 3594 oculis;
766 3526 891 3586 namet
916 3537 965 3578 vos
987 3521 1017 3578 iu
1040 3521 1084 3579 vix
1106 3527 1257 3597 peractum
1279 3521 1336 3579 iarn
1360 3518 1472 3579 lacinus
1500 3516 1656 3581 incidistis,
1687 3522 1716 3573 et
1738 3513 1786 3573 ille

500 3624 596 3682 statim
618 3622 712 3681 lassus
735 3619 909 3680 maleficium
930 3629 989 3689 est;
1012 3612 1096 3682 cuins
1118 3621 1287 3698 magnitudo
1316 3640 1350 3681 ea
1373 3621 1505 3697 prolecto
1526 3619 1585 3686 est,
1614 3623 1646 3676 nt
1671 3616 1699 3674 in
1726 3632 1785 3674 uno

501 3726 596 3785 omnia
617 3725 713 3783 inesse
735 3719 875 3800 maleficia
899 3723 1066 3795 rideantur,
1097 3725 1174 3802 qnod
1203 3722 1262 3784 huc
1291 3723 1404 3783 referre
1428 3719 1494 3779 licet
1514 3719 1601 3779 huius
1622 3717 1785 3777 immanita·

432 3833 561 3888 §.si-tem
582 3844 641 3903 quo
664 3823 759 3884 solent
781 3842 814 3884 ea
835 3842 901 3902 quae
930 3826 1009 3885 omni
1035 3825 1224 3887 humanitatis
1246 3826 1356 3884 'rationi
1382 3822 1577 3882 inimicissima
1606 3826 1688 3879 suut:
1718 3838 1820 3879 rranreo

501 3947 568 3989 cum
587 3926 776 3989 inhumanius
797 3925 868 3987 nihil
889 3928 926 3986 sit
947 3946 1034 4007 qnam
1056 3929 1190 3989 occidere
1212 3927 1377 3992 hominem,
1402 3922 1480 4001 equod
1503 3921 1561 3982 hoc
1582 3924 1710 4001 primum
1732 3921 1786 3982 hu·

500 4031 578 4090 mani
597 4028 715 4104 generis
736 4030 920 4098 societatem,
944 4048 1031 4109 quam
1051 4046 1227 4089 conservare
1250 4021 1409 4087 humanum
1433 4026 1558 4085 maxime
1582 4032 1640 4093 est,
1670 4031 1785 4101 pertur-

499 4131 550 4191 het
572 4149 606 4190 ac
626 4129 760 4207 dissipet,
781 4132 906 4191 amicitia
929 4150 998 4191 vero
1021 4133 1108 4192 unica
1127 4129 1259 4209 quaedam
1280 4129 1371 4188 virtus
1386 4127 1437 4196 sit,
1459 4144 1525 4204 quar
1542 4127 1693 4186 hominum
1710 4128 1786 4185 inter

499 4252 533 4295 se
554 4231 789 4294 coniunctionem
809 4235 971 4294 arctissime
994 4240 1106 4302 teneat,
1140 4232 1238 4291 hicet
1265 4230 1414 4291 hominem
1438 4229 1560 4297 occidit,
1595 4236 1624 4288 ει
1645 4229 1783 4293 amicum,

500 4336 611 4397 utiam
634 4333 825 4394 dubitandum
845 4336 965 4395 minime
984 4333 1065 4394 robis
1088 4335 1125 4394 sit
1153 4351 1239 4411 quem
1264 4349 1348 4392 reum
1370 4350 1506 4392 accusem
1529 4337 1579 4391 aut
1600 4329 1669 4408 qnid
1691 4329 1728 4389 de
1750 4345 1820 4389 eoas

499 4437 630 4498 iudicare
651 4454 702 4494 vos
723 4444 871 4515 oporteat,
895 4439 945 4514 qni
965 4437 1002 4496 ita
1022 4438 1059 4496 sit
1079 4435 1117 4496 alr
1140 4435 1220 4493 omni
1241 4434 1421 4495 humanitate
1441 4431 1612 4500 derelictus,
1637 4438 1668 4490 ut
1689 4434 1785 4491 omnia

500 4538 537 4601 ah
559 4557 591 4600 sc
613 4539 756 4609 humana,
787 4556 854 4598 cum
884 4536 932 4597 ille
959 4539 1089 4598 comicus
1117 4538 1206 4597 senex
1236 4555 1273 4597 ne
1295 4554 1385 4596 unum
1409 4535 1527 4613 quidem
1549 4532 1671 4611 aliquid,
1693 4532 1785 4592 aliem

567 4778 744 4829 'Rrrssorum
762 4778 787 4825 2.
852 4771 872 4804 ¹²
890 4788 943 4823 non
962 4773 1064 4840 potest]
1085 4776 1103 4828 i.
1118 4792 1141 4824 ε.
1162 4776 1258 4825 oratio.
1316 4773 1336 4806 ¹³
1356 4777 1474 4823 estante
1493 4775 1589 4833 atroc.‚
1608 4777 1667 4819 onte
1686 4774 1741 4833 opt.
1761 4777 1785 4818 et
1823 4814 1829 4830 ,

500 4866 559 4915 ante
577 4863 667 4914 luctus
685 4861 760 4910 habet
779 4862 811 4915 1,,
829 4860 962 4909 deleritll.
1015 4858 1036 4892 ²⁹
1055 4861 1126 4925 quod
1145 4857 1207 4924 eto]
1227 4863 1244 4909 i.
1257 4875 1280 4909 e.
1294 4860 1359 4923 quia
1377 4857 1457 4907 huius
1477 4857 1634 4906 immanitas
1651 4855 1785 4903 innume·
1843 4889 1845 4894 .

500 4965 558 5000 rum
576 4945 861 4998 inhumanissimorum
879 4944 1013 4995 scelerum
1032 4946 1179 4995 referendo
1198 4950 1248 4995 est.
1301 4943 1323 4974 ⁸⁷
1342 4942 1437 4992 comio.
1456 4938 1524 5005 sem]
1544 4938 1674 4990 Chremes
1692 4940 1721 4988 in
1733 4940 1784 4989 Te·

500 5038 570 5085 rent.
583 5034 734 5083 Heautont.
747 5030 769 5079 l.
785 5029 848 5090 las.
