4300 6059
385 668 458 740 216
495 700 516 737 1.
528 666 700 740 rntuqvldur
714 694 866 731 l’ssfflffll
879 693 1032 731 annotator
1045 692 1181 730 Dssan'l'l
1194 691 1302 728 cotum
1314 689 1440 726 ’ΠΙΟΙΙΔΙ
1453 689 1566 725 ORATIO.

504 874 543 914 rso
585 854 731 929 llolliquias
753 853 906 918 bominum;
929 854 1031 909 nostris
1054 871 1163 929 quoque
1185 851 1288 908 viribus
1310 851 1375 907 adde

587 939 731 1002 Virtutem,
761 955 814 1013 qua
836 955 885 995 nos
907 938 1112 999 bostisvesana
1134 925 1266 1012 propba'br

584 1025 698 1098 Agmina
719 1023 751 1079 ad
774 1023 912 1080 interitum
935 1023 1103 1097 redigamus.
1126 1023 1181 1079 sire
1203 1023 1331 1078 subactus

585 1108 701 1182 Legibus
724 1117 751 1165 et
772 1126 856 1166 saorae
878 1106 992 1182 supplex
1014 1108 1185 1182 obtemperet
1205 1107 1281 1164 aulae.

584 1192 704 1268 Quisque
726 1201 803 1251 tuum
824 1191 916 1250 landet
937 1208 1040 1254 nomen,
1056 1193 1181 1267 votisque
1203 1199 1337 1267 precetur.

503 1295 540 1334 aas
583 1277 720 1347 Quatenus
743 1276 848 1336 excelso
870 1278 1004 1352 contingit
1025 1278 1125 1335 vertice
1147 1277 1288 1352 Olympum

586 1363 692 1419 llaurus
714 1362 789 1419 Atlas
810 1361 914 1438 Lybiae.
937 1370 1018 1438 atque
1041 1363 1154 1420 extremi
1177 1362 1358 1438 Garamantes.

586 1449 674 1522 Atque
696 1447 742 1504 ubi
765 1447 873 1504 Tithoni
897 1447 1022 1522 linquens
1044 1450 1148 1504 Aurora
1171 1447 1259 1503 mariti

586 1531 745 1607 Complexus
767 1532 868 1606 primas
890 1532 1008 1590 illustrat
1029 1531 1152 1606 lampade
1174 1540 1274 1597 terras3

586 1618 675 1691 Usque
696 1626 725 1674 et
746 1617 936 1692 Hyperboreis
957 1617 1049 1674 vicinae
1072 1615 1209 1673 montibus
1231 1633 1287 1673 ore

503 1721 541 1762 roo
585 1703 622 1760 Te
644 1711 789 1765 resonent,
813 1711 841 1759 et
864 1702 961 1776 templa
984 1701 1033 1758 tibi
1056 1700 1238 1776 pnleberrima
1259 1705 1380 1775 surgant.
1416 1715 1418 1718 ·

586 1785 646 1844 Nou
667 1787 737 1844 aries
760 1786 914 1862 titulusque
938 1787 991 1843 tuis
1012 1793 1146 1845 rnaotelur
1167 1786 1194 1842 in
1217 1786 1280 1848 aris,

585 1871 718 1934 Balsama,
741 1872 850 1946 myrrha
873 1889 981 1934 recens,
1003 1872 1102 1945 passim
1125 1888 1234 1946 quoque
1255 1871 1366 1945 pinguia
1388 1871 1467 1926 thura

588 1956 710 2012 assiduis
732 1957 856 2030 precibus
877 1974 976 2030 magno
998 1956 1145 2013 fundantur
1166 1955 1284 2020 bonore;

586 2041 761 2115 Omnipotens
783 2041 912 2115 solusque
934 2041 1003 2098 Bous
1025 2041 1192 2115 Genitorque
1212 2040 1324 2097 voceris.

681 2308 841 2359 EIVSDEM
858 2309 907 2358 Al)
926 2308 1124 2359 LECTOREM
1146 2306 1370 2358 EPIGRAMMA.

585 2414 639 2469 lsta
661 2413 812 2488 Sophocleo
835 2415 954 2490 quamvis
975 2414 1086 2471 dicenda
1107 2413 1241 2484 cothurno

648 2496 758 2556 blateria
780 2508 823 2555 est
845 2507 939 2557 nostro
961 2498 1091 2573 grandior
1114 2499 1239 2572 ingenio:

585 2583 622 2639 rte
647 2592 732 2641 tamen
756 2594 872 2658 angusto
895 2601 1001 2659 semper
1023 2600 1080 2639 mea
1103 2576 1319 2639 llumine’oimba
1399 2633 1402 2644 .

529 2681 541 2722 t
649 2669 789 2745 Serperet,
812 2676 839 2725 et
862 2670 950 2725 tenuis
973 2673 1015 2724 ino
1037 2674 1160 2724 tueretur
1182 2668 1278 2737 bpnos,

585 2754 712 2812 Lusimus
734 2753 859 2810 instantis
880 2753 1031 2810 eommunia
1052 2753 1147 2809 damna
1170 2753 1263 2815 ruinae,
1293 2800 1296 2805 .

648 2839 773 2896 Lusimus
795 2847 822 2894 et
844 2838 947 2913 populi.
960 2846 1048 2895 eastra
1070 2837 1177 2894 inimica
1198 2838 1292 2895 trucis.

585 2925 723 2981 Exoranda
745 2924 812 2979 meis
833 2924 959 2998 precibus
981 2923 1025 2997 pia
1047 2922 1157 2978 numina
1179 2921 1283 2979 blandis

529 3023 542 3061 e
648 3009 821 3070 Successore,
845 3026 914 3065 novo
936 3017 1051 3081 votaque
1074 3024 1168 3081 sparsa
1189 3017 1271 3064 metu.
1317 3049 1321 3059 .

586 3093 673 3168 AEqua
695 3095 785 3150 minus
807 3093 888 3150 rebus
910 3092 1011 3149 luerint
1033 3092 1056 3147 si
1078 3092 1210 3155 earmina,
1234 3091 1327 3156 lector.

649 3178 788 3253 spreveris
810 3178 881 3235 baud
903 3177 1027 3234 nimium:
1050 3195 1110 3233 nam
1133 3175 1252 3234 voluisse
1273 3185 1315 3234 sat
1336 3187 1386 3242 est.

973 3321 1069 3397 Τέλος.

383 3445 584 3455 —-——

416 3543 449 3576 ²⁵²
466 3547 525 3597 siva
538 3548 556 3599 i.
570 3565 594 3599 o.
613 3548 666 3598 nisi
684 3547 753 3598 velit
765 3548 954 3613 obtemperare
973 3551 1001 3595 eb
1015 3546 1188 3597 Christianus
1201 3546 1268 3597 fiori.
1303 3545 1337 3579 ²⁸⁴
1348 3547 1434 3608 Aridi,
1447 3548 1526 3609 detis,
1541 3566 1601 3614 qum
1615 3551 1667 3600 tibi

383 3629 513 3680 auxilium
520 3631 684 3683 Christianis
697 3633 796 3682 serenti
809 3636 893 3697 poeta
904 3632 1048 3697 promittit.
1088 3636 1155 3681 extr.
1167 3629 1242 3696 Gan]
1255 3632 1337 3697 Verg.
1351 3631 1402 3681 eol.
1416 3633 1539 3682 vitiat.
1576 3633 1609 3664 ²³⁶
1627 3634 1666 3698 ly·

383 3713 469 3763 bisol.
507 3716 540 3749 ²⁶⁸
557 3718 600 3768 Cf.
613 3719 765 3782 Vergffln.
779 3716 854 3767 tvo.
868 3714 993 3766 vl1.148.
1039 3715 1302 3782 ²⁵⁰Hyporboraial.
1343 3714 1529 3782 ²⁶⁰l'urgnt.!.
1568 3717 1599 3748 ²⁶¹
1621 3717 1665 3768 Cf.

382 3796 404 3844 Ι.
420 3798 493 3865 Reg.
506 3803 563 3851 XV.
578 3803 617 3851 tn.
642 3802 719 3852 Osoae
731 3802 778 3851 Vl.
791 3800 815 3852 6.
833 3792 932 3852 Maean.
946 3802 994 3851 IX.
1009 3799 1048 3851 13.
1066 3802 1127 3864 xlx.
1141 3802 1165 3851 7.
1230 3799 1455 3865 'Sophoclanob
1507 3801 1623 3854 dicendo
1643 3808 1666 3852 t.

380 3877 391 3910 ⁸
412 3882 455 3936 Cf.
468 3884 547 3938 ovid.
560 3888 632 3939 trist.
644 3888 679 3937 11.
694 3886 751 3937 329.
1456 3925 1458 3928 ι
