4300 6059
1101 1346 1224 1403 oberto

955 1461 1005 1511 DE
1024 1461 1184 1513 VIRI'V'I'E
1203 1461 1368 1512 CLAVIVM

816 1563 864 1613 Er
883 1561 1201 1613 CONDEMNATORIA
1218 1564 1341 1613 BVLLA
1359 1561 1502 1613 LEONIS.

461 1745 506 1796 §.t
601 1720 730 1795 Legimus
752 1721 779 1776 iu
801 1720 945 1794 Evangelio
969 1721 1115 1777 secundum
1131 1720 1278 1782 biathcum,
1302 1720 1475 1776 serenissime
1498 1737 1558 1783 rer,
1580 1720 1718 1793 principes
1733 1719 1810 1775 curi·

518 1807 690 1872 stianissimi,
713 1806 851 1861 dominum
874 1814 902 1861 et
924 1814 1090 1862 servatorem
1112 1815 1237 1862 nostrum
1260 1805 1372 1862 sabbato
1395 1825 1422 1862 in
1437 1805 1587 1862 ludaeorum
1610 1813 1744 1861 conventu
1759 1805 1841 1862 but

518 1887 630 1952 minem,
658 1891 737 1947 cuius
767 1908 861 1946 manus
883 1891 993 1946 dextera
1015 1898 1137 1953 aruerat,
1166 1907 1287 1947 curasse.
1324 1897 1351 1945 et
1372 1891 1475 1957 utinam
1498 1898 1594 1946 nostro
1617 1905 1728 1963 quoquc
1750 1906 1809 1946 aero

516 1977 653 2032 dexteram
676 1976 799 2050 pristinae
821 1975 979 2030 restitueret
1002 1975 1125 2031 sanitatit
1155 1975 1234 2030 ‘Nulli
1257 1974 1368 2030 dubium
1397 1975 1448 2030 est'
1475 1976 1553 2030 ‹tivus
1580 1974 1619 2030 ait
1646 1973 1809 2029 Ambrosius

518 2062 663 2117 ‘dexteram
686 2059 726 2114 vel
742 2060 830 2116 totius
845 2060 970 2133 corporis
986 2059 1185 2132 praeclariorem
1201 2060 1355 2134 portionem
1371 2059 1424 2116 boc
1440 2059 1522 2116 officii
1538 2076 1642 2132 gerere,
1665 2067 1696 2114 ut
1711 2058 1808 2114 diurna

518 2146 653 2202 'alimenta
682 2162 733 2200 suo
763 2145 872 2218 corpori
904 2143 1092 2200 subministret
1118 2153 1146 2200 et
1173 2145 1342 2219 providentia
1371 2145 1484 2218 quadam
1507 2144 1540 2201 ad
1562 2144 1703 2200 fruendam
1725 2143 1808 2199 vitain

461 2243 506 2293 §.a
519 2230 645 2287 ‘membra
668 2237 765 2287 caetera
786 2237 880 2303 pascat
901 2246 933 2285 ac
953 2229 1075 2286 nutriat!
1117 2229 1192 2286 Hauc
1213 2230 1297 2303 igitur
1318 2229 1454 2286 dexteram
1476 2229 1505 2286 in
1526 2228 1630 2303 populo
1652 2227 1846 2284 Christianum

517 2316 666 2372 Romanum
688 2314 845 2388 pontificem
867 2322 894 2369 et
916 2313 1110 2383 scholasticos,
1135 2332 1204 2389 quos
1226 2315 1367 2371 nominant
1388 2315 1531 2377 doctores,
1554 2313 1709 2369 hominesve
1732 2313 1810 2368 iacti·

518 2400 561 2456 tiae
584 2398 741 2473 religionis,
765 2400 810 2473 qui
833 2398 917 2455 duces
940 2417 968 2455 se
991 2417 1143 2460 caecorum,
1173 2399 1263 2455 lumen
1285 2417 1381 2455 eorum
1404 2400 1449 2473 qui
1473 2400 1500 2455 iu
1523 2398 1643 2455 tcucbris
1666 2405 1810 2453 versantur
1879 2445 1882 2449 ,

517 2492 544 2540 et
575 2485 746 2540 indoctorum
774 2483 902 2540 doctores
931 2500 992 2539 csse
1019 2482 1188 2557 gloriantur,
1218 2492 1291 2540 recte
1319 2484 1447 2549 dixerim,
1476 2485 1522 2558 qui
1550 2482 1623 2539 velut
1650 2481 1811 2557 praeclarior

517 2569 609 2643 portio
632 2569 659 2624 in
682 2585 798 2643 corpore
820 2568 937 2624 fidelium
960 2587 975 2624 a
997 2568 1120 2630 dominu,
1149 2577 1179 2625 ut
1203 2569 1253 2643 ipsi
1277 2569 1367 2630 aiunt,
1396 2569 1540 2626 constituti
1562 2568 1706 2642 negligunt
1728 2576 1756 2623 et
1780 2568 1808 2622 in

517 2660 613 2709 cetera
636 2654 756 2709 membru
778 2653 900 2710 vaticinia
922 2653 1134 2727 prophetarum,
1158 2653 1336 2726 evangelicam
1359 2654 1525 2717 doctrinam,
1553 2653 1716 2727 scripturam
1740 2651 1844 2708 soli-te

517 2737 593 2801 etam,
612 2738 723 2794 verbum
746 2738 877 2800 divinum,
907 2755 1003 2812 panem
1026 2738 1142 2811 denique
1163 2739 1301 2795 cmlcstem
1323 2737 1396 2794 velut
1418 2756 1507 2796 escam
1529 2738 1590 2796 vitae
1612 2745 1721 2797 aeternae
1743 2754 1810 2811 por·

518 2823 621 2897 rigere,
651 2832 732 2896 atque
754 2823 815 2878 ideo
837 2822 960 2880 doctrina
982 2839 1076 2879 eorum
1100 2825 1172 2879 aruit
1200 2821 1357 2884 imbecillis,
1387 2825 1449 2897 quia
1479 2824 1583 2880 iontem
1610 2822 1739 2896 perennis
1766 2840 1810 2878 sa·

461 2908 629 2980 §.npicutiae
658 2925 712 2963 nou
742 2908 874 2981 quaesivit.
918 2907 986 2964 Hinc
1015 2907 1115 2963 tactum
1144 2917 1200 2970 est,
1235 2917 1267 2964 ut
1295 2908 1372 2981 quasi
1402 2915 1541 2965 contracta
1569 2908 1679 2976 dextera
1707 2907 1809 2963 ciavern

517 2994 637 3049 scientiae
659 3000 751 3048 tcuerc
773 3008 829 3048 non
850 2993 954 3066 possit,
977 3000 1007 3047 ut
1029 2993 1066 3048 ait
1088 2992 1215 3048 dominus
1237 2993 1290 3051 ‘Vre
1311 2991 1403 3055 vobis,
1427 2992 1521 3051 scribae
1544 3002 1571 3049 et
1586 2991 1721 3066 pharisei,
1745 2991 1809 3065 quia

516 3075 628 3134 ‘tulistis
649 3076 750 3134 clavom
774 3076 907 3138 scientim,
938 3077 989 3150 ipsi
1012 3093 1066 3132 non
1091 3077 1251 3139 introiistis,
1280 3085 1307 3132 ct
1335 3078 1381 3152 qui
1410 3077 1575 3140 introibant,
1604 3071 1844 3151 prohibuistis.'2o

516 3161 603 3218 Clavis
619 3162 739 3218 scientim
754 3161 879 3217 Christus
901 3169 957 3225 cst,
981 3178 1036 3235 quo
1058 3161 1091 3216 ad
1113 3161 1301 3218 credulitatem
1324 3161 1384 3218 tidei
1407 3172 1548 3237 pectorum
1571 3179 1668 3218 arcana
1683 3177 1810 3217 reseran-

518 3255 578 3307 tur;
605 3245 701 3309 clavis,
730 3263 816 3319 agnus
839 3245 885 3320 qui
909 3247 1017 3303 occisus
1039 3255 1095 3307 cst,
1125 3247 1250 3319 aperiens
1272 3246 1371 3303 librum
1394 3245 1544 3321 signatum,
1572 3262 1699 3302 amovens
1721 3245 1810 3302 obdu·

426 3337 432 3347 ’
517 3340 590 3387 ctum
614 3331 748 3394 velamen,
771 3331 853 3387 claris
876 3331 1015 3405 sapientiae
1030 3331 1211 3404 scientiaque
1233 3330 1300 3386 fides
1322 3339 1377 3392 est,
1400 3332 1434 3388 de
1450 3349 1504 3406 quo
1519 3331 1621 3388 dicitur
1634 3332 1715 3388 Petro
1740 3331 1809 3386 ‘'Iibi

463 3416 598 3482 §.n‘dabo
621 3414 709 3471 claves
732 3416 809 3489 regni
833 3415 986 3472 coelorum’:
1017 3415 1126 3472 ‘clavem
1155 3417 1240 3488 igitur
1261 3416 1333 3471 Petri
1362 3415 1440 3472 fidem
1462 3417 1536 3472 Petri
1565 3434 1625 3472 esse
1652 3416 1730 3479 dico,
1759 3432 1811 3490 per

519 3509 608 3575 ‘quam
631 3499 715 3557 coelos
738 3501 858 3573 aporuit,
882 3500 1031 3574 penetravit
1053 3500 1158 3556 inferna
1174 3517 1299 3563 securus,
1322 3501 1405 3557 maria
1420 3501 1530 3558 calcavit
1544 3500 1708 3575 intrepidus:
1732 3507 1844 3556 tantan

517 3586 598 3641 ‘cmm
621 3584 779 3659 apostolicae
802 3584 864 3640 fidei
886 3585 972 3640 virtus
994 3592 1049 3647 cst,
1073 3593 1104 3641 ut
1126 3594 1224 3641 cuncta
1247 3584 1285 3640 illi
1309 3585 1439 3641 elementa
1461 3596 1590 3660 pareant,
1612 3585 1665 3642 hoc
1688 3592 1810 3641 estnon

517 3669 564 3725 ‘illi
588 3668 716 3742 angelicae
745 3669 906 3725 claudantur
935 3670 1035 3732 Ianuar,
1064 3687 1119 3725 non
1148 3679 1234 3744 porta}
1262 3670 1424 3744 praevaleant
1445 3671 1566 3734 Tartari,
1593 3687 1648 3726 nou
1675 3686 1811 3743 aquarum
1850 3683 1857 3694 ·

517 3754 627 3810 'fluenta
650 3753 800 3810 subsidant.
844 3754 897 3810 ista
920 3761 1009 3810 autem
1031 3754 1091 3828 ipsa
1113 3754 1208 3819 clavis,
1232 3773 1311 3828 quarn
1332 3754 1410 3811 fidem
1433 3773 1494 3812 esse
1515 3755 1644 3817 dicimus,
1671 3754 1811 3811 videamus
1843 3771 1846 3776 ·

515 3836 626 3911 ⁴(verbis
647 3838 784 3895 Ambrosii
806 3837 955 3912 loquimur)
976 3840 1201 3913 quemadmodum
1224 3839 1309 3896 solida
1333 3840 1377 3895 sit.
1421 3840 1548 3896 Arbitror
1570 3839 1642 3897 illam
1665 3838 1809 3896 duodecim

517 3923 659 3980 ‘artificum
682 3923 842 3996 operatione
864 3923 1020 3981 conflatam:
1043 3925 1185 3982 duodecim
1200 3926 1271 3981 enim
1286 3925 1475 3999 apostolorum
1491 3923 1614 4000 symbolo
1630 3924 1698 3980 fidos
1713 3932 1846 3981 sanctam

584 4139 595 4172 ⁴
612 4140 711 4192 matth.
725 4141 787 4191 XII.
803 4141 841 4191 10.
856 4158 895 4206 sq.
954 4140 964 4173 ⁷
982 4140 1120 4206 Ambros]
1138 4142 1303 4192 Hexaemer.
1317 4141 1363 4193 v1.
1376 4140 1417 4192 67.
1432 4140 1486 4205 (od.
1500 4142 1644 4193 Benedict.
1658 4142 1680 4192 1.
1694 4158 1722 4208 p.
1737 4140 1808 4207 140.)

516 4224 577 4275 Non
595 4231 718 4291 sumptus
738 4242 770 4275 ex
789 4226 917 4277 Gratiani
935 4227 1047 4278 decreto
1066 4227 1150 4277 locus.
1204 4225 1225 4258 ¹⁹
1242 4227 1310 4276 Luc.
1324 4227 1372 4275 XI.
1386 4227 1428 4277 52.
1481 4224 1503 4258 ²³
1521 4223 1584 4293 quo]
1602 4229 1649 4277 ric.
1712 4223 1811 4293 Petro]

516 4310 616 4361 Matth.
635 4311 708 4361 XVI.
724 4309 763 4361 lo.
816 4309 837 4342 ²⁸
856 4314 880 4374 §-
893 4309 930 4377 4.]
949 4311 1210 4362 Pseudo-Ambrosii
1227 4327 1307 4362 serm.
1321 4311 1450 4361 XXXIII.
1473 4311 1516 4360 De
1540 4311 1654 4361 ieiuniis
1672 4311 1810 4378 quadrag.

516 4395 603 4444 XVII.
617 4395 635 4444 i.
649 4395 669 4444 f.
689 4395 735 4459 qui
754 4394 817 4446 olim
830 4396 967 4447 Ambrosii
985 4412 1074 4447 sermo
1092 4396 1126 4446 do
1145 4395 1248 4446 ieiunio
1260 4395 1331 4445 Etiae
1344 4395 1549 4446 inscribebatur
1567 4394 1650 4459 (utin
1664 4396 1705 4447 ed.
1718 4397 1809 4448 ParIs.

518 4478 593 4530 1603.
613 4479 662 4529 iol.
681 4485 744 4529 tom.
758 4481 780 4530 1.
794 4497 820 4546 p.
833 4480 906 4545 544.)
943 4481 997 4530 Sed
1019 4482 1079 4546 ipso
1101 4480 1225 4532 Ambros.
1238 4481 1268 4529 iu
1291 4496 1381 4532 enarr.
1399 4481 1501 4531 Psoim.
1521 4481 1647 4530 XXXIX.
1660 4480 1703 4532 37.
1721 4480 1811 4532 babet

517 4565 606 4627 ‘Quod
617 4567 700 4616 Petro
718 4565 832 4624 dicitur,
852 4565 985 4631 apostolis
1003 4566 1120 4627 dicitnr',
1141 4570 1170 4615 ct
1188 4565 1223 4615 ad
1234 4566 1356 4630 proxime
1374 4566 1493 4632 proeced.
1505 4564 1609 4617 Psalm.
1629 4563 1751 4630 explicat
1770 4565 1808 4615 lo·

516 4665 578 4700 cnm
590 4648 691 4700 matth.
705 4650 777 4701 XVI.
793 4647 832 4701 lo.
851 4650 927 4700 Idem
947 4649 1036 4699 ‘fidem
1055 4665 1109 4699 non
1129 4649 1229 4699 dobere
1249 4650 1347 4713 scindi,
1367 4651 1416 4700 scd
1434 4649 1551 4700 solidam
1563 4653 1733 4716 permonere'
1752 4666 1808 4700 mo·

515 4740 563 4783 not
576 4735 676 4799 Expon.
691 4750 732 4785 cv.
746 4750 801 4792 sec.
815 4734 882 4784 Luc.
896 4735 928 4784 X.
940 4733 996 4783 120.
1041 4732 1064 4764 ²⁵
1083 4733 1143 4784 coel.
1157 4750 1201 4799 op.
1215 4731 1279 4801 otc]
1294 4736 1330 4786 cf.
1344 4736 1404 4785 Act.
1418 4735 1513 4801 Apoet.
1526 4734 1808 4785 x.11.11.tr.raattn.

516 4817 586 4868 XIV.
599 4817 641 4869 ⁶29.
704 4818 727 4851 ²²
744 4814 945 4886 portoepraeu]
965 4818 1063 4868 March.
1076 4819 1150 4869 XVI.
1165 4818 1205 4870 18.
1263 4818 1285 4851 ²⁰
1302 4819 1422 4869 solidata
1440 4820 1484 4868 Pe.
1498 4819 1587 4869 Andr.
1608 4822 1611 4828 '
1650 4817 1700 4884 eit]
1717 4818 1809 4870 tired.

517 4903 606 4953 Huius
625 4904 678 4953 loci
697 4920 751 4954 non
770 4910 813 4953 est
830 4903 1017 4954 demonstrare
1036 4904 1089 4954 XII
1108 4903 1248 4970 apostolos
1265 4919 1319 4954 uon
1338 4919 1398 4954 esse
1418 4909 1544 4954 unctores
1562 4903 1599 4954 ab
1621 4905 1742 4969 ipsorum
1760 4920 1807 4955 no·

517 4989 589 5037 minc
608 4988 743 5053 adpellari
761 4987 886 5053 symboli.
