4300 6059
535 671 582 744 68
667 703 791 739 avarunt
810 704 838 738 tn
858 704 951 739 nvcrn
971 703 1248 737 wrnrnnruuoaxsaxr
1267 702 1370 737 enarro
1386 703 1446 759 μη.
1466 702 1494 735 u.
1509 693 1573 737 dvo.
1587 701 1612 736 Δ.
1630 695 1687 737 tarr.

683 857 743 917 Leo
766 858 849 917 tortis
871 866 928 925 est,
952 864 981 916 et
1003 840 1179 932 occidimus

683 958 780 1036 Tigris
803 958 886 1018 tortis
909 965 969 1029 est,
992 964 1021 1019 et
1043 957 1196 1027 occiditur,

684 1060 765 1120 Cave¹
780 1059 901 1129 multos,
925 1061 950 1118 si
973 1058 1103 1138 singulos
1125 1077 1184 1119 non
1208 1061 1300 1119 times.

463 1163 599 1224 esebon
623 1163 766 1222 diuturnae
788 1161 833 1221 baa
856 1171 912 1222 tnae
934 1179 1005 1241 opes
1027 1169 1111 1232 snnt,
1141 1179 1195 1221 nee
1217 1161 1270 1221 ista
1291 1159 1341 1219 tibi
1370 1159 1489 1230 auxilia,
1520 1161 1565 1220 hae
1592 1168 1735 1239 perpetuo
1764 1161 1815 1221 ad·
1855 1160 1863 1181 ⁰

530 1263 684 1325 bort-bunt
706 1265 813 1342 copim:
837 1261 975 1341 paulatim
999 1270 1026 1323 te
1048 1265 1090 1323 tni
1112 1262 1267 1330 deserunt,
1297 1264 1410 1322 externi
1432 1282 1500 1323 rero
1523 1281 1581 1323 non
1604 1263 1741 1324 idoneum
1764 1272 1835 1323 arka

530 1365 717 1427 bitrabuntur
740 1364 886 1424 bominem
910 1364 1097 1443 desperatum
1120 1384 1154 1425 ao
1170 1363 1379 1433 eorxddentem,
1402 1365 1432 1425 in
1446 1367 1544 1426 omnia
1558 1366 1754 1445 praeeipitem,
1777 1365 1814 1424 ad

531 1467 600 1528 nihil
623 1467 766 1527 munitum
789 1468 873 1534 satis,
902 1475 930 1526 et
957 1465 1042 1526 talem
1072 1485 1159 1545 quem
1188 1483 1308 1526 neeesse
1338 1466 1391 1525 brit
1419 1468 1448 1526 in
1478 1485 1633 1527 commune
1662 1466 1813 1527 bominum

530 1568 628 1629 odium
652 1567 730 1628 velut
752 1570 781 1628 in
804 1567 955 1647 publicum
977 1568 1145 1628 incendium
1169 1568 1288 1637 ooniiei,
1313 1586 1400 1646 quem
1423 1585 1525 1628 omnes
1548 1568 1678 1628 occisum
1702 1567 1811 1637 volunt,

529 1679 558 1731 et
580 1688 614 1731 ex
637 1670 788 1731 bominum
811 1687 935 1729 numero
957 1688 991 1730 ac
1013 1669 1120 1729 finibus
1141 1669 1275 1730 huotanee
1297 1676 1409 1729 natnrae
1431 1670 1683 1731 exterminandum
1699 1677 1811 1750 putant,

528 1791 615 1852 quem
639 1790 725 1833 uerno
749 1771 820 1841 iert,
849 1789 936 1831 nemo
958 1789 1017 1830 non
1040 1771 1200 1831 detestatur
1222 1780 1252 1832 et
1279 1773 1415 1832 extremis
1444 1770 1528 1831 malis
1556 1771 1693 1841 devovet,
1728 1773 1810 1832 cuins
1824 1782 1846 1822 ¹⁰

527 1892 613 1954 pmna
636 1873 773 1934 omnibns
795 1873 935 1949 trimnpbi
957 1871 1022 1933 loeo
1045 1869 1143 1932 sutura
1166 1879 1222 1942 est,
1246 1872 1332 1933 talem
1354 1880 1398 1944 te,
1428 1875 1574 1951 inquam„
1592 1892 1651 1934 non
1674 1873 1812 1934 idoneum

461 1989 517 2038 §.aa
529 1975 762 2041 arbitrabuntur,
787 1975 869 2034 onius
892 1975 1009 2034 nomine
1032 1981 1142 2033 tantum
1166 1973 1330 2052 perieulum
1353 1975 1467 2036 adeant.
1512 1974 1556 2034 Tu
1572 1981 1669 2036 tamen
1685 1976 1744 2036 tato
1760 1973 1813 2038 ob·

527 2080 646 2146 noxius,
677 2077 757 2156 quod
786 2078 915 2135 omnium
945 2075 1215 2152 semper-andacia
1244 2075 1330 2151 fugit,
1368 2077 1498 2136 omnium
1533 2075 1616 2137 inror
1649 2074 1812 2145 abhorruit,

528 2181 657 2241 omnium
681 2177 846 2238 immanitas
868 2175 1054 2235 abhominata
1079 2182 1136 2244 est,
1167 2195 1201 2236 ea
1230 2176 1281 2238 tibi
1310 2179 1457 2254 promittis
1485 2196 1550 2256 qnae
1579 2186 1645 2237 ante
1674 2186 1702 2238 te
1726 2196 1812 2239 nemo

461 2322 465 2331 ·
527 2299 650 2361 sperare
679 2279 783 2348 votuit,
814 2285 846 2338 nt
875 2274 1017 2338 Gallicum
1054 2286 1205 2357 sceptrum
1239 2278 1399 2340 cervicibus
1435 2281 1544 2339 nostris
1579 2281 1812 2358 superimponas,
1825 2292 1847 2330 ¹⁵

526 2401 581 2445 nos
605 2389 774 2442 exterorum
798 2381 947 2439 nationum
971 2380 1064 2440 furori
1087 2399 1120 2439 oe
1144 2380 1236 2440 tnrbae
1258 2381 1381 2459 prodas,
1411 2390 1490 2441 tuam
1518 2379 1641 2460 patriam
1671 2400 1821 2452 eversam,

527 2501 713 2544 eonnmruem
736 2480 1124 2542 Germaniam'destrnctam
1149 2481 1226 2542 vetis.
1266 2483 1343 2561 qnod
1373 2495 1440 2544 en‘m
1465 2487 1580 2563 cogites
1609 2503 1643 2545 ae
1671 2490 1703 2545 nt
1724 2484 1813 2562 perd·

526 2588 587 2647 cias
609 2587 679 2645 satis
700 2587 873 2645 instrudmn
897 2590 926 2644 te
948 2591 1049 2661 putes,
1074 2585 1130 2643 iam
1153 2590 1186 2643 nt
1207 2591 1336 2645 matures
1358 2584 1446 2646 iubeo
1469 2607 1502 2647 ae
1521 2587 1701 2664 precipitem
1714 2592 1744 2646 te
1759 2587 1813 2645 im·

526 2686 617 2767 pedo:
642 2687 778 2765 qaroniam
803 2686 880 2745 enim
903 2685 939 2745 ad
963 2693 1094 2765 extrema
1116 2688 1169 2746 ista
1193 2686 1421 2763 oonbrgiendnm
1444 2687 1496 2748 tibi
1518 2688 1641 2766 putasti,
1671 2688 1727 2746 iam
1751 2705 1813 2747 me·

459 2790 608 2851 §andium
632 2787 703 2849 nibil
725 2788 814 2848 rides.
860 2787 923 2848 Seis
946 2805 1005 2847 non
1029 2807 1093 2849 esse
1116 2789 1159 2847 tas
1181 2787 1257 2847 bane
1286 2785 1383 2848 lucem
1416 2789 1522 2849 intueri
1549 2788 1617 2857 tibi,
1646 2790 1705 2849 scis
1732 2787 1846 2849 buncro

460 2938 462 2943 ,
527 2910 591 2953 esse
613 2892 691 2951 diem
714 2889 824 2968 quode
848 2897 896 2948 tuo
920 2890 1015 2969 eapite
1039 2908 1073 2949 ao
1096 2889 1223 2949 fortunis
1245 2888 1381 2951 omnibus
1403 2889 1596 2959 indicabitur,
1620 2898 1707 2968 atque
1725 2908 1760 2950 ex
1776 2909 1812 2950 eo

526 2992 635 3055 iudidio
657 2990 729 3066 nibil
753 2999 782 3051 te
804 2990 916 3059 laetum,
939 2991 1037 3050 omnia
1060 2999 1162 3050 mesta
1186 2991 1373 3051 eoluctuosa
1402 2999 1620 3071 reportaturum
1649 3001 1676 3053 te
1705 2990 1812 3066 intelli·

528 3095 586 3173 gis;
610 3111 702 3173 quare
724 3093 830 3152 iterum
852 3110 958 3153 moneo
981 3093 1076 3151 statim
1099 3093 1135 3152 ad
1159 3103 1225 3153 tuos
1248 3095 1318 3155 istos
1340 3093 1524 3155 auxiliatores
1540 3101 1575 3154 te
1598 3093 1747 3161 conteras,
1777 3083 1817 3153 acn

459 3197 619 3259 §.morinis
641 3214 705 3274 qxrm
726 3202 826 3272 parata
850 3193 942 3255 babes
964 3195 1133 3273 experiaris.
1177 3194 1284 3254 Notum
1307 3197 1365 3256 iam
1387 3203 1453 3266 ante
1475 3196 1542 3264 tuit,
1566 3214 1632 3257 eunt
1655 3202 1704 3255 tna
1727 3193 1812 3254 luxu-

527 3297 686 3358 riosissime
708 3296 896 3375 prodegisses
917 3313 952 3355 ao
974 3313 1014 3354 aas
1036 3294 1164 3356 alienum
1187 3297 1361 3356 immensum
1378 3298 1589 3366 contraxisses,
1612 3296 1811 3358 novandarum
1821 3317 1847 3357 aa

528 3417 629 3463 rernm
651 3398 747 3457 studio
770 3397 981 3457 inflammatum
1005 3397 1114 3476 aliquid
1135 3406 1218 3458 atrox
1234 3397 1411 3459 machinari:
1434 3416 1513 3459 nurro
1527 3400 1616 3477 igitur
1631 3416 1698 3459 oum
1713 3401 1813 3459 omnia

527 3500 692 3580 perdideris
714 3500 821 3576 (onmia
845 3502 923 3559 enim
947 3500 1073 3577 perdidit
1095 3501 1146 3578 qui
1168 3518 1203 3559 eo
1226 3517 1284 3577 quo
1312 3506 1343 3560 tu
1366 3501 1512 3569 recidisti,
1541 3502 1682 3581 peruenit)
1712 3509 1740 3562 te
1762 3521 1812 3561 ex-

527 3601 602 3680 pliea
626 3622 659 3663 ao
682 3601 758 3661 istud
781 3600 871 3660 semel
895 3611 995 3661 evome
1018 3603 1074 3661 iam
1105 3601 1155 3661 diu
1184 3607 1358 3678 conceptum
1386 3620 1540 3662 venenum.
1585 3604 1681 3662 omnia
1709 3603 1812 3663 adrer-

528 3721 592 3764 snm
617 3711 644 3763 te
668 3712 783 3781 parata,
815 3720 868 3761 nos
896 3708 978 3762 tuum
1009 3703 1156 3773 furorem,
1185 3710 1251 3763 tuos
1279 3703 1402 3763 insultus
1428 3710 1584 3782 expectare
1610 3705 1708 3764 rides:
1736 3704 1812 3765 ande

529 3806 645 3866 tandmn
669 3815 868 3888 areg-rumpe,
898 3812 926 3863 et
954 3806 983 3862 in
1012 3805 1074 3864 istis
1102 3806 1158 3866 tuis
1187 3802 1376 3882 stipatoribus
1403 3822 1485 3882 spem
1514 3804 1589 3865 habe
1617 3825 1652 3866 ae
1679 3806 1847 3870 fidutiamao

529 3907 608 3967 locu:
639 3915 693 3966 nos
715 3913 817 3965 eontra
840 3924 898 3964 non
922 3904 1089 3966 dnbitmnns
1116 3908 1263 3966 neminem
1291 3926 1343 3976 sno
1374 3906 1488 3973 (iecori,
1519 3924 1579 3966 snm
1607 3909 1813 3969 existimationi

462 4009 712 4076 §.udebxtnrnm
757 4007 836 4067 ieme
859 4006 967 4066 (lintius
989 4006 1065 4067 bane
1089 4006 1208 4077 tamam,
1233 4026 1297 4086 qum
1319 4007 1372 4068 sub
1396 4016 1445 4066 tuo
1468 4010 1584 4068 nomine
1599 4011 1717 4079 invasit,
1740 4010 1812 4070 Sne-

529 4128 632 4170 rorum
666 4127 738 4188 gens
766 4127 825 4168 non
854 4092 979 4188 poterim
1015 4108 1164 4169 revocabit
1191 4111 1221 4169 in
1250 4110 1423 4181 memoriam
1452 4127 1521 4170 snos
1552 4111 1692 4180 maiores,
1727 4128 1812 4187 egre·

528 4215 606 4290 giam
637 4211 672 4271 de
703 4231 734 4272 se
763 4211 893 4271 orandum
922 4212 1090 4290 opinionem
1118 4210 1195 4271 band
1224 4210 1365 4289 negliget,
1398 4220 1427 4271 te
1454 4213 1546 4273 eiecto
1573 4212 1626 4274 has
1648 4211 1726 4272 eluet
1747 4230 1812 4273 sor·

530 4312 599 4384 des,
622 4312 698 4374 bam
720 4312 827 4372 farriam
850 4311 956 4374 rtdnet:
980 4332 1043 4374 esse
1066 4313 1164 4389 itmpre
1187 4312 1259 4372 nibil
1280 4320 1365 4392 puta,
1395 4312 1472 4392 qnod
1499 4312 1536 4374 de
1560 4332 1706 4393 quoquam
1733 4313 1847 4381 beneas

529 4433 646 4494 speres:
683 4422 823 4493 qrranbnn
858 4417 888 4474 in
920 4413 1041 4493 singulis
1069 4422 1127 4482 est,
1163 4419 1205 4472 te
1224 4416 1388 4475 miserrime
1416 4415 1580 4476 coniectum
1607 4414 1722 4484 solunt,
1750 4436 1811 4496 qno

462 4517 627 4586 §.seminus
659 4524 759 4593 aperte
791 4536 825 4577 ae
857 4515 954 4596 potam
986 4515 1129 4584 audeant,
1158 4513 1248 4575 muita
1279 4514 1379 4576 multis
1406 4515 1530 4576 obstant.
1573 4515 1619 4576 Tu
1646 4518 1677 4576 in
1707 4522 1816 4597 patrias¹

595 4754 753 4806 ⁸deserunt
769 4769 861 4803 ennea.
883 4754 1009 4818 maneria
1026 4753 1153 4802 deserent
1203 4752 1266 4801 'ae
1285 4757 1308 4804 1.
1327 4760 1356 4804 et
1373 4760 1402 4803 fl.
1455 4759 1531 4804 ⁸011.
1556 4757 1649 4814 ,οη
1702 4753 1724 4786 ¹⁰
1741 4764 1770 4805 et
1779 4765 1810 4806 11.

532 4855 566 4890 ιο
578 4841 603 4891 1.
643 4837 664 4870 ¹⁸
682 4839 803 4888 obem).
842 4846 901 4902 port
919 4839 969 4887 tibi
987 4839 1084 4903 aliquid
1101 4839 1231 4887 addidisse
1243 4845 1272 4887 11.
1291 4841 1379 4887 adnm.
1393 4843 1417 4888 2.
1434 4841 1641 4902 sedon-tepere
1653 4854 1702 4887 non
1714 4841 1811 4891 didice-

485 4920 489 4925 ’
530 4930 585 4977 rat.
604 4924 797 4971 oetdr'tmrrerrtmn
814 4926 893 4987 ipsam
911 4925 999 4972 omisit.
1044 4924 1322 4988 possis,perdueliis,
1356 4922 1378 4954 ²²
1396 4929 1422 4973 te
1441 4926 1519 4973 dedeo.
1532 4930 1562 4972 11.
1597 4922 1619 4954 ³⁰
1637 4922 1765 4974 fiduciam
1783 4930 1810 4976 2.

387 4986 393 4999 ’
531 5003 553 5037 ⁸²
576 5008 624 5056 sub
643 5009 755 5056 mma-t.
774 5022 806 5057 so
822 5023 916 5057 omnes.
