4300 6059
743 700 803 736 ΜΡ.
817 702 875 736 xvi.
890 702 924 735 mr
938 700 1006 736 aaut:
1020 701 1074 736 11οΝ
1089 701 1261 736 thalassina.
1567 672 1640 742 449

354 853 426 914 nihil
448 854 504 915 sibi
526 855 672 923 consistit,
696 854 775 916 nulla
791 855 1003 934 tranquillitas,
1027 855 1159 916 sedatum
1175 854 1256 924 nihil,
1280 853 1397 916 turbata
1418 859 1523 918 omnia.
1554 876 1641 937 quarn
1654 875 1699 925 ns.

355 958 490 1034 corporis
519 958 767 1027 immutationem,
797 958 999 1019 membrorum
1029 959 1253 1019 concitationem
1285 976 1319 1018 ac
1348 959 1528 1036 compaginis
1558 960 1645 1021 huius

355 1060 586 1140 quassationem,
610 1076 772 1137 omnesque
794 1059 847 1118 has
869 1059 970 1120 turbas
1001 1107 1007 1118 .
1055 1107 1062 1120 .
1105 1098 1108 1105 -
1108 1106 1644 1123 ...........

356 1205 948 1222 ............
988 1161 1134 1240 quendam
1157 1164 1239 1240 quasi
1261 1163 1515 1241 supervenientem
1538 1166 1645 1242 pietate
1681 1201 1686 1208 ·

334 1280 474 1340 ignavem
498 1281 533 1322 ac
555 1265 666 1324 meritis
689 1265 798 1332 virum,
827 1282 927 1325 senem
952 1283 985 1323 ac
1007 1263 1183 1342 prudentem
1206 1270 1235 1324 et
1256 1265 1403 1341 primariae
1430 1265 1461 1324 in
1489 1264 1642 1342 republica

354 1364 551 1432 auctoritatis,
576 1367 642 1443 qui,
672 1373 704 1426 ut
726 1364 774 1426 ille
797 1367 850 1434 ait,
874 1373 968 1441 ‘regat
989 1365 1075 1425 dictis
1097 1366 1210 1425 animos
1232 1373 1261 1427 et
1282 1373 1402 1445 pectora
1424 1366 1574 1435 mulceat';
1598 1369 1641 1426 sic

355 1465 541 1527 intercedere
565 1468 642 1527 enim
666 1469 820 1527 commotis
843 1466 980 1527 omnibus
1002 1466 1108 1533 salem,
1137 1469 1188 1546 qni
1210 1467 1471 1537 concitatasedet,
1501 1469 1644 1547 dirempta

356 1568 437 1627 uniat
459 1587 493 1628 ac
516 1578 687 1638 cociomtat,
712 1570 849 1630 distracta
871 1570 1024 1637 revinciat,
1054 1568 1170 1636 turbata
1193 1568 1377 1649 tranquillet,
1406 1562 1543 1631 omnihus
1565 1573 1645 1648 quie·

355 1677 428 1739 tem,
453 1671 641 1732 securitatem
664 1671 800 1732 omuibus
822 1670 953 1741 inducat,
978 1671 1181 1747 astringendo,
1211 1679 1243 1731 ut
1265 1671 1340 1742 dixi,
1369 1671 1560 1741 desecando,
1584 1671 1645 1731 alli-

323 1771 473 1847 utgando,
504 1780 532 1832 et
554 1773 754 1853 depurgando.
799 1774 859 1834 lam
882 1772 993 1834 Plinius
1016 1780 1153 1851 quantam
1183 1781 1212 1833 et
1239 1791 1327 1850 quarn
1355 1775 1549 1835 necessariam
1578 1774 1701 1835 salissa

359 1877 414 1936 vim
438 1874 597 1936 arbitratus
618 1883 677 1937 est:
702 1875 780 1937 ‘Sine
803 1873 872 1936 sale'
895 1877 990 1955 inquit
1013 1876 1078 1936 ‘vita
1101 1875 1256 1936 humanior
1279 1876 1386 1954 degere
1410 1875 1527 1953 nequit’.
1564 1876 1643 1953 Ergo

358 2117 422 2178 orti,
441 2120 490 2166 snt
508 2114 540 2179 iit
559 2112 607 2165 nsit
625 2113 787 2178 tintinnire·
802 2120 833 2166 to
850 2122 899 2166 aon
916 2114 959 2165 otte
973 2114 1034 2176 sinn
1053 2112 1114 2175 [rint
1129 2111 1250 2175 nerrtttrr
1269 2109 1306 2166 nni
1318 2108 1444 2177 seritius,
1463 2115 1542 2177 uelde
1559 2123 1702 2173 rnen-§.a

355 2206 450 2262 arruns
468 2195 689 2261 ostentaticiae
707 2195 834 2261 ntitrroir
853 2193 977 2261 sitiisse
1000 2204 1048 2250 ont
1070 2200 1115 2250 nite
1136 2205 1222 2251 enuere
1242 2198 1291 2257 tite
1314 2198 1375 2261 idos
1397 2194 1433 2251 ori
1455 2197 1587 2262 unseleins
1602 2206 1645 2264 tes

358 2283 416 2347 [otu
435 2284 481 2335 nir
498 2283 538 2335 rin
557 2280 735 2346 serndntltisn
754 2295 811 2335 non
831 2283 908 2346 tritten
928 2283 977 2334 ton
995 2279 1029 2338 uri
1045 2285 1197 2345 ninertrnrn,
1221 2285 1268 2336 nir
1293 2282 1356 2345 irini
1377 2289 1462 2335 terren
1484 2281 1517 2336 ori
1540 2284 1643 2349 criniri,
1693 2343 1698 2356 ¹

324 2379 348 2417 rs
359 2364 395 2420 ori
412 2368 494 2431 [print
512 2370 568 2433 oud
585 2368 691 2433 plinius
707 2373 749 2430 ton
766 2369 803 2419 air
820 2365 922 2430 nmini
940 2379 972 2419 sn
991 2367 1048 2430 tntn
1066 2365 1103 2431 nti
1118 2373 1187 2419 renen
1211 2368 1250 2418 nir
1272 2367 1340 2418 trien
1362 2363 1462 2431 ninen,
1483 2366 1702 2432 nisibiensis.

356 2452 390 2517 tir
408 2453 432 2517 [s
448 2459 493 2506 sos
512 2453 569 2517 [otti
589 2453 658 2519 [unit
675 2452 719 2504 otis
733 2452 793 2516 tion
810 2452 926 2515 teneret,
951 2452 996 2504 oie
1020 2451 1088 2503 tonn
1112 2464 1136 2503 es
1157 2457 1206 2502 ton
1224 2452 1252 2503 in
1268 2452 1330 2515 niter
1348 2462 1447 2517 onmes
1466 2452 1567 2516 [settin
1585 2454 1645 2519 trin,

425 2655 433 2688 ¹
452 2657 476 2718 ἃ.
491 2655 515 2708 3.
535 2663 562 2706 ut
580 2661 605 2706 tn
623 2657 682 2707 edd.
695 2648 794 2721 priete'r
806 2659 830 2707 8.
849 2655 959 2706 omnibus
972 2658 1063 2720 lepitnr
1074 2652 1166 2721 [idest
1183 2661 1210 2703 ut
1227 2669 1273 2704 nos
1286 2671 1382 2720 queque
1395 2657 1507 2706 dedimus
1520 2660 1568 2706 nisi
1579 2660 1648 2723 quod

355 2743 423 2791 inter
435 2743 539 2804 turbas,
559 2748 584 2790 et
596 2742 731 2806 quendam
744 2757 841 2791 uersum
852 2758 923 2789 unum
935 2745 1051 2804 puteosne
1069 2741 1197 2790 excidisse
1206 2741 1307 2803 punctis
1323 2741 1481 2804 interpositis
1496 2743 1646 2805 sipnificuui-

354 2843 417 2890 nun,
427 2835 503 2894 atque
514 2826 698 2885 auctoritatis,
710 2827 756 2891 qai
766 2829 826 2888 (non
838 2842 891 2876 eum
902 2827 961 2876 edd.
973 2824 1153 2875 auctoritatis.
1174 2823 1238 2886 Qui)
1250 2828 1403 2887 scripsimus,
1413 2827 1506 2875 deinde
1515 2824 1645 2891 mulceat,

356 2913 398 2962 sie
416 2912 636 2963 intercedentem
655 2928 749 2961 comm.
768 2914 794 2961 in
812 2910 945 2961 mulceat:
965 2912 1006 2959 sic
1024 2908 1174 2959 interced'e
1187 2905 1229 2958 en's
1247 2905 1430 2973 [intercedere
1444 2906 1529 2976 enim]
1550 2927 1645 2962 comm.

355 2994 514 3062 macheras]
532 2999 604 3046 rrirrrrs
621 2997 767 3045 inconcinne
785 2999 917 3060 conposita
935 3002 974 3044 est
992 3011 1063 3060 quum
1086 3001 1113 3043 ut
1131 2995 1267 3044 Hnttenurn
1288 2996 1326 3042 sic
1348 2995 1391 3043 edi
1411 2997 1517 3045 celuim
1533 3003 1647 3060 perenne
1677 2987 1680 2995 ’

357 3079 406 3140 (cf.
420 3080 474 3130 vol.
488 3082 510 3130 1.
525 3098 550 3146 p.
564 3080 643 3141 tan).
678 3081 835 3155 mendurn'ut
849 3081 923 3143 potui
939 3082 1041 3140 sustuli,
1066 3095 1115 3129 non
1138 3081 1211 3144 qussi
1232 3081 1289 3142 ipsu
1306 3079 1416 3127 Hutteni
1435 3079 1512 3129 cerda
1530 3085 1647 3130 restitue·

355 3167 417 3224 rirn,
435 3165 482 3214 hoc
499 3169 587 3215 niodo:
607 3165 694 3227 Quam
708 3191 738 3200 —
752 3191 785 3200 -
800 3191 825 3199 -
843 3165 937 3214 turbas
955 3167 1009 3213 sale
1026 3167 1115 3214 sederi
1128 3180 1205 3229 posse
1224 3181 1273 3215 non
1286 3166 1346 3214 nulli
1362 3167 1445 3224 siunt,
1466 3181 1513 3229 quo
1531 3152 1644 3216 adhibito

355 3251 461 3298 silerent
479 3266 509 3299 ne
526 3255 550 3300 st
567 3251 760 3315 conspexissent
779 3250 913 3314 quendam
933 3250 1055 3313 quasi-
1069 3275 1102 3283 —
1115 3277 1146 3285 —
1159 3250 1251 3314 qui-
1262 3276 1294 3284 -
1308 3249 1441 3298 mulceat:
1465 3248 1506 3298 sic
1525 3249 1644 3300 interce-

356 3334 421 3385 dere
441 3337 512 3385 snim
534 3332 695 3400 [interced'e
715 3332 766 3400 eni]
786 3350 881 3385 comm.
900 3340 924 3384 et
938 3352 959 3383 e.
980 3334 1013 3383 In
1031 3336 1055 3384 8.
1074 3336 1112 3383 sie
1128 3340 1182 3383 est:
1205 3334 1299 3383 turbas
1318 3333 1432 3397 quodam
1451 3333 1529 3397 quasi
1552 3349 1645 3399 super·

354 3421 484 3469 veniente
502 3421 606 3486 pietate
625 3422 704 3486 gravi
721 3435 754 3469 sc
772 3419 876 3471 meritis
894 3420 952 3468 viro
971 3434 1034 3467 sone
1053 3433 1087 3467 ac
1105 3417 1237 3483 prudente
1256 3424 1283 3468 et
1300 3419 1438 3484 primariae
1458 3420 1486 3467 in
1504 3418 1646 3484 republica

357 3504 551 3567 authoritatis,
576 3509 632 3555 tottt
647 3507 768 3569 eontinpit
786 3506 842 3553 dum
860 3509 940 3569 regat
1005 3504 1046 3553 sic
1064 3503 1282 3553 intercedentem
1301 3503 1442 3553 courmotis
1461 3510 1509 3552 ete.
1545 3505 1645 3567 Aper-te

356 3606 392 3639 ece
415 3591 528 3654 Verpitio
548 3586 629 3654 (hen.
643 3592 666 3641 l.
681 3589 736 3640 148.
751 3588 823 3654 sqq.)
842 3589 1038 3652 evaporationes
1056 3589 1215 3652 mpritudinis
1232 3588 1350 3651 corporis
1367 3604 1398 3636 nc
1420 3586 1579 3651 reipublice,
1602 3604 1644 3636 sn-

357 3677 390 3724 ite
407 3691 440 3724 nc
455 3677 497 3757 pii
512 3679 664 3726 consultoris
680 3677 785 3740 sumpsit
803 3675 938 3731 lluttenus,
958 3690 988 3722 ne
1005 3675 1028 3722 si
1047 3670 1189 3723 ‘dercimnn’
1207 3672 1343 3729 scriberet,
1363 3689 1418 3721 narn
1435 3674 1473 3721 illi
1488 3680 1561 3721 sunt:
1660 3730 1664 3740 ¹

560 3761 600 3810 Ac
618 3759 706 3810 veluti
724 3773 824 3824 magno
843 3760 871 3807 in
889 3757 988 3824 populo
1008 3774 1067 3807 cum
1087 3774 1161 3824 saepe
1180 3757 1322 3809 cohortast

559 3846 672 3907 Seditio,
690 3847 811 3909 saeuitque
829 3845 916 3893 animis
934 3843 1040 3906 ipnobite
1057 3846 1157 3906 colpus·

560 3931 671 3995 lamque
690 3929 768 3979 faces
787 3934 814 3977 et
828 3913 900 3977 ‘saxa
917 3927 1025 3988 volant,
1046 3927 1121 3976 furor
1140 3942 1216 3976 arma
1234 3927 1383 3977 ministrat:

558 4015 628 4064 Tum
643 4019 740 4079 pietate
757 4029 857 4078 pressero
875 4029 906 4063 oe
923 4014 1018 4063 remitis
1035 4012 1059 4062 si
1078 4012 1147 4062 forte
1165 4014 1243 4062 virum
1261 4028 1339 4076 quem

558 4099 749 4165 Conspexere,
769 4098 853 4148 silent
871 4098 1041 4162 arrectisque
1060 4095 1172 4146 auribus
1192 4095 1318 4157 adstant;

559 4184 609 4234 Ille
628 4186 695 4249 repit
713 4186 788 4233 dictis
806 4185 901 4233 mimos
918 4189 944 4232 et
960 4188 1067 4247 pectora
1085 4185 1185 4231 mulcet:

475 4272 477 4276 ’
560 4267 604 4318 Sic
622 4274 737 4318 cunctus
755 4267 849 4333 pelagi
868 4267 970 4317 cecidit
988 4267 1083 4331 fragor
1100 4272 1125 4315 et
1137 4283 1159 4315 e.

357 4354 414 4404 Non
432 4355 488 4402 sine
506 4356 613 4419 quadem
631 4359 688 4403 crte
706 4352 848 4401 Mur-neruo
865 4356 943 4401 locun
961 4369 977 4400 c
994 4369 1021 4401 se
1040 4367 1088 4399 non
1107 4354 1255 4400 intellectum
1274 4352 1332 4399 inde
1354 4367 1370 4398 u
1392 4349 1475 4399 verbis
1497 4349 1569 4400 haud
1593 4349 1645 4400 ali·

356 4443 401 4488 ter
418 4440 445 4486 tn
463 4437 561 4487 brevius
585 4443 724 4488 centenno.
769 4436 884 4486 Tinnius
901 4439 953 4484 ric:
976 4434 1058 4497 uelde
1076 4429 1356 4503 utibeuuotntetnng
1380 4433 1431 4486 unt
1450 4432 1644 4504 bridittrtunq

359 4523 400 4576 ber
419 4520 524 4576 &litter
543 4521 584 4574 ber
597 4520 721 4586 uenuste
740 4520 787 4573 mit
806 4519 871 4579 oden
890 4520 985 4572 onitin
1004 4519 1148 4588 urrruhiqrn
1161 4518 1350 4588 benegunqen,
1370 4515 1465 4579 isbonn
1484 4519 1554 4582 turo
1573 4519 1643 4573 eines

356 4601 611 4676 Oottehfiiudtiqtn
676 4604 793 4659 mannes
812 4603 898 4657 urben
922 4602 1057 4658 reinberum
1080 4602 1179 4673 gillibet
1201 4604 1312 4665 nrtbtn,
1337 4601 1419 4656 intem
1438 4600 1514 4664 tielrr
1532 4603 1569 4656 tie
1589 4602 1644 4665 sulz

355 4686 459 4761 rittiga
469 4685 607 4753 (demittier
620 4690 723 4752 batuto
737 4703 793 4756 qum
803 4686 939 4753 &tithoni
953 4686 1051 4758 brinqet
1064 4689 1115 4742 unt
1128 4687 1182 4750 ihre
1191 4688 1290 4754 pernen
1302 4682 1471 4756 beliniitiqet:
1484 4685 1544 4749 title
1557 4687 1644 4757 brings

355 4776 414 4841 nudi
438 4777 487 4830 tot
505 4774 591 4840 fficio,
615 4786 689 4830 nean
713 4774 759 4828 altr
783 4772 869 4838 idriis
893 4774 936 4827 bet
959 4772 1043 4827 inibat
1065 4772 1094 4826 iu
1116 4772 1234 4836 unrube,
1259 4773 1304 4825 ben
1327 4768 1464 4833 &titillent
1487 4770 1561 4824 botin
1586 4771 1644 4825 nie:

355 4861 431 4916 trum
450 4874 479 4927 nu
497 4872 562 4930 nege
580 4867 605 4910 er
616 4877 639 4911 e.

424 4945 435 4978 ⁶
453 4945 632 4995 authoritatis
650 4948 706 4994 Μ.
758 4944 768 4975 ⁷
787 4945 811 4993 si
830 4941 1044 4992 intercedentem
1064 4945 1091 4991 3.
1137 4939 1159 4973 ¹⁰
1175 4940 1257 5007 Ptin]
1277 4942 1311 4991 H.
1324 4941 1356 4991 Ν.
1370 4941 1469 4990 XXXI.
1483 4941 1507 4989 7.
1521 4945 1588 4989 sect.
1602 4941 1645 4990 n.

355 5031 452 5095 „Ergo
471 5029 582 5079 hercule
601 5031 659 5080 vita
677 5028 821 5078 humanior
838 5028 897 5077 siue
916 5026 975 5077 sale
992 5041 1047 5077 non
1065 5027 1124 5092 quit
1142 5027 1269 5092 degere''.

416 5116 549 5167 Hssrsnr
563 5113 631 5165 One.
645 5130 708 5164 voc.
723 5114 754 5163 V.
793 5156 801 5182 ,
1384 5111 1424 5173 29
