4300 6059
549 711 684 747 tttcmnr
698 710 871 747 llss'fflolallll
885 712 920 746 DE
935 711 1082 747 convisunt!
1094 710 1270 747 tvuvs'rnttst
1282 709 1460 745 nsscntrrro.
1473 710 1499 746 Δ.
1512 703 1571 746 1513.
1629 679 1703 751 269

417 886 519 944 genus.
546 879 577 926 ut
600 869 658 926 sine
680 869 786 926 Caesare
808 868 940 926 electores
969 866 1040 943 (nim
1067 885 1128 925 cum
1157 868 1190 924 iis
1217 866 1291 925 nulla
1313 876 1355 924 est
1377 869 1487 925 sedendi
1509 869 1706 942 controversia)

417 955 447 1013 in
468 962 565 1011 senatu
586 971 647 1010 cum
667 954 777 1011 caeteris
799 954 966 1029 principibus
988 954 1176 1014 convenirent.
1198 953 1251 1008 ulii
1274 962 1338 1027 post
1359 953 1508 1009 electorum
1529 953 1618 1011 locum
1640 971 1705 1011 con·

417 1039 509 1096 lertim
531 1039 625 1096 caeteri
647 1039 782 1095 sederent.
825 1039 871 1094 llic
893 1055 963 1094 nona
987 1039 1103 1111 Augusti
1125 1039 1266 1094 lonchinus
1289 1039 1396 1112 imperii
1417 1038 1534 1100 elector,
1556 1038 1772 1094 flammaticus.

417 1123 567 1198 legontini
588 1125 688 1191 frater,
711 1123 806 1179 urbem
829 1124 968 1196 ingressus
990 1133 1041 1179 est.
1079 1124 1208 1196 Sequenti
1229 1123 1273 1178 die
1294 1123 1432 1198 principes
1451 1125 1478 1179 iu
1494 1132 1589 1180 senatu
1603 1124 1703 1186 coiere,

391 1208 564 1266 “inacessis
586 1217 675 1266 autern
696 1208 770 1265 domi
792 1217 820 1264 et
842 1217 904 1265 ante
925 1209 1067 1283 prandium
1094 1218 1123 1264 et
1144 1216 1208 1281 post
1228 1224 1290 1264 cum
1311 1208 1465 1283 principum
1485 1207 1650 1265 consiliariis
1671 1209 1705 1265 dc

416 1293 500 1364 rebus
527 1295 634 1368 magnis
655 1294 721 1367 egit.
764 1293 829 1349 Dum
852 1293 909 1352 haec
930 1294 958 1349 in
981 1293 1122 1349 Germania
1144 1292 1291 1355 habentur,
1313 1292 1401 1349 literae
1423 1292 1511 1350 allatae
1525 1303 1589 1349 suut
1605 1293 1771 1367 quibustm.

416 1378 621 1452 significabatur
643 1378 809 1434 Thuscarum
831 1378 1030 1452 imperatorem·
1039 1376 1301 1452 Constantinopolim
1324 1382 1388 1452 rie-1
1409 1371 1705 1459 {lgpgffl'felssfflffiss

416 1462 516 1521 diisse-
546 1463 616 1519 lama
637 1462 671 1519 de
693 1463 782 1518 reditu
805 1462 857 1517 luit
879 1462 991 1537 duplex,
1020 1462 1065 1518 alii
1094 1462 1219 1519 dicebaut
1246 1462 1339 1518 initam
1368 1480 1460 1537 pacem
1481 1479 1541 1520 cum
1562 1463 1705 1519 Persarum

416 1547 507 1622 llege,
531 1549 631 1605 idcirco
653 1547 782 1610 rediisse;
810 1547 856 1603 alii
883 1556 1002 1620 stragem
1030 1564 1190 1622 perpessum
1218 1548 1284 1620 luga
1310 1546 1361 1603 sibi
1389 1540 1509 1603 salutem·
1524 1556 1705 1622 comparasse.

387 1633 469 1691 used
490 1642 618 1690 ncuuum
639 1633 788 1706 contigisse
810 1640 905 1705 postea
926 1642 1094 1707 compertum
1116 1642 1171 1688 est:
1193 1650 1253 1688 nam
1268 1650 1329 1689 cum
1346 1633 1467 1688 Thurcus
1483 1632 1555 1688 ultra
1568 1632 1705 1689 Eufratem

418 1718 585 1782 truecisset.
606 1718 762 1791 certiorque
784 1718 872 1774 lactus
885 1718 1028 1774 Persarum
1043 1718 1144 1790 liegem
1166 1714 1393 1781 omnia'iucendio
1407 1718 1575 1780 devastasse,
1597 1718 1703 1779 timens,

417 1820 452 1859 nc
473 1820 565 1859 rerum
587 1802 679 1877 inopia
701 1789 853 1864 laboraret,
883 1811 957 1858 retro
979 1804 1076 1865 cessit,
1106 1803 1291 1877 impositoque
1313 1803 1398 1876 Syrie
1421 1801 1586 1861 validissimo
1608 1803 1704 1876 presi·

417 1887 464 1944 dio
492 1888 524 1944 ad
553 1896 674 1943 nostram
704 1887 850 1960 perniciem
878 1887 1034 1962 Byzantium
1063 1905 1187 1943 reversus
1214 1896 1264 1944 est.
1308 1887 1458 1944 loaelrimus
1488 1895 1578 1944 autern
1601 1886 1704 1944 elector
1713 1887 1771 1940 Μ.
1810 1895 1811 1898 ’

418 1972 552 2048 postridie
575 1989 655 2045 quam
677 1975 826 2047 Augustam
850 1972 990 2045 ingressus
1012 1982 1084 2034 erat,
1113 1972 1229 2045 Legatos
1251 1972 1382 2036 visitarit,
1411 1972 1458 2027 sed
1487 1972 1557 2046 apud
1579 1971 1702 2035 alterum,
1756 2001 1758 2005 .

386 2065 518 2114 ranostro
540 2056 611 2113 enim
633 2055 803 2112 familiariter
823 2057 964 2119 utebatur,
993 2058 1099 2113 erudita
1128 2057 1217 2113 habita
1240 2058 1378 2120 oratione,
1402 2065 1539 2132 utrunque
1561 2057 1594 2112 ad
1622 2070 1702 2130 pran-

417 2128 493 2198 dium
515 2142 645 2199 inritavit.
681 2141 834 2214 Conuiuium
863 2142 915 2197 luit
943 2141 1040 2199 saliare
1067 2150 1095 2197 et
1121 2158 1283 2214 magnorum
1310 2142 1431 2198 virorum
1453 2140 1597 2216 praesentis
1618 2142 1704 2221 reler-

418 2234 492 2283 turu:
515 2244 577 2283 nam
599 2233 698 2300 preter
719 2225 824 2300 legatos
845 2228 923 2283 attuit
944 2228 1024 2284 ctiam
1048 2228 1129 2300 llegis
1150 2227 1267 2284 l'ranciae
1282 2221 1384 2298 'orator
1404 2235 1432 2283 et
1453 2226 1577 2301 plerique
1593 2226 1638 2282 alii
1652 2227 1700 2282 siri

418 2310 551 2368 illustres.
593 2311 654 2366 Non
674 2309 761 2367 multo
783 2321 847 2384 post
868 2313 897 2367 iu
918 2311 979 2367 aula
995 2313 1107 2369 laesuris
1128 2312 1282 2367 futurarum
1303 2312 1458 2384 nuptiarum
1473 2310 1636 2368 consultatio
1657 2310 1772 2376 baal-²⁸·

418 2395 491 2453 bita:
513 2413 574 2452 uam
589 2395 726 2470 Casymiro
742 2391 889 2452 llarclrioui
904 2397 1003 2473 lineum
1019 2396 1133 2466 bavariae
1155 2413 1236 2452 soror
1249 2397 1412 2470 desponsata
1428 2398 1524 2453 luerat.
1547 2397 1593 2452 llie
1608 2395 1702 2451 svnt

382 2481 537 2553 ”Augusti
554 2480 763 2554 -drcbiepisoopi
785 2480 954 2537 coloniensis
976 2481 1108 2537 adrentus
1135 2482 1200 2542 luit.
1221 2481 1274 2553 qui
1302 2498 1427 2555 pompam
1454 2490 1485 2538 ut
1511 2483 1604 2537 caeteri
1632 2480 1703 2537 haud

416 2564 600 2624 multifaciens
622 2565 665 2620 vix
686 2563 860 2621 illucescente
881 2567 925 2622 die
946 2567 1082 2622 civitatem
1103 2565 1244 2638 ingressus
1269 2571 1321 2621 est.
1364 2565 1397 2620 Et
1419 2567 1545 2639 quoniam
1567 2565 1652 2622 altera
1673 2571 1771 2622 etsta

415 2652 451 2708 de
475 2651 545 2706 rotis
567 2651 595 2706 in
617 2657 714 2706 senatu
735 2651 909 2723 exquirendis
920 2660 985 2707 aute
1000 2651 1170 2707 Coloniensis
1185 2650 1326 2706 adveutum
1347 2648 1385 2705 al·
1402 2643 1409 2709 l
1430 2644 1721 2731 ξζῗζᾙὲἲῇξξξξῑξζῇῗζ·

419 2736 535 2793 temtio
558 2737 630 2793 inter
650 2735 816 2791 cardinalem
839 2735 1025 2809 blaguntinum
1047 2743 1075 2792 et
1096 2735 1193 2791 llucem
1215 2735 1337 2790 Saxoniae
1359 2744 1419 2791 orta
1447 2743 1521 2799 erat,
1549 2733 1652 2809 placuit
1673 2739 1705 2792 ut

416 2820 529 2877 interim
552 2820 705 2894 principum
727 2820 876 2877 consiliarii
898 2822 931 2877 ad
953 2837 997 2876 res
1021 2821 1172 2890 tractandas
1193 2813 1381 2883 convenirent,
1405 2820 1450 2876 ubi
1473 2828 1537 2876 tunc
1559 2818 1611 2876 soli
1626 2819 1704 2877 bacis
1736 2891 1740 2900 ι

383 2902 544 2963 ”saxoniae
567 2903 724 2962 corrsiliario
745 2913 861 2961 caeteros
883 2905 1023 2980 postulare
1046 2915 1107 2961 vota
1128 2904 1237 2967 liceret;
1260 2905 1282 2960 si
1306 2914 1395 2960 autem
1417 2906 1563 2960 necessitas
1584 2907 1703 2978 cogeret,

418 2998 451 3047 nt
472 2991 611 3064 principes
634 2991 766 3045 iuteresse
789 2998 943 3065 oporteret,
966 2989 1114 3047 Cardinalis
1128 2990 1301 3062 llaguntinus
1325 2997 1384 3044 rota
1407 2991 1559 3064 principum
1581 2989 1705 3064 exquire·

417 3082 477 3137 ret,
500 3073 625 3148 illudque
644 3074 782 3149 tantisper
803 3075 1008 3140 observaretur,
1030 3076 1117 3132 donec'
1132 3074 1301 3130 Coloniensis
1324 3074 1490 3136 adventaret,
1513 3074 1559 3148 qui
1575 3091 1628 3131 uua
1642 3091 1703 3131 cum

416 3161 528 3222 cauus
543 3158 711 3234 principibus
726 3159 871 3222 iudicaret,
888 3161 948 3217 utri»
957 3160 1115 3234 exquirendi
1132 3168 1192 3216 vota
1208 3159 1349 3232 provincia,
1359 3158 1507 3232 deleganda
1521 3168 1602 3215 esset.
1637 3159 1772 3219 llum-§.to

416 3242 477 3302 bac
499 3245 638 3319 principes
659 3244 748 3299 nostri
771 3252 900 3308 tractant,
923 3246 995 3302 venit
1015 3246 1049 3307 ad
1071 3262 1114 3300 me
1138 3244 1248 3306 Eubius,
1270 3244 1312 3299 vir
1333 3261 1399 3300 saue
1413 3245 1524 3300 doctus:
1548 3253 1611 3318 post
1626 3243 1706 3300 rerba

386 3330 550 3403 auumque
572 3329 664 3386 habita
686 3328 806 3385 libellum
829 3330 961 3392 ostendit,
984 3329 1012 3386 in
1035 3348 1090 3405 quo
1113 3330 1218 3386 obiecta
1239 3330 1362 3408 quadam
1384 3329 1435 3384 sibi
1457 3329 1524 3384 satis
1545 3329 1651 3386 erudite
1665 3329 1705 3386 di·

419 3413 528 3477 lncbat,
558 3424 586 3471 et
614 3422 744 3489 quantum
770 3416 848 3487 potui
876 3415 1033 3472 coniectura
1055 3416 1180 3488 assequi,
1208 3414 1345 3470 cuiusdam
1369 3414 1462 3469 fratris
1484 3414 1598 3471 Lutther
1619 3422 1705 3471 secta-

419 3506 509 3561 tores.
533 3499 595 3573 qui,
624 3517 684 3555 curn
708 3499 805 3555 Eclrius
828 3499 1035 3556 ecclesiasticam
1057 3501 1217 3572 dignitatem
1244 3516 1275 3554 ac
1304 3501 1441 3555 veritatem
1471 3499 1589 3555 fortasse
1619 3499 1704 3573 ipsam

419 3583 593 3649 detenderet,
621 3584 648 3639 iu
670 3600 730 3639 euin
753 3583 862 3656 gravius
885 3601 964 3656 quam
986 3593 1017 3640 ut
1039 3583 1194 3657 Theologos
1216 3583 1338 3646 deceret,
1367 3584 1465 3641 invecti
1489 3586 1603 3641 lucrant.
1646 3583 1705 3657 Ego
1714 3593 1772 3644 tar.

418 3685 479 3726 cum
502 3669 560 3727 haec
582 3676 610 3725 ct
631 3667 729 3724 similia
744 3668 801 3731 lere
815 3670 905 3724 auimo
921 3678 1031 3742 repeto,
1054 3668 1155 3725 stultos
1171 3667 1248 3729 illos,
1271 3670 1353 3724 immo
1369 3678 1376 3751 Ι
1391 3662 1704 3751 wgmfffflss

391 3752 603 3811 adultissimos
626 3770 686 3816 csse
708 3753 812 3815 iudico.
841 3769 957 3826 quorum
979 3771 1063 3827 opera
1085 3772 1116 3809 ac
1137 3754 1256 3810 studium
1276 3753 1372 3809 solum
1399 3755 1489 3810 iniis
1511 3771 1571 3827 quas
1593 3754 1646 3810 sibi
1667 3753 1706 3810 nil

421 3847 522 3913 preter
543 3838 738 3895 detrimentum
759 3856 790 3894 ac
812 3838 940 3895 iacturam
962 3855 1059 3913 parere
1081 3841 1188 3912 possint
1211 3839 1404 3902 versantur,‘a
1426 3839 1524 3913 quibus
1547 3846 1623 3895 tauto
1644 3855 1707 3895 cau-

422 3923 476 3981 tius
496 3923 636 3981 abstinere
658 3923 802 3985 debemus,
818 3933 936 4002 'quanto
957 3923 1193 3996 frequentioribus
1216 3922 1345 3997 exemplis
1367 3924 1464 3979 instrui
1487 3940 1647 3998 possumus.
1671 3939 1706 3978 uc

421 4018 517 4066 conus
539 4009 670 4083 parietem
692 4015 775 4082 caput
797 4005 945 4070 illidamus,
968 4026 1029 4065 cum
1052 4009 1106 4064 hiis
1128 4008 1297 4082 temporibus
1311 4007 1374 4081 plus
1389 4008 1444 4064 odii
1460 4026 1489 4066 ac
1505 4007 1705 4082 inridiaequam

422 4091 615 4150 benemlentiae
637 4111 668 4148 ac
688 4092 792 4166 praemii
814 4091 917 4148 literati
938 4102 1147 4166 consequantur.
1191 4093 1335 4149 cavendum
1357 4110 1372 4148 a
1393 4107 1457 4149 vero
1479 4102 1535 4155 est,
1558 4109 1592 4149 ne
1614 4110 1706 4149 verum

395 4177 512 4252 scipsum
535 4195 586 4252 pro
616 4175 684 4233 laiso
712 4178 871 4251 recipiatur:
900 4195 994 4252 sapere
1016 4179 1087 4233 euim
1109 4195 1170 4234 cum
1192 4179 1254 4234 vitm
1282 4178 1395 4233 interitu
1422 4178 1486 4234 mihi
1516 4176 1714 4234 stultissimum

423 4262 536 4320 edetur,
573 4263 595 4318 si
619 4262 671 4318 deo
693 4271 786 4336 gratus
809 4280 869 4319 esse
891 4264 944 4326 vis,
968 4264 1026 4319 siue
1049 4263 1177 4319 mundum
1198 4279 1246 4319 sua
1269 4262 1328 4336 regi
1348 4263 1501 4337 prudentia.
1536 4264 1620 4337 Atqui
1633 4262 1708 4320 dices

424 4347 539 4406 loclesse
562 4356 599 4404 ‘et
620 4364 671 4403 nos
693 4363 800 4403 murum
821 4347 916 4404 serulae
938 4347 1131 4404 subduairnus'.
1168 4356 1195 4403 at
1216 4354 1363 4421 propterea
1384 4349 1454 4409 scire
1476 4355 1552 4404 tuum
1573 4346 1641 4404 nihil
1656 4354 1707 4409 est,

425 4432 475 4489 nbi
503 4440 530 4490 te
552 4433 623 4489 scire
645 4432 698 4489 hoc
720 4432 788 4490 sciat
809 4431 887 4499 alter.
924 4433 1079 4489 memineris
1101 4432 1260 4507 sapientiam
1280 4431 1362 4489 huius
1377 4431 1469 4490 soeculi
1484 4430 1632 4488 stulticiam
1646 4448 1707 4511 esse

487 4695 501 4731 ⁸
516 4699 676 4752 locabimus
689 4701 716 4752 3.
751 4697 772 4732 ¹⁵
789 4697 891 4766 nmtro]
911 4701 1041 4752 dorcensi.
1082 4699 1104 4734 ¹⁸
1121 4698 1233 4767 saliua]
1252 4701 1289 4750 ci.
1302 4700 1368 4752 Hor.
1382 4700 1426 4752 od.
1439 4701 1461 4754 1.
1473 4699 1542 4762 illst.
1555 4716 1615 4766 sqq.
1628 4716 1654 4752 c.
1666 4700 1708 4751 in·

424 4788 510 4852 lcrpp.
552 4782 573 4817 ¹¹
590 4788 687 4848 temtus
699 4787 725 4835 2.
771 4784 794 4818 ²⁰
811 4785 972 4835 Herm
988 4787 1143 4836 Wiedessr's.
1159 4791 1192 4835 nt
1209 4782 1281 4851 caet]
1299 4788 1375 4836 aliter
1391 4793 1467 4853 atque
1483 4789 1572 4837 ceteri.
1606 4784 1629 4820 ¹¹
1646 4785 1709 4837 itta·
1744 4837 1746 4841 .

425 4875 520 4921 uento
536 4870 597 4922 edd.
636 4866 659 4902 ¹⁸
670 4868 773 4931 Echio,
792 4871 859 4921 inter
871 4870 979 4920 hucbert
994 4872 1079 4921 borres
1093 4872 1280 4934 fucosissimas,
1297 4888 1348 4922 non
1362 4871 1520 4922 limirensis
1529 4874 1571 4922 ide
1583 4870 1710 4945 archiepi-

423 4957 494 5021 κομί
508 4954 605 5007 saon.
640 4952 714 5015 §.bb
732 4955 817 5004 Mum
832 4957 959 5005 teneatis?
1004 4953 1026 4987 ³⁸
1042 4956 1229 5019 patientem..
1259 4955 1303 5006 lais
1321 4959 1347 5006 3.
1386 4954 1408 4987 ⁸⁸
1425 4956 1524 5021 premii
1535 4959 1593 5007 Μ.
1641 4953 1664 4988 ⁰
1681 4959 1711 5006 ct

423 5035 483 5108 tu]
503 5037 749 5092 luren.sat.1.lb.
784 5035 889 5104 “sspJ
903 5039 1015 5090 Paulil.
1030 5054 1072 5105 cp.
1087 5033 1310 5090 adeuntium.
1351 5039 1520 5105 [tultirimt.
1539 5040 1663 5093 stultiam
1682 5045 1710 5093 3.
