4300 6059
484 706 587 743 nom
601 709 627 743 ¹.
642 708 750 744 coartet
765 709 916 744 LVTHEBVM
930 710 1020 746 nuttt
1033 711 1095 746 DAT.
1106 706 1203 748 tamve.
1218 713 1243 746 Α.
1253 706 1311 746 tttb.
1325 713 1350 747 0·
1363 712 1488 748 BVTTBUI
1502 712 1594 748 ΙΟΤΙΒ.
1631 682 1700 755 321

413 879 473 938 que
493 871 604 942 status,
624 865 742 938 aradus
761 868 806 924 ael
826 866 1001 924 cortditlonis
1017 869 1162 941 existant,
1183 876 1212 927 et
1232 885 1409 943 quacunque
1429 872 1640 948 ecclesiastica,
1662 875 1708 931 aet

413 966 572 1025 mundana
585 966 793 1042 praefulgeant
809 969 967 1045 dignitate,
988 971 1078 1028 ctiam
1095 975 1225 1031 'saratoe
1239 971 1385 1031 Romonoe
1404 975 1537 1031 ecclesia
1554 971 1707 1032 Cardine-

414 1067 506 1140 libus,
536 1069 738 1148 Patriarcbis,
767 1069 960 1142 Primatibus,
990 1072 1240 1149 Arclu‘episcopis,
1267 1075 1423 1152 Episcopis
1447 1075 1706 1150 patriarchalium,

415 1173 711 1246 metropolitanorum
730 1179 759 1230 et
779 1164 909 1231 aliarum
935 1174 1170 1249 cathedralium,
1198 1180 1437 1255 coltepialarum,
1464 1193 1503 1235 ac
1530 1175 1707 1249 inferiorum

394 1276 611 1334 aecclesiarum
633 1274 792 1347 Proelatis,
815 1278 940 1348 clericis,
958 1279 1083 1351 aliisque
1100 1282 1240 1354 personis
1257 1281 1476 1350 ecclesiasticis,
1502 1279 1708 1351 sanctoribus,

415 1383 447 1435 et
459 1371 648 1449 'mammam
662 1377 814 1449 ordinum,
836 1379 924 1436 etiam
939 1379 1182 1452 mendicantium,
1199 1382 1413 1455 Bepaloribus,
1431 1380 1596 1451 abbatibus,
1619 1381 1709 1440 Prio-

414 1479 517 1545 ribus,
542 1481 588 1537 aet
606 1479 752 1538 Ministris
770 1470 975 1558 peneratibas,
999 1485 1045 1540 ael
1058 1484 1297 1557 particularibus¹
1316 1482 1482 1555 fratribus,
1509 1500 1560 1541 seu
1582 1485 1708 1557 religio-

416 1582 472 1652 sis,
495 1583 653 1657 exemptis,
674 1590 702 1640 et
723 1598 780 1640 non
802 1587 959 1658 exemptis,
981 1586 1146 1644 studiorum
1164 1603 1278 1660 quoque
1298 1585 1555 1658 Uniaersitatibus,
1579 1589 1709 1646 secrcta-

417 1684 504 1744 ribas
530 1693 560 1744 et
585 1687 753 1759 quorumms
775 1686 928 1764 ordinum,
957 1690 1046 1751 etitem
1075 1689 1305 1747 mendicantium
1333 1687 1542 1761 Repularibus
1581 1692 1709 1746 “necnon
1805 1753 1810 1762 ι

385 1785 566 1860 tollepibus,
588 1786 784 1862 Imperatoris
795 1788 986 1860 Electoribas‚
1010 1791 1208 1867 Principibus,
1230 1790 1369 1863 [lumbus
1392 1788 1627 1857 Marcbionibus‚
1653 1790 1710 1848 Co-

418 1891 547 1962 mitibus,
563 1889 748 1963 Beronibus,
764 1891 950 1968 Capitonem,
969 1892 1212 1966 Conductoribns,
1234 1894 1413 1966 Dotaicellis,
1430 1892 1619 1967 omnibusque
1630 1891 1710 1965 Offi-

416 1993 560 2067 cialibns‚
583 1992 749 2068 Iadicibus,
780 1993 910 2053 lt’otariis
930 1997 1135 2054 ecclesiasticis
1155 2003 1184 2054 ct
1204 1995 1413 2068 sacularibus,
1444 1994 1710 2071 Communitatibus,

420 2092 680 2163 Universitatibus,
699 2095 911 2163 Potentatibus,
935 2097 1117 2169 Civitatibus,
1140 2100 1264 2174 castris,
1287 2100 1376 2157 terris
1392 2103 1423 2156 et
1437 2098 1521 2168 locis,
1541 2114 1593 2156 seu
1609 2113 1710 2156 eorum

415 2201 463 2258 aet
476 2213 582 2256 eorum
597 2198 723 2270 ciuibus,
745 2199 959 2258 ltttlritotoribus
973 2207 1001 2257 ct
1015 2201 1130 2271 incolis,
1154 2216 1191 2259 ac
1206 2201 1353 2274 ortibusais
1366 2201 1436 2258 otiis
1449 2202 1594 2275 personis,
1611 2202 1710 2259 eccle-

382 2303 559 2372 usiasticis‚
595 2303 641 2360 ael
659 2301 849 2374 reputaribus
877 2303 921 2376 (ut
939 2301 1118 2379 prefertur)
1148 2320 1205 2376 per
1223 2304 1392 2362 uttioersam
1414 2302 1513 2361 orbem
1535 2302 1708 2376 ubicunque,

413 2406 601 2478 'masmim
624 2406 655 2462 in
679 2404 835 2463 Alemania
860 2405 1065 2475 existentibus,
1088 2407 1134 2462 ael
1150 2420 1210 2479 pro
1231 2414 1360 2479 tempore
1379 2404 1509 2476 staturis,
1533 2421 1571 2462 ne
1583 2404 1709 2480 praesa-

415 2513 460 2565 tos
481 2523 614 2579 errores,
643 2514 697 2565 aut
720 2521 821 2566 eorum
844 2511 959 2583 aliquos
978 2522 1209 2596 perversamque
1231 2507 1397 2566 doctrinam
1419 2507 1589 2566 buiusmodi
1605 2502 1711 2566 basse-

413 2625 499 2683 rere,
523 2609 698 2683 affirmare,
719 2609 899 2682 defendere,
920 2611 1110 2685 praedicare,
1133 2618 1187 2669 aut
1205 2611 1252 2668 illi
1270 2609 1499 2684 quomodolibet,
1525 2609 1644 2683 publice
1666 2612 1713 2668 ael

416 2861 501 2915 tuum
517 2854 646 2932 rugitum
662 2872 750 2915 aures
765 2852 853 2913 sunt?
868 2862 897 2913 et
913 2869 966 2912 vox
982 2850 1118 2929 pastoris,
1141 2847 1192 2909 ubi
1209 2847 1259 2908 ubi
1275 2846 1384 2913 illusit,
1407 2847 1458 2925 qui
1474 2863 1576 2907 amore
1591 2845 1707 2915 Christi,

383 2969 479 3019 ”uon
514 2959 648 3038 pecuniae
679 2956 776 3019 studio
810 2962 926 3033 pascat,
960 2960 1069 3014 attente
1103 2951 1246 3013 audienda
1279 2957 1308 3010 et
1334 2948 1522 3030 pertinaciter
1550 2949 1708 3028 sequenda.

416 3060 528 3122 'Parce
550 3067 594 3121 tot
616 3060 821 3139 voluptuariis,
844 3065 887 3117 tot
908 3056 1035 3116 strenuis
1058 3053 1284 3120 commonibus,
1315 3058 1357 3111 tot
1379 3050 1492 3110 inuictis
1514 3051 1708 3128 potatoribus,

416 3171 462 3226 tot
483 3163 606 3225 eruditis
628 3160 821 3228 aleatoribus,
844 3166 888 3220 tot
903 3156 1085 3237 elegantibus
1100 3152 1327 3221 scortatoribus,
1353 3160 1453 3232 totque
1468 3153 1593 3213 (laminis
1608 3171 1707 3230 parce,

417 3267 552 3336 Decime,
577 3285 613 3327 ne
636 3263 752 3343 siquid
774 3261 819 3323 vel
842 3261 915 3322 ebrii
938 3260 1121 3328 censuerint,
1145 3255 1294 3341 piaculum
1316 3255 1373 3315 boc
1396 3256 1437 3315 eis
1459 3256 1504 3314 sit.
1569 3251 1631 3315 '’Ne
1654 3255 1709 3314 hos

416 3371 582 3447 opprimas,
612 3371 685 3428 irate
708 3367 782 3434 Leo,
812 3383 887 3442 opus
914 3380 1055 3423 manuum
1078 3369 1204 3421 tuarum.
1280 3358 1443 3417 ‘lulinitum
1466 3365 1510 3417 est
1532 3357 1638 3422 Leonis
1660 3375 1707 3417 re·

383 3482 525 3550 ”gnum
556 3467 644 3550 alque
672 3488 707 3529 eo
735 3469 853 3546 gravius
883 3468 979 3526 etiam.
1024 3463 1119 3534 Quam
1141 3458 1306 3541 periculosa
1330 3460 1418 3535 igitur
1440 3477 1489 3518 res
1512 3466 1556 3517 est
1578 3458 1705 3518 Leonem

416 3575 553 3653 accipere
576 3575 606 3633 in
628 3570 855 3651 rempublicam:
887 3570 942 3628 iam
966 3573 1121 3646 postquam
1140 3561 1234 3624 semel
1257 3563 1334 3621 enim
1356 3567 1494 3639 acceptus
1516 3581 1549 3622 es
1576 3569 1623 3629 tu,
1653 3561 1707 3621 lle·

416 3679 509 3746 rime,
533 3674 570 3736 ali
593 3693 710 3755 qnoque
733 3674 790 3740 vis;
813 3670 864 3732 sed
888 3669 923 3729 ali
948 3688 1005 3728 non
1029 3675 1113 3746 potes
1134 3666 1190 3725 nisi
1213 3665 1320 3723 nostris
1342 3661 1450 3741 spoliis.
1472 3661 1610 3723 'Utinam
1627 3664 1707 3723 Gra·

416 3797 485 3839 cunt
509 3786 625 3857 poetam
649 3776 841 3836 audiissemus
865 3772 942 3832 “Sed
966 3769 1043 3830 alant
1066 3776 1094 3827 te
1117 3768 1167 3845 qui
1189 3764 1385 3844 acceperunt.
1430 3765 1490 3826 Nos
1512 3772 1629 3845 oportet
1643 3766 1707 3824 imi·

416 3880 471 3942 tari
495 3878 644 3958 apostolos
666 3880 744 3939 iuxta
767 3875 976 3936 institutionem
999 3888 1086 3950 qtram
1116 3870 1282 3945 accepimus
1311 3868 1347 3927 ab
1375 3868 1460 3946 ipsis,
1490 3870 1519 3927 et
1540 3864 1706 3926 subducere

388 3997 473 4042 unos
496 4002 512 4043 a
535 3989 579 4051 te,
603 3982 653 4059 qni
677 3981 839 4041 inordinate
861 3984 890 4036 te
912 3975 992 4053 geris
1014 3981 1101 4050 atque
1125 3970 1206 4030 oneri
1223 3988 1254 4029 es
1270 3968 1364 4029 nobis.
1404 3968 1473 4036 Ubi,
1497 3986 1584 4047 quem
1608 3968 1705 4044 satagui

418 4083 506 4154 laem,
535 4084 617 4145 divus
639 4083 835 4161 Hieronymus
863 4084 945 4157 putat
973 4073 1129 4154 prodesse,
1157 4073 1180 4132 si
1210 4070 1373 4131 detraharis
1395 4071 1561 4148 arrogantia
1583 4075 1647 4137 tna,
1676 4076 1707 4129 ut

418 4195 520 4268 postea
543 4193 625 4248 recto
648 4186 750 4245 itinere
773 4180 925 4259 gradiaris.
1002 4175 1073 4235 *Ubi
1098 4173 1263 4233 lelicissime
1287 4172 1410 4232 cedebat
1431 4172 1555 4250 rapienti
1582 4169 1649 4237 tibi,
1679 4177 1707 4229 et

417 4307 507 4369 super
529 4285 776 4369 quamiacillime
798 4279 875 4342 soles
898 4280 996 4358 rugire
1018 4286 1064 4346 tu,
1088 4283 1120 4336 ut
1141 4283 1250 4336 terram
1273 4275 1335 4334 eius
1357 4291 1449 4351 ponas
1464 4276 1493 4334 in
1509 4271 1705 4333 solitudinem.

418 4389 574 4455 'Omnium
597 4388 710 4451 occulta
734 4388 820 4446 etiam
844 4382 948 4444 indicia
971 4397 1047 4441 unus
1069 4377 1239 4437 moderatur
1254 4375 1331 4434 Leo:
1355 4374 1434 4453 atqui
1457 4373 1493 4434 tle
1508 4372 1631 4433 occultis
1647 4390 1705 4432 non

485 4630 508 4664 ¹⁰
526 4626 704 4695 Imperatoria
721 4625 780 4674 edd.
800 4624 823 4671 b.
842 4625 858 4670 l.
878 4623 964 4678 reato,
982 4616 1029 4666 red
1046 4613 1117 4677 iasra
1133 4610 1349 4677 Imperatoribus
1367 4615 1458 4661 raultoe.
1511 4609 1533 4642 ⁸⁴
1552 4609 1589 4659 ei.
1603 4608 1704 4659 Psalm.

418 4715 521 4768 ΙΧΑΊ.
555 4711 578 4746 ¹¹
597 4700 1015 4764 at.Ecclesiasticixxvllmt.
1063 4696 1116 4730 Μ
1136 4699 1224 4747 Graee.
1243 4693 1340 4762 poeta]
1360 4696 1411 4744 Vix
1431 4694 1593 4746 crediderim
1613 4709 1705 4758 respe-

418 4802 492 4852 xisse
510 4800 664 4850 Huttenum
683 4794 718 4844 ed
731 4792 812 4858 Soph.
826 4788 927 4840 Tracta.
943 4781 1016 4837 1153.
1046 4774 1133 4843 „..tt
1150 4774 1217 4838 τοὺς
1233 4773 1286 4845 μὲν
1305 4768 1470 4846 ξυλλαβοῦσ’
1487 4770 1559 4846 αὐτὴ
1577 4772 1701 4844 τρέφει”.

418 4885 466 4937 aad
484 4900 567 4950 quem
585 4879 750 4947 respexerit,
771 4891 842 4926 nune
861 4873 964 4923 nescio.
1000 4867 1022 4900 ²⁹
1042 4864 1142 4933 apost]
1155 4864 1233 4915 l‘aut.
1247 4881 1289 4928 ep.
1304 4864 1339 4917 ll.
1354 4864 1388 4913 ad
1399 4864 1496 4915 Thess.
1509 4864 1559 4914 ΠΙ.
1567 4861 1591 4914 b.
1627 4861 1648 4894 ⁸¹
1662 4862 1703 4912 st-

419 4971 521 5022 militer
533 4969 646 5019 Hioron.
661 4980 756 5014 comm.
771 4964 799 5011 in
810 4958 920 5010 Daniel.
935 4957 966 5005 V.
978 4953 1021 5004 23.
1040 4987 1072 5014 „.
1082 4955 1127 5000 ‚ut
1146 4954 1174 4998 et
1193 4949 1379 5014 arrogantiam
1397 4949 1501 5016 fugiat,
1520 4964 1554 4998 ne
1567 4947 1641 4998 solus
1655 4948 1702 4996 im·

418 5059 542 5121 petresse
560 5051 713 5102 adeatur&
749 5046 771 5079 ³⁸
789 5048 886 5096 ierem.
901 5044 936 5092 11.
952 5040 989 5090 15.
1030 5034 1051 5067 ³⁸
1070 5034 1106 5084 ei.
1120 5033 1200 5083 Paul.
1214 5032 1248 5082 nd
1261 5032 1337 5082 Rom
1350 5034 1385 5084 ll.
1397 5033 1435 5085 to.

476 5139 611 5189 Hvrrnr
629 5135 697 5185 Ore.
717 5147 780 5183 von.
794 5129 827 5180 V.
1443 5121 1482 5180 ‘21
1584 5203 1588 5210 ι
