4300 6059
1438 489 1445 518 l

526 728 650 775 milii!
669 728 699 764 itt
718 727 864 765 rnorem
882 729 1160 771 WIBTBNPBBGBNBBN
1179 728 1282 765 ORATIO
1301 729 1320 765 1.
1344 729 1412 764 ΒΜ.
1424 728 1451 765 Δ.
1466 723 1524 764 idib.
1618 698 1664 770 ¹3

375 890 474 962 putet:
501 882 581 945 bunc
608 900 665 962 ogo
693 901 812 963 possum
833 903 925 946 unum
947 884 1115 946 Atheniensi
1141 883 1190 945 illo
1212 884 1335 945 Timone
1357 885 1539 963 asperiorem
1558 883 1664 962 praedi·

375 1003 460 1053 care,
483 1003 543 1045 non
559 985 818 1048 bumanotantum
836 988 938 1063 generi
960 987 1123 1057 insensum,
1146 987 1199 1048 sed
1221 987 1363 1048 universae
1379 988 1465 1047 etiam
1481 994 1594 1048 naturae
1607 988 1662 1047 ini·

375 1089 495 1155 micum.
534 1088 606 1150 Cum
630 1089 708 1149 enim
730 1088 893 1150 secundum
915 1095 1051 1150 naturam
1073 1090 1111 1148 sit
1133 1089 1161 1149 id
1186 1106 1286 1149 amare
1308 1087 1386 1166 quod
1418 1089 1464 1149 cui
1494 1089 1588 1150 simile
1609 1091 1731 1155 imae.

374 1189 480 1268 primis
501 1195 560 1259 est,
584 1197 669 1252 etex
693 1190 794 1251 bestiis
820 1208 880 1250 non
908 1189 994 1252 facile
1015 1192 1182 1268 reperiatur
1204 1207 1270 1270 quae
1292 1208 1328 1250 ex
1350 1207 1404 1249 suo
1426 1208 1535 1268 genere
1557 1189 1664 1251 animal

346 1292 548 1360 sinterticiat,
572 1291 621 1353 lric
641 1298 754 1354 tantum
777 1310 841 1354 esse
863 1299 1131 1354 contranaturam.
1145 1293 1255 1372 potnit,
1279 1298 1311 1351 nt
1332 1309 1392 1351 non
1408 1294 1665 1354 contentnsfuerit

374 1393 512 1453 recidere
533 1392 698 1462 bominem,
722 1394 825 1456 sedin
849 1396 978 1457 occisum
1001 1412 1118 1474 quoque
1146 1392 1324 1456 sevientium
1346 1393 1462 1455 duxerit
1489 1402 1518 1455 et
1538 1412 1663 1455 vacnum

373 1497 471 1555 anima
495 1511 604 1573 eorpus
625 1496 686 1556 suis
708 1495 846 1558 manibus
867 1497 1027 1558 laceratum
1050 1496 1208 1556 nefandum
1231 1497 1260 1555 in
1283 1497 1402 1556 modum
1424 1497 1571 1564 mactarit:
1595 1496 1663 1556 buic

374 1598 463 1657 etiarn
485 1599 671 1658 moestissimo
693 1600 769 1676 patri
790 1599 970 1677 sepulturam
993 1598 1043 1658 frlii
1066 1599 1195 1676 negarit,
1229 1616 1287 1675 quo
1316 1596 1365 1658 ille
1392 1599 1479 1658 unico
1506 1599 1661 1659 adversum

374 1700 515 1760 moeroris'
532 1700 577 1761 sui
599 1700 802 1778 egritudinem
824 1698 983 1761 lenimento
1006 1702 1047 1761 uti
1069 1707 1200 1779 poterat,
1223 1699 1301 1778 quod
1326 1701 1443 1760 unicum
1467 1701 1530 1760 eius
1544 1699 1663 1760 orbitati

341 1818 363 1859 ro
373 1800 511 1862 solatium
534 1810 697 1879 supererat.
742 1802 841 1874 Quare
864 1820 930 1862 cum
953 1801 1097 1880 aequabile
1119 1801 1255 1866 omnibus
1276 1803 1323 1862 ius
1343 1803 1431 1862 statui
1451 1809 1595 1880 oporteat,
1617 1803 1729 1861 ni-§.so

373 1901 414 1963 bil
437 1904 601 1973 insuetum,
624 1903 697 1964 nibil
720 1923 756 1964 ex
777 1890 969 1982 praerogativa
992 1903 1111 1964 decerni
1134 1905 1275 1983 petimus:
1298 1905 1328 1965 iu
1344 1901 1401 1964 boc
1416 1904 1512 1964 omnis
1529 1909 1662 1963 versatur

373 2005 465 2073 actio,
491 2005 606 2067 ‘Pereat
627 2006 677 2085 qui
699 2005 845 2084 perdidit,
869 2006 934 2066 iure
956 2006 1005 2084 qui
1027 2004 1160 2066 iniuriai'
1183 2005 1247 2066 lloc
1262 2005 1315 2065 abs
1330 2015 1372 2075 te,
1396 2006 1509 2073 Caesar,
1533 2021 1661 2075 oramus,

374 2106 432 2166 lroc
453 2125 470 2167 a
492 2106 590 2177 vobis,
614 2109 769 2176 Germani;
797 2126 857 2168 non
879 2126 938 2186 quo
961 2107 1075 2184 aliquid.
1097 2115 1283 2187 perspectum
1313 2109 1364 2176 sit,
1393 2108 1471 2167 uude
1499 2105 1662 2195 dubitatum

373 2207 463 2269 lmius
483 2209 659 2288 supplicium
682 2209 829 2280 videatur,
858 2209 910 2270 sed
940 2211 1032 2286 aragia
1061 2228 1099 2270 ne
1125 2209 1252 2271 defuisse
1279 2218 1386 2269 nostrae
1414 2209 1564 2270 videamur
1586 2210 1662 2269 iniu-

342 2312 442 2370 rsriae:
464 2309 555 2371 multa
578 2318 734 2390 suntque
756 2317 859 2389 suapte
881 2319 985 2373 natura
1010 2329 1059 2371 vos
1088 2311 1295 2381 cohortentur,
1323 2313 1467 2389 primum,
1496 2311 1575 2390 quod
1588 2321 1730 2372 monost.

376 2413 435 2471 nisi
456 2413 585 2473 maximo
608 2414 772 2474 Germaniae
794 2412 871 2474 malo
893 2414 956 2474 noc
978 2412 1150 2492 improbitas
1165 2415 1236 2474 ferri
1251 2421 1356 2491 potest,
1379 2413 1457 2492 quod
1474 2416 1613 2492 optimam
1628 2431 1663 2474 oc

327 2537 335 2552 ·
375 2515 596 2592 integerrimam
611 2514 701 2575 huius
714 2515 840 2576 nationis
856 2516 1113 2584 existimationem,
1136 2514 1352 2591 religiosissime
1371 2515 1544 2576 custoditam
1560 2517 1590 2574 in
1605 2516 1663 2575 iroe

374 2633 469 2694 usque
490 2623 607 2694 ternpus
620 2617 731 2684 fldem,
754 2617 923 2695 turpissimo
946 2616 992 2676 hic
1021 2616 1148 2694 probro,
1179 2616 1380 2678 crudelissimo
1407 2618 1582 2695 parricidio,
1610 2636 1662 2678 ne·

375 2719 449 2778 faria
471 2717 637 2795 proditione
659 2717 770 2798 polluit.
817 2719 933 2791 Qnaesi
955 2735 972 2777 a
994 2717 1076 2778 vobis
1097 2718 1331 2797 negligerentur,
1355 2720 1433 2798 quod
1448 2720 1521 2780 olens
1535 2722 1663 2798 optimus
1672 2731 1731 2783 tos.

340 2820 523 2880 remansimus
544 2819 714 2896 probibeat.
737 2838 825 2898 quam
849 2839 908 2880 non
931 2819 1119 2881 foedissimam
1141 2822 1178 2882 de
1204 2820 1285 2882 robis
1312 2823 1483 2898 opinionem
1512 2821 1577 2882 orbi
1603 2830 1664 2883 ter·

374 2938 477 2982 rarum
499 2922 648 2989 faceretis!
671 2921 761 2991 adeo,
785 2930 817 2982 ut
838 2940 906 2982 oum
930 2940 988 2982 non
1012 2924 1110 2985 minus
1132 2924 1407 2992 totiustiermaniae
1428 2924 1466 2983 sit
1486 2923 1548 2983 baec
1566 2941 1665 2993 cansa

376 3042 464 3103 qnam
487 3023 602 3085 familiae
624 3042 659 3085 ac
681 3024 792 3084 ordinis
813 3027 922 3094 nostri,
945 3026 1023 3103 qnod
1047 3044 1204 3086 commune
1226 3027 1356 3085 omnium
1378 3026 1407 3084 in
1429 3025 1486 3085 bac
1500 3020 1664 3103 perieulum

376 3132 525 3195 versetur,
556 3127 686 3186 unarumi
715 3144 861 3188 consensu
890 3145 925 3186 ac
953 3145 1012 3186 uno
1040 3130 1171 3189 omnium
1200 3127 1297 3187 studio
1326 3133 1355 3185 et
1382 3125 1503 3186 consilio
1525 3134 1664 3205 tanquam

377 3227 541 3288 universale
563 3228 710 3307 quoddam
733 3229 900 3289 incendium
923 3228 986 3288 hare
1008 3231 1099 3317 pestis
1121 3227 1315 3305 extinguenda
1337 3228 1446 3297 veniat,
1470 3230 1620 3307 magisque
1634 3230 1664 3288 in

342 3329 437 3389 sslroc
452 3347 505 3390 reo
519 3328 636 3408 publica
652 3347 740 3391 causa
756 3349 845 3409 quam
858 3338 961 3390 noster
976 3331 1071 3391 luctus
1088 3339 1246 3409 nostraque
1267 3332 1414 3391 accusatio
1436 3331 1594 3408 spectanda
1617 3333 1663 3399 sit,

376 3432 498 3500 uisite,
522 3433 618 3493 (laesas
640 3433 842 3502 invictissime,
874 3433 999 3493 credere
1021 3432 1064 3493 fas
1087 3439 1131 3492 est
1152 3431 1355 3493 absoluturum
1383 3432 1462 3492 lrunc
1489 3441 1540 3492 aut
1566 3432 1664 3511 aliquo

377 3532 543 3594 clementiae
564 3535 726 3696 ffiradjo
747 3542 960 3596 contacturum.
1005 3534 1056 3594 sed
1081 3541 1109 3594 et
1131 3534 1280 3612 qnornudo
1303 3534 1338 3594 ad
1367 3540 1395 3593 te
1423 3552 1518 3613 nuper
1540 3545 1732 3612 anceps-§.sc

377 3635 433 3702 ris,
458 3641 566 3713 etque
637 3636 756 3697 modum
779 3643 944 3715 captantem
967 3639 1079 3697 veniam
1103 3636 1263 3704 dimiseris,
1287 3643 1388 3697 notum
1404 3644 1465 3696 est:
1487 3639 1599 3697 recenti
1614 3637 1664 3696 ad-

379 3737 437 3815 buc
460 3735 572 3798 scelere
595 3746 624 3799 et
645 3739 776 3799 nondum
798 3740 868 3800 satis
895 3739 1011 3818 prodito
1041 3739 1192 3799 ostendisti
1214 3738 1353 3799 iudicium
1375 3746 1467 3798 tuom.
1511 3737 1571 3799 Nos
1593 3757 1664 3817 quo·

344 3857 437 3916 nque
460 3838 526 3908 tibi,
550 3839 758 3909 Marusiliane,
782 3848 815 3900 nt
837 3839 1092 3917 obsequentissimi
1114 3844 1143 3900 in
1159 3840 1249 3900 rebns
1263 3857 1381 3917 semper
1396 3839 1532 3900 omnibus
1547 3840 1664 3909 fuimus,

378 3942 418 3999 ita
441 3942 572 4001 nnnc-in
593 3943 649 4002 isto
671 3942 886 4003 Germanorum
908 3942 1039 4014 omnium
1062 3951 1206 4003 conventu
1229 3941 1374 4020 supplices
1402 3961 1517 4011 sumus,
1547 3961 1666 4002 oramus

379 4060 415 4100 ac
437 4042 632 4113 obtestamur,
655 4046 784 4122 primum
806 4063 844 4104 ue
866 4045 1014 4104 cornnruni
1037 4045 1202 4104 Germaniae
1224 4044 1302 4104 bonu
1325 4044 1416 4112 (lasis,
1440 4045 1545 4104 deinde
1560 4063 1597 4104 ne
1612 4062 1667 4103 nos

379 4144 643 4221 perditissimorum
666 4145 818 4206 honrinum
840 4145 967 4206 audacia
989 4165 1024 4205 ae
1047 4145 1231 4207 ceritumeliae
1254 4165 1398 4225 exponas,
1427 4155 1517 4223 utque
1539 4148 1664 4216 iustitie,

379 4246 462 4306 cuius
483 4254 514 4307 tu
535 4247 565 4306 in
587 4249 676 4308 terris
698 4249 790 4309 vicem
812 4248 903 4325 geris,
927 4266 1039 4308 rnemur
1061 4249 1110 4308 sis.
1148 4266 1207 4307 non
1230 4249 1321 4308 habes
1343 4267 1396 4308 cur
1418 4250 1513 4309 iustus
1530 4268 1595 4310 esse
1609 4262 1734 4313 nolon

344 4345 432 4407 sits:
465 4346 550 4425 digna
573 4356 625 4411 tuo
646 4355 738 4420 nutu,
772 4357 823 4411 tuo
845 4368 967 4411 assensn
990 4350 1107 4428 petitio:
1141 4368 1178 4409 ne
1206 4350 1268 4410 sine
1297 4349 1437 4411 inutiliter
1467 4352 1576 4413 effundi
1599 4372 1666 4415 eum

379 4452 551 4527 sanguinem
573 4453 624 4531 qui
644 4468 700 4530 pro
723 4460 751 4512 te
773 4451 876 4513 solitus
897 4461 942 4513 est
963 4452 1118 4513 commode
1139 4470 1175 4511 ac
1194 4452 1323 4517 fortiter.
1347 4453 1397 4530 qui
1412 4454 1436 4513 si
1451 4453 1602 4515 Gallorum
1617 4465 1669 4516 aut

382 4550 559 4613 Venetorum
580 4559 680 4632 strage
708 4553 848 4617 lusnbres
875 4554 1079 4615 madefecisset
1107 4571 1242 4633 campos,
1272 4553 1401 4632 gloriose
1429 4556 1590 4625 ferremus;
1612 4575 1667 4636 pro

379 4659 409 4712 te
431 4655 511 4714 enirn
540 4672 627 4717 omne
656 4655 822 4736 periculum
850 4657 932 4718 adire
960 4659 1053 4735 parati
1081 4675 1192 4718 sumus.
1230 4673 1310 4716 nune
1337 4658 1360 4716 is
1383 4657 1532 4718 intercidit
1554 4660 1596 4719 vir
1618 4660 1667 4737 qui

448 4875 457 4908 ¹
476 4874 595 4943 Timum]
614 4876 657 4929 cf.
670 4877 743 4930 Plut.
763 4880 791 4929 in
803 4878 904 4928 dnton.
924 4894 948 4927 c.
961 4877 1002 4927 fl.
1023 4877 1139 4963 Lupiam.
1154 4879 1182 4927 in
1194 4878 1264 4928 Tim.
1283 4879 1342 4929 Cic.
1357 4879 1440 4928 'l'nsc
1453 4879 1499 4928 lV.
1516 4879 1555 4928 ll.
1567 4880 1586 4929 i.
1601 4879 1620 4928 f.
1633 4879 1667 4929 de

380 4959 558 5018 amie.23,tt.
610 4960 642 4994 Μ
660 4964 786 5030 inprimis
804 4968 829 5014 2.
870 4962 893 4995 ¹⁸
912 4963 957 5012 sit.
976 4963 1038 5011 Nisi
1056 4963 1116 5011 edd.
1152 4961 1172 4995 ⁸¹
1192 4969 1275 5025 nuno]
1295 4967 1350 5013 iam
1367 4970 1480 5014 aemil.
1533 4961 1595 5030 isto]
1615 4964 1667 5014 hoc

379 5048 492 5096 eamn.
527 5043 812 5111 ”perdidissimorum
826 5053 850 5098 1.
886 5047 931 5114 acl
950 5053 979 5099 et
995 5062 1065 5096 corr.
1079 5051 1110 5097 11.
1146 5047 1168 5078 ³⁰
1182 5049 1312 5100 Adonem
1326 5049 1666 5114 ipsemilitinminnnitfl.
