4300 6059
356 698 482 734 amur
492 698 529 733 au
539 699 687 734 reascrras
700 676 949 734 usumrrsacuvrr
963 699 1062 734 urucas
1075 699 1215 733 rurunnnr
1228 696 1453 734 axuoaaaroau.
1467 682 1549 748 (¹⁶18.)
1570 668 1639 740 127

357 853 409 932 qui
432 852 525 932 qualis
548 852 642 931 qualis
664 860 723 923 est,
747 870 836 930 arma
850 852 954 923 babet,
979 870 1086 932 equos,
1109 852 1203 921 viros,
1226 870 1314 923 nares
1335 859 1364 913 ει
1385 850 1456 914 illud
1472 869 1530 932 quo
1545 854 1643 914 omnia

356 954 416 1036 boc
442 962 580 1033 tempore
600 953 802 1033 expugnabilia
826 954 975 1025 ridentur,
1007 972 1122 1017 aurum.
1165 953 1226 1014 larn
1248 961 1389 1032 qnantum
1412 954 1499 1015 animi
1520 952 1568 1015 illa
1591 954 1642 1016 ad·

357 1055 431 1141 didit
452 1056 571 1136 Syriaca
594 1056 728 1128 victoria,
751 1056 897 1135 magnifici
918 1056 1073 1136 triumphi,
1097 1055 1225 1134 superba
1247 1055 1360 1135 spolia?
1387 1055 1550 1118 Plurimum
1573 1068 1709 1120 modam.

356 1159 449 1220 menti
469 1158 573 1229 babet,
598 1176 616 1218 o
637 1159 799 1238 principes,
821 1156 951 1219 inbelle
973 1158 1048 1230 dux,
1077 1157 1166 1232 adeo,
1195 1164 1227 1219 ut
1248 1175 1325 1240 saepe
1348 1157 1503 1238 desperata
1524 1160 1643 1220 victoria

332 1257 426 1321 asolo-
443 1266 602 1340 conspecto
623 1260 699 1323 duce
721 1261 889 1342 respirarit,
918 1267 951 1322 ut
977 1260 1096 1321 maximi
1121 1277 1201 1339 saepe
1228 1259 1375 1320 exercitus
1402 1260 1432 1319 in
1454 1259 1552 1336 lugam
1575 1277 1643 1337 pro·
1740 1248 1743 1255 ’

357 1361 449 1439 lligati
475 1359 530 1422 sub
558 1362 744 1442 imperatoris
771 1362 926 1423 adventurn
956 1362 1089 1423 conversi
1103 1360 1180 1422 sint.
1225 1359 1272 1421 ille
1300 1360 1398 1421 verbis
1424 1363 1500 1441 regit
1521 1363 1642 1433 animos,

356 1461 408 1525 ille
434 1469 508 1524 nutu
536 1463 657 1526 allectus
678 1482 800 1525 suorum
821 1463 992 1525 moderatur
1015 1469 1044 1525 et
1065 1463 1110 1524 vel
1132 1462 1193 1525 sola
1215 1462 1261 1525 sui
1281 1463 1436 1542 praeseutia
1459 1465 1575 1524 vincere
1599 1464 1641 1522 ia·

357 1567 408 1626 cit.
433 1582 552 1627 noane
573 1566 715 1645 quogdam
735 1563 847 1645 legistis
870 1565 1084 1663 media-*pugna
1107 1582 1186 1643 agro
1209 1580 1334 1643 corpore
1355 1566 1386 1625 ia
1407 1564 1509 1627 lectica
1532 1564 1641 1644 produ·

357 1667 463 1728 duetos
484 1665 625 1729 militibus
647 1667 762 1729 auxisse
783 1668 896 1731 animos
917 1669 1075 1729 intantum
1092 1675 1245 1746 utpraeter
1265 1685 1348 1748 spem
1370 1668 1536 1729 vincerent?
1558 1667 1709 1731 Pru-§.rso

328 1776 419 1831 restat
439 1769 497 1830 boc
518 1768 699 1853 obedientia,
721 1770 814 1852 ‚cuim
836 1777 953 1851 oportet
973 1771 1191 1831 tenacissimum
1213 1787 1277 1830 esse
1299 1770 1328 1830 in
1350 1787 1383 1830 re
1405 1768 1521 1830 militari
1543 1771 1644 1830 vineu-

358 1869 437 1963 lum:
470 1870 540 1950 quid
569 1869 646 1931 aliud
674 1871 775 1932 nolunt
803 1868 963 1946 enirnu'lla>
983 1889 1084 1933 severa
1112 1870 1312 1935 llomauorurn
1342 1879 1471 1932 veterum
1500 1871 1642 1950 exempla,
1697 1893 1703 1906 ·

305 2050 312 2068 ⁴
357 1991 446 2051 quam
469 1991 575 2052 parere
597 1971 678 2061 dorp,
708 1971 737 2032 id
766 1990 830 2034 esse
856 1971 1000 2035 uincere?¹
1022 1975 1068 2034 cui
1097 1973 1227 2033 instituto
1249 1972 1322 2033 adeo
1341 1964 1384 2033 ¹illi
1412 1972 1583 2043 studebant,
1613 1981 1644 2034 ut

357 2077 401 2136 eis
422 2075 536 2152 ingrata
558 2070 653 2135 luerit
667 2081 775 2153 praeter
797 2076 981 2153 imperatoris
1003 2076 1106 2136 scitum
1129 2083 1212 2153 parta
1244 2074 1378 2142 victoria;
1408 2091 1533 2151 quorum
1555 2074 1644 2154 aliqui

357 2176 388 2236 in
409 2178 549 2257 proprios
575 2167 843 2237 animadverterunt
865 2177 956 2248 lilios,
985 2178 1063 2256 quod
1093 2177 1213 2263 iniussuj·
1231 2194 1285 2237 suo
1312 2177 1458 2245 vicissent:
1489 2177 1575 2237 etiarn
1597 2176 1645 2238 alii
1736 2224 1757 2268 0

299 2286 303 2291 ·
327 2278 549 2356 asignonriniam
571 2277 762 2339 obverterent
784 2279 820 2338 iis
862 2279 890 2338 ui
912 2285 1053 2339 strennue
1073 2269 1191 2358 quidern'
1213 2284 1429 2358 pugnaverant,
1452 2277 1502 2338 sed
1526 2296 1585 2339 non
1605 2287 1643 2339 'ex

359 2381 482 2459 imperio
504 2387 714 2458 pugnaverant.
759 2295 903 2451 ernardo
932 2358 1094 2459 principbs
1127 2379 1194 2441 bule
1216 2380 1341 2459 imperio
1363 2382 1541 2459 imperatore
1563 2388 1712 2458 opusineo.
1826 2363 1831 2371 ’

359 2488 417 2551 est,
440 2499 529 2560 quern
551 2483 575 2541 si
597 2482 643 2543 sui
667 2488 836 2551 vereantur,
866 2500 1006 2560 maguum
1028 2483 1056 2542 id
1079 2489 1138 2551 est,
1167 2483 1190 2541 si
1213 2490 1312 2543 arneut
1339 2483 1441 2552 etiam,
1469 2482 1561 2542 multo
1583 2502 1644 2544 rna-

359 2584 487 2652 ximum3
510 2591 539 2644 at
554 2585 579 2643 si
594 2578 671 2645 iussa
695 2582 815 2658 iaciant,
838 2585 917 2645 satis.
962 2583 1135 2661 prospicere
1151 2584 1207 2644 boc
1221 2575 1272 2643 ro's
1287 2584 1384 2654 decet,
1408 2603 1445 2644 ne
1460 2586 1485 2644 si
1499 2603 1578 2646 nunc
1592 2586 1644 2647 be·

360 2684 470 2747 nerolis
493 2683 680 2753 Maximillam
703 2685 868 2747 hortatibus
889 2704 947 2746 non
971 2688 1112 2764 pareatis,
1141 2686 1191 2746 liat
1219 2693 1251 2747 ut
1273 2689 1433 2764 imparatos
1455 2705 1489 2746 ac
1511 2688 1574 2747 sine
1597 2704 1644 2747 or·

326 2785 430 2848 ardiae
458 2794 488 2848 et
515 2786 666 2866 disciplina
691 2788 857 2867 divagantes
885 2787 1089 2855 invadentibus
1110 2788 1214 2849 Turris
1242 2807 1308 2848 sero
1331 2789 1416 2849 nimis
1437 2791 1573 2868 quaratis
1595 2790 1644 2868 qui

361 2887 471 2950 bellum
493 2889 595 2960 ducat,
618 2890 668 2968 qui
690 2891 782 2968 copiis
804 2890 912 2969 praesit,
936 2891 1019 2951 cuius
1041 2890 1177 2967 auspiciis
1198 2890 1228 2949 in
1250 2889 1363 2950 hostem
1378 2899 1533 2968 pugnetur.
1572 2902 1713 2953 orestrar.

361 3008 480 3071 quoque
501 2999 650 3070 pastorem
678 2993 775 3054 miuus
803 2998 960 3071 sequentes
986 2990 1037 3052 ubi
1058 2990 1197 3070 dispersae
1220 2990 1342 3060 luerint,
1370 2991 1447 3053 baud
1470 2991 1553 3052 lacile
1576 3010 1645 3052 con·

363 3100 543 3172 gregantur;
566 3094 676 3156 eaedem
691 3095 875 3174 irrumpente
889 3094 960 3174 lupo
975 3100 1098 3174 repente
1113 3093 1231 3172 quidem
1247 3110 1281 3152 ae
1303 3091 1381 3152 ultro
1403 3092 1453 3153 sed
1470 3109 1576 3170 rnagno
1592 3112 1646 3155 suo

361 3193 439 3256 malo
461 3190 497 3257 ad
520 3213 641 3275 gregem
669 3196 841 3275 confugiunt
867 3204 896 3259 et
924 3204 1072 3275 pastorem
1102 3197 1265 3273 requirunt.
1310 3195 1365 3254 nisi
1393 3196 1511 3255 omniuo
1540 3194 1647 3274 desipit

330 3296 457 3358 aaboslis
478 3305 595 3368 noster,
617 3297 690 3359 nibil
712 3298 792 3360 malit
814 3316 902 3377 quam
922 3298 1132 3377 incompositos
1154 3315 1208 3357 nos
1229 3314 1264 3356 ac
1285 3296 1347 3356 sine
1369 3303 1484 3357 rectore
1507 3298 1646 3358 constitu·

364 3407 409 3459 tos
430 3400 567 3479 aggredi;
595 3399 646 3461 sed
668 3401 759 3480 sapit,
789 3419 806 3459 o
829 3401 992 3480 principes,
1024 3401 1113 3481 sapit,
1143 3400 1276 3477 inquam.
1299 3415 1339 3456 ae
1368 3399 1464 3458 anirno
1487 3400 1595 3477 pariter
1618 3407 1647 3460 et

363 3501 455 3563 oculis
476 3503 506 3564 in
528 3509 659 3563 nostram
680 3503 808 3562 intentus
830 3502 1055 3573 dissensionem,
1084 3520 1159 3580 quos
1187 3518 1245 3559 non
1274 3502 1391 3577 ignorat
1412 3518 1499 3578 quam
1521 3500 1647 3563 arduum

362 3605 400 3664 sit
420 3611 543 3684 repente
565 3611 594 3664 ει
615 3606 769 3675 universos
789 3604 920 3674 vincere,
949 3604 1081 3684 palantes
1102 3623 1136 3664 ac
1158 3601 1310 3675 discordiae
1332 3602 1429 3664 studio
1452 3602 1595 3695 diversos,
1618 3586 1672 3664 et'

363 3706 421 3768 boc
441 3707 505 3768 sine
527 3724 612 3785 rege,
636 3708 698 3768 sine
720 3708 795 3769 duce
817 3725 852 3768 ae
873 3708 1062 3786 imperatore,
1085 3705 1224 3786 paulatim
1246 3714 1276 3766 et
1296 3703 1427 3782 singulos
1444 3702 1647 3784 palanteisque
1764 3768 1770 3779 ,

328 3809 532 3888 »opprimere
554 3810 690 3888 cogitat·
713 3810 765 3871 His
787 3808 914 3871 consiliis
935 3810 965 3869 in
988 3817 1121 3888 tempore
1143 3814 1172 3869 et
1193 3826 1280 3886 quam
1295 3807 1332 3868 ad
1348 3807 1455 3870 iactum
1470 3794 1715 3887 perr‘euian'tmer.

365 3917 431 3971 aute
453 3909 592 3978 obsistite.
634 3890 758 3974 Paratus
785 3918 830 3974 est
856 3913 886 3973 in
908 3929 1024 3972 omnem
1048 3917 1182 3972 eventum
1206 3909 1317 3978 Caesam
1346 3911 1374 3969 in
1399 3929 1457 3989 quo
1480 3930 1547 3971 cum
1568 3911 1646 3974 nulla

365 4030 447 4074 mora
470 4013 520 4084 sit,
551 4013 620 4093 quid
649 4021 692 4074 est
714 4015 793 4094 quod
817 4032 866 4075 ros
888 4014 1023 4075 distineat
1044 4031 1103 4092 quo
1125 4014 1222 4074 minus
1244 4012 1371 4072 officium
1385 4012 1505 4079 'iacietis
1526 4021 1555 4074 et
1575 4015 1648 4093 ipsit

367 4113 432 4176 Non
453 4115 511 4176 iam
534 4133 671 4177 somnum
692 4115 741 4178 ille
763 4115 819 4178 sibi
840 4115 986 4196 indulget,
1009 4122 1100 4177 noctu
1115 4115 1223 4195 diuque
1240 4115 1347 4193 cogitat
1361 4115 1508 4194 quomodo
1523 4117 1553 4182 in
1569 4135 1648 4178 eom·

364 4234 453 4278 mune
468 4215 615 4289 consulat,
638 4218 666 4279 id
682 4226 727 4280 est
748 4237 806 4298 quo
828 4218 949 4281 consilio
971 4219 1001 4279 in
1023 4218 1211 4280 concordiam
1234 4236 1283 4280 ros
1305 4217 1438 4279 adducat.
1482 4217 1571 4280 habet
1585 4238 1648 4280 mo·
1758 4237 1760 4239 ·

332 4318 502 4381 sniuicem
523 4320 745 4401 maseientiam,
775 4339 840 4401 quae
867 4321 907 4383 illi
928 4328 1072 4401 perpetuo
1095 4321 1206 4382 adsistit
1226 4339 1260 4381 ae
1282 4328 1319 4381 ut
1334 4318 1500 4382 labentibus
1521 4323 1579 4382 iam
1600 4341 1648 4385 re.-

365 4419 422 4481 bus
442 4422 591 4501 suppetias
613 4422 694 4485 ierat.
709 4424 850 4485 bortatur.
895 4424 1064 4503 quodcum
1085 4425 1155 4485 lacit
1170 4421 1237 4491 ille,
1260 4424 1290 4483 in
1312 4423 1485 4484 memoriam
1506 4424 1716 4502 producturus

365 4541 439 4602 quas
452 4521 538 4584 nobis
548 4523 672 4598 clades,
696 4544 783 4605 mam
805 4528 966 4589 vastitatem
983 4526 1102 4588 cottidie
1116 4525 1243 4586 inierant
1257 4525 1376 4594 Turcae;
1399 4526 1482 4604 ponit
1495 4533 1562 4587 aute
1577 4545 1648 4588 ocu·

365 4623 410 4685 los
430 4626 638 4689 munitissimas
660 4628 750 4690 urbes
771 4632 798 4690 ri
821 4636 1017 4709 expugnatas,
1040 4627 1195 4690 nonnullas
1217 4629 1303 4689 etiam
1326 4627 1453 4696 excisas;
1477 4646 1650 4691 numerosos
1714 4668 1721 4682 ·

435 4848 455 4883 ¹¹
476 4847 522 4899 Cf.
534 4865 559 4899 ε.
572 4863 612 4914 gr.
626 4847 687 4901 Vel.
700 4848 774 4902 Max.
788 4851 825 4902 11.
838 4848 862 4900 7.
906 4848 927 4882 ¹³
945 4865 999 4901 nou
1017 4853 1087 4902 omis.
1100 4856 1126 4904 2.
1136 4853 1185 4903 aed
1201 4854 1291 4920 auat.
1303 4852 1325 4915 s.
1377 4849 1398 4882 ¹⁸
1417 4851 1565 4916 imperatos
1579 4851 1648 4915 d.(¹l)

366 4930 480 4985 ”nand
499 4933 582 4985 focile
600 4939 630 4984 Η.
648 4933 763 4986 difficile
782 4939 837 4986 m.
890 4934 912 4968 ²³
932 4938 1109 5003 irrupeuted.
1161 4937 1184 4971 ⁸⁰
1201 4939 1264 4998 ‚bis
1283 4940 1339 4988 ι.2.
1357 4953 1425 4987 corr.
1440 4942 1468 4988 11.
1525 4935 1547 4969 ⁸¹
1565 4937 1649 4988 desti·
1711 4998 1754 5011 ,Δ

367 5020 476 5070 neatd.
532 5017 555 5050 ⁸⁶
573 5018 691 5072 illaedd.
738 5019 760 5080 θ’
779 5021 972 5075 lastitotem2.
992 5022 1138 5081 cotidiet.
1155 5023 1280 5088 qnotidie
1299 5026 1324 5075 4.
1390 5076 1395 5088 ‚
