4300 6059
516 693 589 782 3le
626 723 727 757 Lucanis
741 723 767 757 X.
779 723 890 757 conrad
906 723 1055 757 hvrlttsavu
1069 722 1159 756 lavant
1173 724 1236 758 Dar.
1247 718 1277 758 15,
1288 724 1344 759 [VN.
1358 719 1450 757 Ambit.
1465 728 1488 758 C.
1504 725 1625 757 ttvrml
1641 724 1735 758 NOTIS.

603 879 658 949 Orci
678 879 796 952 paridem
817 894 936 935 errores
957 867 1134 952 ‘respective
1157 876 1265 953 bquiam
1286 884 1344 938 siat
1356 880 1508 955 pestiferi,
1532 896 1621 953 qnam
1635 868 1806 954 perniciosi,

514 996 604 1055 quom
625 981 813 1055 aciindoiosi,
841 995 931 1053 quam
954 983 1078 1055 piorum
1106 989 1135 1038 ct
1157 984 1334 1056 simplicium
1360 984 1499 1041 mentium
1525 982 1681 1052 seductior-¹,
1715 999 1806 1056 quarm

515 1083 713 1154 desipuerint
734 1087 854 1140 cceretro
875 1097 988 1141 emnem
1009 1082 1200 1155 charitatem,
1223 1100 1260 1142 ac
1275 1063 1391 1144 ‘suerii
1406 1083 1553 1143 Romame
1571 1086 1713 1154 ecclesie,
1735 1100 1805 1142 mo-

515 1185 568 1242 tris
588 1185 715 1241 omnium
735 1184 885 1255 fidelium,
907 1191 937 1242 et
954 1186 1126 1256 ‘mamistrie
1144 1186 1219 1256 fidei
1235 1188 1431 1245 reuerentiam
1454 1194 1541 1259 atquc
1555 1180 1690 1244 ‘uererim
1706 1189 1804 1245 cccic-

513 1288 642 1346 siosticoe
664 1286 846 1361 discipline,
870 1286 1081 1346 ‘obedientiam
1102 1289 1231 1355 scilicet,
1251 1304 1335 1368 vque
1360 1286 1432 1359 sons
1456 1295 1501 1348 ert
1522 1293 1551 1347 et
1571 1290 1654 1362 oripo
1675 1291 1827 1347 omnious

516 1542 564 1583 me
586 1522 684 1592 acidis,
708 1541 767 1599 non
790 1530 857 1583 ante
880 1522 1076 1605 cognitionem
1101 1523 1254 1584 damnabis
1277 1526 1397 1584 tratrem
1420 1532 1518 1594 tuum;
1542 1527 1611 1604 quin
1628 1527 1725 1604 potins
1749 1538 1806 1587 ‘re-

517 1623 660 1685 velatione
684 1624 759 1685 lecta
782 1625 1031 1692 veritatis,cednt
1054 1644 1139 1685 error
1162 1624 1292 1696 acritati',
1322 1634 1354 1686 nt
1376 1632 1457 1687 recte
1479 1629 1510 1687 in
1533 1626 1661 1687 Concilio
1685 1627 1806 1688 Cartba-

516 1728 629 1802 gincnsi
653 1728 766 1786 uronuit
788 1726 929 1786 Zosimus.
968 1726 1024 1786 Sed
1042 1729 1098 1786 iarn
1115 1727 1207 1805 pluris
1223 1748 1310 1806 spiram
1328 1730 1470 1806 oportuit,
1495 1727 1674 1807 interpellavi
1691 1737 1728 1795 te,
1753 1730 1806 1806 igl-

515 1836 573 1898 tur,
595 1827 688 1896 Bulla,
705 1846 894 1905 prosequere.
966 1828 1046 1888 'lloc
1063 1829 1242 1907 respectire'
1259 1830 1327 1908 «prid
1344 1831 1404 1888 cst?
1426 1831 1473 1891 dic
1489 1837 1600 1909 aperte,
1618 1839 1649 1891 nt
1664 1838 1692 1892 tc
1708 1831 1805 1908 capia·
1841 1837 1843 1841 ‘

517 1948 591 1990 mus.
651 1927 698 1989 ''Si
714 1930 750 1990 ad
766 1928 959 2016 insatiabilem
969 1921 1054 1989 'tuam
1078 1933 1227 1991 avaritiam
1249 1932 1483 2010 respiciat'quis.
1541 1932 1608 1992 cllic
1632 1940 1711 1993 trram
1735 1947 1841 1993 con-¹⁰

516 2034 667 2093 scientiam
691 2030 824 2110 appello,
848 2031 982 2099 Decime,
1007 2034 1062 2092 nisi
1085 2052 1172 2093 sacras
1195 2033 1364 2093 charitatem
1388 2041 1418 2094 tu
1440 2032 1592 2102 servilem,
1616 2054 1681 2113 quas
1696 2034 1749 2094 tibi
1765 2035 1805 2103 lit,

519 2134 742 2195 subiectionem.
801 2130 959 2193 ‘'Violcntm
975 2134 1154 2212 tyrannidis,
1183 2142 1291 2215 etquis
1313 2136 1377 2195 lleri
1399 2155 1453 2196 nec
1480 2136 1583 2214 possit,
1615 2155 1668 2196 ecc
1691 2135 1807 2205 debeat,

518 2237 623 2314 cariquc
646 2236 702 2295 hoc
724 2236 888 2312 presertim
912 2243 1043 2314 tempore
1065 2237 1162 2297 resisti
1178 2236 1265 2297 debet
1280 2237 1500 2298 animosissime.
1570 2237 1703 2310 ‘Qumis
1727 2236 1807 2300 bone

518 2338 649 2422 Christe,
672 2337 741 2396 fidei
763 2337 901 2414 nragistra
925 2345 983 2406 cst,
1007 2357 1071 2416 qum
1094 2337 1242 2418 publicam
1265 2337 1352 2398 liclem
1376 2337 1488 2408 abolet,
1512 2347 1541 2399 et
1555 2339 1711 2401 interiecto
1727 2340 1807 2400 iure·

518 2439 641 2499 iurando
664 2441 799 2517 peierare
822 2457 877 2498 nos
899 2440 1001 2507 docet,
1028 2459 1044 2500 a
1068 2439 1211 2519 religione
1234 2448 1329 2499 auteur
1346 2439 1439 2500 aliena
1455 2440 1528 2501 adeo
1545 2449 1600 2509 ost,
1625 2449 1656 2500 nt
1675 2454 1843 2502 scommata

499 2541 617 2624 ,aomo
640 2542 675 2600 sit
698 2541 773 2601 benc
798 2538 995 2601 Christianum
1019 2541 1096 2602 dicit
1124 2549 1152 2603 te
1176 2560 1245 2601 vcro
1267 2541 1358 2611 ridet,
1388 2548 1530 2621 tuumque
1557 2550 1690 2603 sanctum
1720 2561 1807 2604 evan·

517 2640 625 2720 galium
641 2642 731 2703 babet
752 2661 807 2721 pro
831 2641 937 2702 tabida.
968 2643 1062 2703 Perde
1086 2644 1154 2711 rios,
1179 2644 1308 2712 Christe,
1332 2646 1388 2704 nisi
1410 2645 1472 2704 laec
1496 2645 1532 2703 ita
1550 2643 1669 2705 liabent.
1699 2641 1809 2714 'Quam

518 2751 561 2803 est
589 2743 733 2805 imbecille
770 2763 891 2822 corpus,
928 2745 1090 2821 quodquod
1120 2744 1191 2805 illud
1220 2753 1277 2815 cst,
1313 2745 1391 2824 qued
1424 2745 1530 2805 talibus
1558 2748 1655 2806 ricrris
1684 2748 1808 2825 regitur.

517 2845 625 2922 *Magis
647 2853 763 2924 opertet
785 2845 906 2906 obedire
935 2846 1006 2915 cleo,
1036 2865 1124 2924 (lnam
1153 2847 1336 2915 homnibus,
1368 2845 1501 2914 lisoium,
1530 2845 1574 2906 Tu
1603 2855 1699 2907 nutem
1728 2851 1808 2923 (cnm

584 3085 595 3117 ⁶
613 3100 667 3134 non
681 3088 745 3135 ante
759 3082 848 3150 cogm]
862 3085 898 3133 cs.
912 3083 971 3133 Act.
986 3090 1073 3149 apest.
1081 3085 1164 3134 XXV.
1175 3082 1212 3133 lb.
1254 3082 1286 3114 Μ
1304 3096 1380 3133 conc.
1395 3082 1537 3149 Carthag.]
1553 3101 1578 3133 a.
1591 3083 1650 3133 tet.
1669 3084 1811 3149 Cypriane

518 3169 683 3235 praesidente
696 3169 758 3218 VII.
773 3169 805 3218 de
825 3161 963 3233 baptismo
975 3169 1024 3218 Ill.
1039 3169 1149 3231 habito,
1174 3169 1304 3233 pontifice
1323 3169 1477 3235 Stephano,
1502 3170 1531 3218 in
1553 3168 1690 3219 Hardnini
1708 3168 1810 3220 Conci-

518 3253 577 3304 lier.
592 3254 700 3304 collect.
715 3258 778 3303 tem.
793 3254 815 3305 Ι.
834 3270 859 3317 p.
875 3252 932 3302 teu.
943 3268 994 3318 sq„
1013 3254 1041 3301 in
1054 3251 1196 3317 Patrolog.
1209 3253 1251 3302 ed.
1265 3253 1358 3317 lligne
1377 3259 1440 3304 tom.
1453 3254 1502 3302 Ill.
1517 3271 1542 3318 p.
1558 3251 1631 3303 loeo.
1656 3252 1737 3319 (Opp.
1758 3253 1812 3318 Cy-

519 3336 895 3404 prian.cd.Bened.p.33tl.)
948 3335 1109 3402 ⁸Zosimus]
1130 3353 1146 3386 a
1164 3337 1305 3387 'Pharassa
1322 3338 1403 3387 dixit:
1427 3338 1608 3388 Revelatione
1633 3338 1711 3387 iacta
1734 3341 1809 3388 ueri·

518 3425 586 3473 tatis
606 3423 688 3473 cedat
707 3438 782 3472 error
800 3422 927 3471 veritati:
951 3423 1016 3487 qnia
1034 3428 1063 3472 ot
1082 3423 1178 3471 Petrus
1197 3422 1243 3485 qni
1261 3423 1337 3487 prius
1361 3422 1592 3479 circumcidebat,
1617 3423 1703 3473 cessit
1720 3422 1811 3474 Paule

517 3508 663 3559 veritatem
676 3505 867 3574 proedicanti'’.
887 3508 1016 3557 Ilerdaia.
1029 3507 1047 3556 l.
1062 3523 1086 3556 e.
1100 3524 1126 3571 p.
1135 3507 1191 3555 174.
1203 3496 1306 3556 n⁰.r:v1.
1327 3506 1370 3557 cf.
1384 3508 1527 3569 Aragustin.
1542 3507 1575 3556 de
1593 3507 1731 3571 baptismo
1745 3523 1811 3558 con·

518 3598 562 3643 tra
574 3594 713 3643 Donatist.
733 3592 782 3641 IIl.
803 3608 863 3656 cap.
879 3592 903 3639 7.
922 3592 996 3641 lvon.
1011 3592 1114 3643 decret.
1128 3596 1198 3657 part.
1212 3592 1257 3641 lv.
1277 3607 1338 3655 cap.
1346 3590 1405 3642 234.
1429 3595 1496 3641 item
1513 3593 1640 3643 l‘anerm.
1654 3591 1691 3640 Il.
1711 3607 1736 3641 c.
1752 3590 1811 3642 167.

519 3677 648 3728 Gratiani
660 3677 735 3726 decr.
749 3691 809 3725 can.
823 3673 848 3724 o.
862 3676 934 3726 Dist.
947 3676 1022 3725 VIII.
1041 3673 1120 3740 [Cum
1139 3677 1254 3741 primum
1273 3675 1307 3724 ad
1321 3674 1437 3725 llutteni
1455 3674 1543 3728 locum
1562 3676 1595 3725 de
1608 3675 1717 3725 Zosime
1736 3692 1813 3743 papa

432 3812 439 3827 ,
519 3762 556 3824 (a.
569 3761 627 3812 417.
642 3758 697 3826 sq.)
717 3759 996 3825 Carthaginiensique
1016 3760 1134 3810 concilio
1155 3766 1252 3811 centra
1266 3760 1410 3825 Pelagium
1429 3759 1537 3820 habito,
1559 3760 1593 3809 ad
1613 3759 1682 3823 quod
1700 3760 1813 3826 legatos

519 3863 582 3897 suos
601 3846 647 3896 illc
666 3847 793 3907 miserat,
817 3848 1001 3910 cogitassem,
1034 3861 1067 3895 cx
1091 3845 1166 3895 illius
1186 3846 1266 3911 epist.
1285 3843 1396 3895 Aurelio
1419 3849 1448 3894 et
1470 3846 1544 3895 univ.
1564 3845 1702 3909 episcopis
1723 3846 1812 3899 Afric.

519 3930 606 3993 §.ab
621 3932 753 3981 adnotavi
777 3930 827 3990 „Si
845 3929 917 3979 banc
940 3932 1025 3995 igitur
1043 3931 1258 3981 moderationem
1278 3936 1355 3980 extra
1374 3933 1480 3994 septum
1500 3929 1563 3978 fidei
1582 3935 1683 3980 nostrae
1702 3931 1813 3995 positus

520 4015 633 4083 [pectilia
645 4018 733 4076 Felix,
753 4016 844 4065 Actor.
858 4015 876 4064 1.
892 4012 930 4081 c.]
955 4017 1044 4065 tenuit
1063 4022 1160 4066 centra
1179 4015 1379 4066 sacerdotalem
1397 4013 1540 4079 pudorem,
1566 4014 1681 4078 indigna
1699 4017 1813 4067 omnine

519 4101 668 4152 credulitas
688 4099 849 4150 absentibus
867 4101 896 4150 in
915 4101 1057 4149 absentes:
1078 4105 1175 4165 quotus
1195 4101 1267 4150 enim
1286 4101 1399 4164 quisque
1413 4099 1539 4147 immunis
1553 4099 1708 4147 iim-cnietur
1722 4115 1739 4148 a
1752 4100 1812 4150 vul·

519 4203 599 4247 nere,
619 4187 642 4234 si
662 4186 696 4236 ad
715 4201 820 4235 omnem
840 4185 966 4235 ferientis
985 4187 1068 4235 ictum
1088 4185 1228 4234 credulum
1240 4189 1337 4249 pectus
1351 4185 1492 4248 aperitur?
1505 4222 1511 4233 .
1526 4221 1531 4231 .
1547 4220 1553 4231 .
1567 4181 1755 4234 Tolerabilius
1769 4191 1813 4235 est

520 4272 592 4321 esim
611 4271 784 4320 innocentem
805 4262 953 4334 quemlibet
971 4270 1076 4319 tardius
1101 4270 1232 4329 inveniri,
1259 4284 1338 4333 quam
1362 4269 1417 4318 cito
1441 4284 1488 4333 pro
1512 4272 1631 4317 nocente
1654 4267 1812 4321 damnari'‘.

518 4357 666 4406 Possumus
685 4355 769 4404 etiam
788 4355 823 4405 ad
839 4355 956 4405 Damasi
974 4355 1059 4405 verba
1078 4353 1154 4418 (can.
1169 4353 1209 4403 tc.
1224 4353 1304 4403 Caua.
1319 4355 1365 4403 XI.
1380 4353 1466 4417 qu.3.)
1485 4353 1602 4402 referre:
1622 4351 1744 4414 „Eorum
1765 4356 1813 4418 qui

518 4445 700 4501 accusantur,
724 4453 823 4489 causas
846 4439 982 4488 discutere
1006 4454 1059 4488 non
1083 4438 1150 4487 licet
1167 4440 1242 4504 prius
1261 4454 1340 4503 quam
1360 4438 1494 4488 canonice
1513 4437 1605 4486 vocati
1623 4435 1659 4487 ad
1678 4438 1814 4500 synodum

518 4527 648 4584 veniant,
668 4528 696 4573 et
714 4539 835 4589 praesens
854 4539 900 4588 per
918 4531 1082 4589 praesentem
1103 4529 1238 4587 agnoscat
1255 4523 1392 4573 veraciter
1411 4530 1439 4572 et
1457 4522 1598 4586 intelligat
1615 4537 1676 4585 quae
1696 4522 1723 4571 ei
1742 4523 1813 4573 obii·

518 4613 637 4660 cinntur.
658 4608 728 4672 qnod
747 4608 816 4657 bene
835 4611 863 4656 ct
880 4623 929 4672 per
942 4607 1114 4673 Sapientiam
1128 4607 1281 4658 Salomonis
1301 4605 1418 4672 [Eccles.
1432 4608 1478 4657 Xl.
1493 4604 1597 4672 i.sqq.]
1611 4605 1714 4656 dicitur
1733 4608 1814 4657 ‘Ante

519 4712 590 4759 quiam
608 4695 744 4754 scruteris,
764 4707 795 4741 ae
813 4692 1004 4756 reprehendas,
1025 4692 1151 4754 ‘Intettipe
1169 4696 1254 4755 priris,
1274 4699 1298 4742 et
1315 4699 1375 4742 triac
1392 4689 1516 4755 increpa',
1537 4692 1613 4741 ‘Ante
1632 4707 1705 4756 mara
1723 4693 1813 4742 madie-

518 4783 568 4835 ris,
588 4793 618 4827 ae
636 4778 812 4841 respondeas&
831 4778 868 4826 Et
885 4776 953 4826 licet
972 4776 1148 4840 apertissima
1166 4779 1203 4826 sit
1221 4778 1419 4828 contrariorum
1438 4776 1631 4842 reprehensio,
1655 4790 1752 4825 verum
1770 4781 1814 4828 ta·

519 4877 581 4912 men
600 4868 709 4927 oportet
732 4862 766 4911 ab
791 4860 834 4910 bia
859 4862 904 4923 qui
928 4860 986 4910 dati
1010 4861 1126 4910 suntad
1146 4878 1238 4911 eornm
1258 4863 1506 4921 examinationem,
1532 4861 1655 4911 ordinem
1678 4861 1813 4911 servari''.

520 4947 564 4997 Cf.
578 4947 661 4996 etiam
679 4945 845 4995 'Pertulliam
862 4943 896 4993 de
915 4945 1146 5009 praescriptionib.
1161 4964 1184 4997 e.
1199 4946 1240 4998 35.
1266 4946 1369 5008 ,‚..hec
1393 4947 1447 4995 crit
1467 4946 1653 4996 testimonium
1671 4945 1813 5007 veritatis,

519 5031 621 5095 ubique
641 5030 802 5092 occupantis
820 5026 1045 5095 principatum.'']
1084 5030 1104 5062 ¹⁰
1123 5028 1225 5097 Magis]
1238 5032 1299 5080 Act.
1313 5036 1399 5094 apost.
1414 5029 1492 5080 V.‘29.
