4300 6059
417 691 543 729 aarum
556 691 593 727 nu
605 690 754 726 ruancrrus
766 690 892 726 arumna
907 691 1016 725 neuneu
1027 690 1126 724 rvncm
1140 689 1281 725 inrorans
1293 672 1612 738 exuournrouis.(lsts.l
1624 659 1705 730 105

417 847 558 926 quamdiu
580 847 689 915 mansi,
713 845 807 905 donec
829 845 888 905 Leo
910 845 945 906 X.
969 862 1068 905 rerum
1091 847 1208 924 potitus·
1221 846 1295 906 mire
1311 844 1475 924 placente'm
1492 846 1586 906 erexit
1601 847 1704 906 inscri-

416 949 566 1028 ptionem,
589 965 696 1026 nempe
719 966 813 1008 neom
835 967 954 1013 unoruo
977 966 1215 1008 aususvnarom
1238 966 1344 1008 aneis:
1377 955 1447 1008 tunc
1470 949 1576 1008 etenim
1599 940 1773 1007 intelli-⁵³¹·

416 1068 491 1128 gere
513 1050 589 1128 ompi
612 1050 647 1110 ad
672 1050 826 1129 pristinum
849 1067 934 1109 suum
957 1055 1063 1108 statum
1087 1048 1208 1109 rediisse
1230 1050 1407 1128 pontificiam
1430 1049 1615 1125 dignitatem:
1639 1066 1705 1110 nam

417 1151 584 1213 Urbinense
608 1153 758 1229 negotium
781 1169 840 1210 non
864 1149 991 1220 bellum,
1020 1151 1071 1211 sed
1105 1151 1250 1228 quandam
1280 1151 1363 1229 quasi
1390 1148 1451 1228 lupi
1473 1169 1490 1210 a
1513 1150 1605 1210 caulis
1627 1151 1706 1212 deie-

394 1255 549 1314 ⁵ctionem
571 1269 679 1314 vocare
701 1252 848 1314 iubemur.
893 1251 957 1321 Quo
980 1253 1072 1328 magis
1095 1253 1226 1312 admiror
1248 1251 1297 1312 illo
1320 1252 1383 1329 ipso
1406 1259 1604 1313 restauratore
1627 1255 1706 1332 pacis

416 1355 595 1436 praesidente
616 1354 887 1417 Reverendissimos
910 1373 967 1414 non
989 1355 1059 1414 salis
1081 1361 1185 1433 putare
1207 1355 1231 1414 si
1246 1354 1407 1414 decernant
1422 1352 1654 1433 exhortationem
1669 1356 1705 1416 ad

416 1477 489 1526 nos,
514 1464 547 1518 ut
567 1455 678 1518 bellum
701 1457 905 1536 suscipiamus,
928 1458 1059 1523 mittere,
1084 1457 1139 1515 nisi
1161 1462 1191 1515 et
1206 1456 1353 1532 quomodo
1373 1456 1589 1535 suscipiendum
1606 1476 1640 1517 ac
1655 1476 1704 1535 ge·

418 1560 563 1630 rendum,
593 1559 732 1620 nimirum
759 1556 838 1619 bello
866 1558 979 1618 adsueti
1002 1558 1152 1626 homines,
1183 1538 1335 1618 edoceant.
1373 1558 1459 1636 Atqui
1483 1565 1515 1618 ut
1537 1558 1607 1619 nilril
1630 1555 1774 1638 opust-5²·

418 1667 484 1745 erat
506 1662 581 1729 istis,
610 1662 648 1721 ita
670 1659 753 1721 valde
776 1659 967 1720 conveniebat
988 1661 1144 1738 pecuniam
1172 1657 1257 1719 nobis
1287 1660 1490 1739 suppeditare,
1521 1661 1612 1722 rebus
1643 1660 1707 1722 aliis

384 1761 491 1822 lobnic
513 1763 598 1842 operi
620 1762 795 1824 necessariis
816 1761 934 1823 abunde
956 1763 1121 1823 instructis:
1150 1780 1218 1821 nam
1248 1767 1277 1822 et
1307 1762 1411 1822 milites
1434 1768 1502 1821 snut
1525 1771 1554 1823 et
1575 1781 1657 1824 arma
1679 1770 1708 1824 et

418 1865 505 1942 eqni,
533 1871 677 1942 praeterea
700 1865 790 1925 duces
812 1873 954 1944 qnantum
976 1865 1006 1923 in
1035 1862 1114 1923 ncilla
1142 1862 1197 1923 alia
1225 1865 1353 1923 liatione.
1399 1870 1485 1942 atque
1513 1866 1625 1925 utinam
1655 1864 1706 1926 ali-

418 1964 537 2043 quando
560 1985 623 2025 rem
646 1968 771 2035 intueri,
800 1985 834 2026 ac
858 1984 917 2026 non
940 1968 1001 2026 suis
1023 1966 1142 2044 quidem
1165 1984 1196 2025 se
1223 1965 1360 2026 lraudare
1392 1965 1586 2044 voluptatibus
1615 1965 1707 2045 (nelos

416 2073 463 2127 est
485 2068 563 2126 euim
586 2085 754 2145 quenquam
776 2067 1098 2151 Reverendissimorum
1122 2066 1166 2128 rel
1189 2066 1333 2127 tantillum
1357 2071 1454 2147 egere)
1479 2086 1578 2128 verum
1602 2063 1774 2130 eorumm-

416 2167 528 2246 aliquid
552 2169 587 2229 ad
611 2168 666 2229 boc
689 2168 800 2231 bellurn
823 2170 958 2229 conferre
982 2187 1047 2248 qnae
1069 2170 1099 2228 ln
1122 2177 1164 2228 tot
1190 2170 1260 2229 istos
1289 2178 1448 2246 erogantur
1470 2169 1706 2240 ltelerendarios,

379 2271 626 2340 ‚uPromotores
654 2270 834 2341 Advocatos,
862 2272 1060 2341 Camerarius
1090 2272 1258 2350 Scriptores
1280 2270 1472 2348 apostolicos,
1500 2271 1657 2333 Auditores
1679 2279 1708 2334 et

415 2372 575 2433 Auditores
607 2380 693 2441 cote,
723 2374 927 2443 Correetores,
957 2372 1184 2433 Abbreviatores
1212 2373 1248 2433 de
1279 2389 1367 2450 parca
1398 2374 1502 2433 maiori
1532 2380 1560 2434 et
1587 2376 1706 2445 minori,

417 2472 638 2544 Cubicularios,
666 2473 874 2544 ExcubitoreS,
903 2475 1097 2544 Lectionum,
1126 2474 1260 2544 Scribas,
1289 2474 1441 2543 Notarius,
1471 2476 1705 2545 l‘rotonotarios,

417 2575 617 2645 Secretarios,
642 2575 787 2656 Copidas,
812 2576 1040 2644 Procuratores,
1070 2574 1220 2645 Pcdellos,
1252 2575 1410 2645 Censores,
1434 2576 1627 2648 Scobatores,
1652 2578 1706 2638 Co-

417 2695 484 2746 cos,
509 2676 674 2738 Piscatores
695 2698 730 2740 ac
752 2679 926 2749 Venatores,
956 2677 1100 2739 lluliones
1127 2697 1161 2737 ac
1189 2677 1367 2754 Equisones,
1400 2685 1429 2738 et
1455 2676 1521 2738 illos
1550 2679 1705 2741 advirum

382 2797 513 2857 eousque
535 2778 729 2856 deglubentes
751 2779 945 2860 apostolicum
968 2778 1274 2866 gregemsslliciales,
1305 2797 1342 2839 ne
1372 2797 1423 2839 eos
1452 2780 1568 2841 interim
1591 2781 1705 2853 addam,

416 2898 546 2959 quocum
566 2880 678 2959 ubique
700 2889 897 2961 preterquam
919 2884 950 2942 in
972 2881 1024 2941 illa
1047 2888 1147 2942 saneta
1169 2882 1251 2942 curia
1266 2882 1363 2960 turpis
1375 2883 1485 2942 mentio
1502 2890 1553 2963 est.
1592 2883 1774 2953 eorum,l·²¹·
1830 2916 1832 2921 ·

416 2984 555 3060 inquam,
579 2981 688 3067 aliquid
710 2983 769 3044 hue
792 2985 955 3054 remittant,
980 2983 1216 3062 quandoquidem
1239 3001 1335 3043 annos
1357 2983 1415 3042 iam
1430 2984 1518 3043 nimis
1534 2983 1641 3045 multos
1656 3003 1706 3063 pe·

417 3084 521 3145 eunias
543 3103 560 3144 a
582 3085 737 3146 Germanis
759 3102 832 3163 quas
861 3088 893 3146 in
920 3084 1030 3147 bellum
1053 3086 1212 3147 Asiaticum
1241 3087 1390 3146 insumant
1417 3082 1616 3155 abstulerunt,
1647 3106 1705 3166 quo

417 3185 531 3248 facilius
554 3194 599 3247 tot
620 3187 716 3248 modis
737 3190 880 3250 attenuati
902 3195 1034 3266 sumptus
1057 3186 1126 3248 belli
1149 3186 1236 3247 lnrins
1258 3188 1402 3255 lenonium
1425 3193 1474 3247 aut
1495 3185 1598 3247 saltem
1621 3187 1706 3250 nobis

383 3287 464 3352 racel
487 3288 524 3348 ad
548 3295 665 3366 tempus
687 3281 835 3351 remittant
857 3307 922 3367 quar
945 3309 1000 3369 pro
1022 3289 1118 3368 palliis
1142 3287 1372 3368 episcopalibus,
1396 3289 1425 3348 in
1449 3288 1511 3348 dies
1533 3297 1706 3367 augentese

416 3392 514 3471 pretio
536 3392 569 3450 in
591 3398 704 3451 tantum
727 3394 840 3452 utiam
863 3410 961 3453 emere
984 3388 1098 3470 aliquos
1120 3392 1233 3468 pigeat,
1256 3389 1413 3459 solvimus,
1437 3397 1487 3450 aut
1509 3408 1575 3468 qum
1597 3393 1626 3451 in
1641 3390 1707 3451 lites

416 3494 482 3553 istic
506 3491 573 3570 plns
594 3491 696 3573 hydrae
718 3492 862 3572 capitibus
885 3502 1091 3555 excrescentes
1112 3491 1339 3571 irnpendnntur;
1363 3499 1412 3552 aut
1427 3511 1496 3552 vero
1512 3492 1619 3571 quibus
1634 3512 1704 3553 eon·

417 3595 605 3663 donationes,
629 3595 878 3674 dispensationes,
901 3597 1009 3673 gratias
1031 3614 1066 3656 ac
1088 3595 1116 3655 id
1140 3613 1233 3673 gertus
1255 3594 1351 3657 bullas
1374 3595 1508 3656 emimus.
1544 3593 1614 3663 uua
1637 3603 1773 3656 comto.

416 3715 477 3757 non
499 3696 657 3768 inutiliter,
680 3706 712 3758 ut
735 3698 839 3767 credo,
871 3715 1005 3758 moneam
1028 3705 1057 3760 et
1079 3696 1136 3757 illis
1165 3698 1242 3757 lactu
1272 3696 1408 3758 facillima
1436 3698 1508 3766 sint,
1537 3695 1706 3757 huiusmodi

385 3806 517 3859 solamen
540 3807 586 3860 est
608 3799 665 3859 boc
689 3799 844 3860 consilium
867 3817 980 3868 meum,
1009 3806 1041 3859 ut
1069 3801 1105 3860 de
1133 3801 1310 3878 patrimonio
1340 3799 1397 3859 dici
1424 3798 1505 3859 Petri
1534 3817 1571 3858 ne
1600 3799 1705 3878 stipem

417 3901 536 3979 quidem
559 3900 716 3962 detrahere
739 3901 873 3973 iubeam:
897 3919 1065 3980 quanquam
1088 3900 1141 3963 ubi
1163 3905 1273 3963 rectius
1295 3900 1367 3962 illud
1389 3909 1550 3962 attererent
1563 3902 1705 3980 patrimo·

414 4153 481 4204 lium
498 4156 589 4205 virum
607 4155 798 4222 gravissimum
817 4161 845 4207 et
862 4155 996 4206 laudabili
1008 4158 1160 4208 severitate
1173 4157 1365 4216 venerandum,
1385 4171 1479 4206 ensem
1490 4155 1637 4206 militarem
1650 4156 1706 4207 ela·

414 4240 494 4293 vibus
513 4241 542 4290 iu
560 4241 690 4306 Tyberim
714 4241 848 4292 coniectis
872 4241 1026 4292 accinxisse
1049 4258 1082 4291 ae
1107 4241 1211 4303 Quando
1235 4246 1317 4293 claues
1336 4243 1409 4292 Petri
1431 4241 1491 4291 nitur
1510 4248 1633 4304 prosunt,
1658 4259 1706 4306 ope

413 4327 524 4391 plodimu
546 4326 621 4376 Pauli
643 4328 823 4392 disteduqamua
846 4326 981 4376 dixissed*
1051 4324 1061 4357 ²
1087 4326 1130 4376 cf.
1145 4326 1197 4376 vol.
1211 4328 1233 4376 1.
1247 4345 1272 4392 p.
1288 4324 1345 4376 156.
1359 4328 1383 4386 5.
1396 4327 1421 4374 2.
1436 4331 1464 4375 et
1476 4343 1502 4391 p.
1516 4324 1574 4374 241.
1588 4327 1627 4387 55.
1641 4327 1665 4376 l.
1679 4327 1705 4378 5.

415 4408 513 4460 ⁴n2m
531 4410 639 4461 urbium
657 4427 687 4461 se
705 4415 731 4461 2.
787 4411 913 4461 caulibus
932 4415 990 4462 tal.
1009 4413 1058 4461 red
1072 4416 1113 4461 vet
1128 4413 1153 4460 ai
1162 4412 1290 4461 Hicttenne
1308 4411 1434 4461 caulibus
1451 4413 1604 4475 scripsisset,
1623 4418 1706 4462 tamen

413 4497 529 4546 mendum
546 4499 636 4546 tollere
653 4501 729 4545 ouum
747 4502 794 4545 eat.
847 4495 858 4527 ⁶
876 4497 1046 4549 Reverentia.
1059 4503 1097 4546 sie
1109 4500 1134 4545 2.
1150 4497 1209 4545 inde
1222 4495 1456 4546 Reverendissimi
1470 4498 1494 4545 l.
1551 4496 1562 4528 ⁸
1581 4497 1618 4546 el.
1632 4497 1705 4547 infra

413 4580 495 4631 Cous.
509 4580 585 4631 Rom.
600 4585 628 4630 et
638 4580 728 4630 Stabit
746 4580 826 4645 epist.
839 4582 907 4632 item
925 4581 1035 4632 Vadisc.
1048 4582 1072 4642 5.
1088 4579 1144 4638 186.
1163 4579 1428 4646 (columpnae.)
1474 4578 1494 4612 ¹⁴
1511 4585 1553 4632 tot
1570 4582 1648 4643 istos]
1668 4583 1705 4633 ef.

412 4664 526 4717 vidue.
540 4666 564 4726 5.
577 4663 636 4715 213.
655 4665 779 4715 Praedon.
792 4666 816 4726 5.
832 4664 888 4715 180.
937 4663 956 4696 ¹⁶
969 4681 1055 4730 parea
1068 4682 1218 4732 spurcum
1227 4685 1263 4710 =
1275 4665 1409 4716 cancellis
1421 4665 1556 4717 inclusum
1569 4667 1704 4719 conclave

413 4766 436 4802 s.
450 4750 592 4812 scrinium,
613 4749 723 4801 Gallice
739 4756 858 4817 porquet.
924 4747 942 4781 ¹⁹
961 4752 1053 4800 vivum
1071 4753 1191 4814 correxi,
1210 4767 1291 4801 unum
1309 4752 1368 4800 edd.
1426 4749 1449 4782 ²⁰
1468 4749 1524 4817 ooo]
1545 4753 1591 4816 qui
1609 4750 1706 4801 mulie·

413 4835 473 4886 bria
491 4836 640 4902 patiuntur.
688 4833 709 4866 ²¹
728 4835 815 4901 turpis
833 4835 947 4893 mentio]
968 4834 1005 4884 el.
1018 4834 1107 4885 Oratt.
1120 4837 1150 4886 in
1162 4835 1223 4886 duc.
1237 4836 1355 4887 virelv.
1369 4836 1393 4897 5.
1404 4833 1446 4886 48.
1459 4835 1491 4883 V.
1501 4835 1526 4896 5.
1538 4834 1579 4887 40.
1625 4834 1648 4867 ²⁸
1664 4837 1706 4886 in·

363 4916 369 4927 '
412 4925 524 4970 sumant
547 4934 617 4970 corr.
631 4924 656 4971 2.
679 4934 728 4984 pro
751 4920 907 4969 instituant.
932 4919 975 4969 cf.
990 4919 1055 4969 dial.
1067 4920 1201 4985 Parquill.
1213 4923 1237 4983 5.
1249 4919 1292 4971 26.
1304 4904 1417 4971 ρι’ἰηίη
1430 4918 1520 4969 Oratt.
1534 4921 1567 4970 de
1580 4920 1705 4970 decimis.

411 5003 553 5056 “sumtus
572 5006 597 5055 l.
649 5001 672 5034 ²⁵
690 5010 826 5069 augentes
845 5002 860 5052 d
879 5006 904 5052 2.
921 5005 970 5053 sed
985 5019 1054 5053 corr.
1067 5005 1086 5052 i.
1096 5003 1118 5066 s.
1171 5002 1193 5036 ³⁰
1211 5021 1299 5056 meum
1318 5010 1342 5055 2.
1362 5006 1411 5069 ts.
1430 5005 1491 5054 add.
