4300 6059
238 703 250 759 ζ
313 714 345 749 .·
405 695 408 698 ’
468 677 537 747 144
571 695 1740 745 n.rvccrrarosr.auu.1.suarrnxuoa'r.asuvarron.coarnnrunc.n.vr.nnc.tnta·

462 866 612 939 provincias
635 866 748 940 imperio
771 884 835 927 suo,
866 865 938 938 quod
968 864 1088 940 alioquin
1118 868 1259 922 maximum
1288 875 1315 923 et
1343 864 1650 922 nohis-lormidulosum
1673 876 1750 936 erat,-

464 949 612 1006 incredihili
635 954 762 1006 successu
786 949 895 1011 adiecit.
925 949 1005 1007 rebus
1029 951 1153 1008 omnihus
1174 951 1218 1024 ⁴(id
1248 952 1320 1026 quod
1342 945 1452 1023 ministre
1475 950 1644 1024 sperabatur)
1667 968 1740 1006 com·

463 1035 569 1109 positis,
592 1033 853 1108 Constantinopolim
871 1035 982 1093 rediisse
1004 1053 1071 1093 auro
1094 1045 1175 1110 atque
1197 1045 1311 1109 argento
1327 1043 1467 1098 onustum,
1491 1054 1520 1090 ac
1537 1043 1610 1091 unm
1626 1035 1738 1092 victoria

461 1119 575 1182 elatum,
605 1105 726 1194 nihilque
746 1119 805 1175 suis
826 1118 938 1194 perfidis
961 1106 1104 1213 corffiibus
1133 1122 1184 1177 iam
1212 1121 1321 1178 obstare
1349 1137 1433 1195 posse
1465 1128 1650 1227 reputantem.
1684 1137 1739 1175 raon

461 1204 532 1260 aliud
554 1205 697 1278 quicquam
719 1205 839 1278 cogitare
862 1223 941 1278 quam
963 1212 995 1262 ut
1015 1206 1121 1263 oriente
1143 1206 1255 1263 subacto
1277 1205 1396 1280 reliquas
1418 1204 1605 1278 orbis-partes
1620 1205 1647 1260 in
1663 1222 1769 1261 suams

461 1291 624 1346 teterrimam
640 1308 671 1347 ac
691 1289 908 1346 nefandissimam
930 1291 1088 1348 servitutem
1103 1292 1216 1365 redigat.
1245 1292 1447 1366 Proptereaque
1462 1289 1534 1346 ultra
1549 1288 1739 1345 validissimam

459 1375 572 1433 classem
589 1374 671 1432 illam
700 1392 780 1449 quam
809 1392 823 1431 s
888 1375 943 1442 ¹iori
971 1393 1041 1442 anuo
1068 1385 1223 1450 paraverat,
1252 1377 1331 1432 aliam
1358 1393 1423 1441 uon
1441 1375 1571 1450 minorem
1593 1374 1737 1435 instruere,

461 1460 625 1534 insuperque
647 1459 784 1515 terrestris
800 1384 934 1553 effitus
947 1461 1040 1534 copias
1055 1478 1168 1517 numero
1183 1462 1308 1534 ingentes
1324 1478 1353 1516 ac
1368 1458 1468 1516 roliore
1482 1457 1582 1515 validas
1598 1457 1737 1532 colligere.

460 1544 557 1618 quihus
579 1558 633 1600 uou
648 1544 755 1600 ltaliam
778 1536 938 1618 morlo‘ss'(cui
961 1562 1068 1619 semper
1090 1546 1211 1619 inhiavit)
1238 1546 1286 1603 sed
1307 1545 1457 1601 universam
1480 1560 1590 1618 qnoque
1610 1542 1738 1598 Christia-

459 1631 571 1685 uitatem
592 1628 719 1702 subigere
740 1629 847 1702 pessit(
881 1630 1013 1703 quendam
1040 1638 1171 1704 praeterea
1200 1640 1345 1704 oratorem
1364 1646 1442 1686 suum
1464 1627 1588 1684 Venetias
1614 1629 1771 1701 proximem

460 1715 579 1776 misisse.
603 1731 635 1770 eo
658 1714 766 1787 quidem
788 1722 934 1788 praetextu.
957 1723 989 1770 ut
1010 1715 1043 1770 de
1065 1716 1177 1772 victoria
1199 1726 1292 1773 contra
1316 1714 1460 1771 soldanum
1481 1722 1559 1787 parta
1580 1731 1640 1769 cum
1656 1730 1737 1787 repu-

459 1800 527 1855 blica
549 1798 596 1856 illa
617 1799 668 1855 sihi
689 1798 870 1857 cordmderata
893 1800 1035 1873 gauderet,
1058 1801 1146 1859 timeri
1169 1811 1231 1858 aute
1350 1799 1402 1856 alio
1426 1799 1536 1855 tendant
1550 1797 1664 1854 consilia
1678 1815 1736 1861 sua,

459 1902 518 1940 eum
541 1885 656 1941 civitatis
678 1882 751 1939 illius
773 1885 886 1940 lormam
909 1903 939 1940 ac
960 1883 1042 1941 situm
1064 1903 1096 1940 ex
1119 1817 1384 1971 quaerehamus
1406 1885 1475 1940 turri
1504 1882 1637 1957 speculari
1658 1883 1737 1938 Pata·

460 1971 529 2026 riurn
553 1986 660 2043 quoque
683 1969 787 2030 videre,
810 1977 837 2024 et
859 1977 954 2024 cuncta
975 1970 1092 2025 civitatis
1115 1970 1187 2026 illius
1209 1968 1412 2046 propugnacula
1435 1967 1619 2025 curiosissime
1642 1967 1735 2022 rimari

459 2053 588 2115 voluerit,
611 2054 687 2128 quasi
710 2069 740 2108 ea
763 2054 851 2109 omnia
873 2072 887 2108 a
910 2071 959 2109 suo
983 2050 1107 2128 lychno
1130 2057 1185 2112 siut
1207 2056 1382 2130 expugnanda
1405 2072 1465 2128 quaa
1488 2053 1548 2108 aliis
1571 2052 1770 2127 inexpuguaqs

391 2139 521 2198 tet-thilia
544 2139 628 2196 luisse
649 2140 815 2212 cognoverit.
858 2138 1014 2212 heeepunus
1036 2149 1169 2213 praeterea
1191 2160 1206 2197 a
1228 2135 1735 2220 prelaltosauetissimolt.ll.e1em-

457 2224 517 2297 plar
537 2224 713 2280 discussionis
735 2224 811 2279 laetae
833 2227 882 2296 per
903 2224 1072 2307 sauctiqnem
1095 2243 1169 2281 suam
1192 2243 1252 2282 curu
1275 2224 1471 2282 venerabilibus
1487 2221 1616 2278 iratribus
1631 2231 1732 2278 sauctae

457 2311 582 2366 llomanae
604 2308 724 2365 ecclcsiae
748 2307 931 2364 Cardiualibus
959 2309 1125 2383 ac'siugulis
1148 2311 1360 2372 Christianorum
1390 2309 1541 2384 principum
1567 2306 1732 2368 oratoribus,

456 2401 537 2467 atque
559 2393 591 2450 ad
615 2410 706 2450 omues
728 2410 820 2448 eoram
843 2410 922 2467 reges
943 2393 1132 2468 principesque
1156 2397 1336 2453 transmisisse
1357 2396 1390 2450 dc
1412 2392 1565 2450 huiusmodi
1588 2399 1679 2446 sancta
1702 2409 1732 2446 ac

456 2478 603 2535 necessaria
620 2477 788 2552 expeditione
809 2486 902 2534 contra
925 2477 1056 2552 perfidum
1079 2479 1167 2553 ipsum
1184 2483 1328 2537 Turcarum
1346 2488 1488 2554 tyranuum
1511 2476 1653 2537 sumenda,
1677 2493 1728 2549 qua
1740 2497 1766 2536 ao

456 2563 561 2636 quidem
583 2562 675 2637 plures
698 2562 804 2619 articuli
826 2563 1013 2619 eontinentur:
1036 2564 1141 2627 Primo,
1164 2572 1254 2621 utrum
1277 2566 1329 2621 hoc
1351 2563 1450 2620 liellum
1465 2562 1501 2618 sit
1516 2560 1731 2633 suscipiendum:

455 2648 586 2712 Secundo,
608 2657 699 2704 utrum
721 2647 847 2704 ollensive
869 2666 902 2704 au
924 2649 1059 2705 delensive
1081 2650 1295 2723 suscipiendum:
1319 2649 1411 2707 Tertio
1433 2664 1554 2723 quaenam
1576 2645 1731 2701 huiusmodi

455 2731 556 2790 bellum
575 2736 688 2808 possent
717 2733 859 2808 impedire;
886 2733 1002 2801 Quarto,
1031 2732 1130 2790 bellurn
1152 2753 1186 2792 ue
1218 2752 1271 2811 per.
1296 2753 1388 2792 omues
1416 2732 1553 2808 principes
1581 2731 1729 2803 gerendum

454 2819 503 2881 sit,
526 2836 560 2874 an
581 2837 631 2892 per
653 2817 772 2897 aliquos,
801 2826 828 2874 et
850 2835 981 2893 quosnam
1004 2817 1081 2883 illos;
1110 2820 1223 2887 Quinto,
1253 2838 1313 2894 quaa
1335 2819 1476 2894 apparatui
1500 2816 1566 2887 tanti
1588 2813 1652 2871 belli
1675 2817 1731 2870 siut

453 2903 616 2968 recesserim
639 2898 719 2959 Seite
742 2911 770 2959 et
785 2902 895 2967 ultimo,
918 2904 1054 2979 quomodo
1076 2902 1177 2961 bellum
1192 2905 1429 2962 administrandum
1444 2904 1494 2964 sit,
1517 2898 1641 2956 videlicet
1657 2907 1729 2955 terra
1739 2920 1765 2958 as

453 3005 485 3043 au
508 2989 587 3051 mari,
616 3006 648 3044 au
673 2987 751 3044 simul
776 2996 846 3044 terra
868 2996 896 3044 et
917 2988 998 3050 mari,
1026 3006 1060 3044 au
1082 2989 1174 3045 divisis
1196 2989 1318 3065 partibus
1341 2987 1538 3065 aggrediendus
1568 2984 1603 3040 sit
1631 2984 1729 3046 hostis,

452 3071 492 3158 qel
515 3090 568 3129 uno
591 3074 683 3147 potius
707 3074 821 3147 impetu.
844 3091 877 3129 aa
901 3074 966 3130 totis
988 3073 1095 3130 insimul
1117 3074 1219 3131 viribus
1242 3075 1419 3150 impetendus.
1463 3071 1596 3140 Quantum
1619 3069 1652 3124 ad
1673 3070 1729 3143 pri-

448 3174 523 3233 mum
544 3158 701 3214 conclusum
724 3166 765 3214 est
787 3159 896 3215 omniuo
919 3159 1118 3232 suscipiendum
1133 3177 1206 3222 esse,
1229 3178 1289 3217 cnm
1311 3169 1405 3216 noster
1419 3169 1537 3216 aeternus
1560 3163 1641 3228 atque
1658 3154 1727 3211 idem

450 3243 655 3316 potentissimus
677 3243 763 3298 hostis
785 3245 914 3300 maximos
936 3253 1079 3317 apparatus
1102 3245 1196 3301 lecerit
1217 3263 1247 3302 ac
1270 3246 1357 3301 lacere
1379 3262 1434 3301 uon
1455 3243 1566 3300 desistat
1574 3247 1589 3302 ,⁸
1604 3248 1634 3295 ut
1648 3239 1728 3299 mise·

378 3347 380 3350 ⁴
450 3344 496 3383 ros
517 3327 684 3384 Christianos
713 3327 837 3400 (miseros
866 3329 986 3402 inquam.
1015 3330 1041 3385 ui
1071 3331 1175 3397 tandem
1204 3338 1246 3386 tot
1272 3331 1368 3386 divinis
1396 3325 1590 3386 monitionibus
1617 3325 1763 3386 excitatius

451 3412 578 3486 incipiant
599 3430 694 3488 sapere
716 3431 775 3486 quaa
789 3414 895 3475 ,Christi
917 3414 991 3487 sunt)
1013 3423 1102 3476 statu,
1126 3416 1232 3488 reguis.
1254 3415 1385 3476 fortunis.
1414 3414 1493 3472 honis
1515 3409 1640 3469 omuibus
1661 3410 1727 3465 vita·
1756 3447 1760 3456 ·

450 3501 503 3569 qu'e
526 3498 583 3571 ipsa
606 3497 731 3554 exturbet
753 3507 832 3572 atque
856 3497 981 3572 expoliet.
1016 3492 1085 3566 ¹Quo
1101 3499 1133 3554 ad
1156 3500 1302 3556 seeundum
1324 3498 1448 3574 pluribus
1471 3495 1622 3555 rationibus
1637 3494 1722 3551 risum

449 3588 490 3636 est
519 3578 617 3639 liell'um
648 3583 739 3657 potius
767 3583 893 3639 olleusive
921 3582 1120 3657 suscipiendum
1152 3602 1230 3658 qnam
1253 3585 1388 3640 delensive
1410 3585 1567 3658 gerendum.
1611 3578 1670 3646 Quo
1693 3580 1725 3635 ad

450 3668 572 3729 tertium,
596 3666 658 3723 licet
680 3667 758 3741 plura
773 3668 1057 3726 inconsiderationem
1080 3671 1210 3731 venerint,
1234 3687 1316 3725 uuum
1339 3677 1428 3725 tamen
1450 3669 1586 3744 praecipue
1601 3665 1725 3722 conside

448 3760 535 3808 ratum
552 3762 602 3814 est,
625 3753 697 3826 quod
713 3761 766 3808 tam
781 3751 898 3809 salutare
914 3761 1022 3826 tamque
1038 3755 1219 3811 necessarium
1242 3754 1342 3810 bellum
1365 3772 1419 3810 uon
1441 3754 1513 3814 aliud
1536 3752 1621 3824 magis
1637 3750 1758 3823 impe-aa

431 3835 504 3892 'dire
526 3844 572 3893 aut
594 3838 730 3894 retardare
758 3846 864 3912 posset,
894 3856 973 3911 qnam
999 3838 1133 3896 discordia
1155 3838 1368 3895 Christianorum
1395 3839 1563 3914 principum:
1590 3835 1653 3891 lruic
1676 3836 1724 3890 im·

431 3922 599 3994 'pedimento
616 3921 736 3979 tollendo
751 3924 805 3979 duo
821 3932 884 3979 suut
899 3924 1016 3980 remedia
1031 3926 1199 3998 excogitata,
1221 3925 1352 3985 Primum.
1369 3925 1441 3997 quod
1457 3923 1597 3997 generales
1613 3920 1724 3976 ouruiuo

446 4007 561 4063 induciae
584 4008 615 4062 ad
638 4024 735 4063 anuum
758 4006 852 4064 saltem
875 4026 905 4064 ac
926 4008 1011 4064 donec
1033 4009 1132 4067 bellum
1154 4009 1206 4066 hoc
1221 4009 1418 4065 sanctissimum
1433 4009 1608 4087 perduraret,
1632 4022 1661 4061 ac
1676 4022 1723 4061 sea

446 4107 550 4148 aienses
572 4091 657 4154 ultra,
680 4093 862 4149 intercedente
885 4093 1002 4149 omnium
1019 4093 1232 4150 Christianorum
1254 4095 1406 4168 principum
1422 4094 1581 4155 iuramento,
1597 4110 1628 4147 ac
1642 4089 1722 4145 etiam

378 4234 381 4238 ,
445 4175 495 4230 suh
517 4176 755 4234 ecclesiasticarum
774 4180 949 4234 'censurarum
971 4179 1147 4234 anathematis
1168 4179 1381 4253 privationisque
1396 4196 1554 4253 regnorum,
1577 4178 1757 4238 honorumaa

444 4261 648 4335 privilegiorum
670 4281 700 4318 ac
723 4264 820 4319 iurium
843 4263 930 4337 pmuis
952 4256 1121 4326 sancientum
1144 4263 1309 4327 Secundum,
1331 4272 1413 4340 atque
1436 4265 1461 4319 id
1484 4264 1604 4322 sanctius
1626 4271 1654 4319 et
1668 4262 1721 4317 uti·

444 4345 497 4401 lius
519 4348 604 4403 visum
626 4355 680 4410 est,
705 4348 778 4421 quod
799 4365 851 4404 uua
873 4356 965 4404 sancta
987 4349 1142 4422 fraternitas
1165 4349 1379 4406 Christianorum
1406 4349 1559 4423 principum
1587 4365 1647 4405 cum
1669 4346 1722 4402 llo-

444 4447 523 4487 mano
538 4430 665 4505 pontifice
680 4432 774 4489 eodem
790 4433 939 4489 iuramento
955 4431 1049 4488 vallata
1071 4432 1225 4507 eisdemque
1247 4435 1368 4491 censuris
1390 4442 1418 4490 et
1439 4435 1526 4507 poenis
1547 4443 1642 4491 contra
1662 4448 1721 4489 eam

376 4511 594 4596 ‹p,5,)viollautem
617 4509 763 4580 elliciatur.
793 4534 877 4591 eaque
901 4518 1065 4573 'fraternitas
1087 4527 1187 4574 sauctae
1208 4519 1342 4575 cruciatae’
1363 4519 1561 4575 denominetur.
1605 4519 1664 4586 Quo
1686 4518 1719 4573 ad

444 4610 584 4675 quartum.
607 4618 667 4657 cum
689 4619 815 4658 uumerus
837 4602 948 4662 ducum,
973 4602 1020 4675 qui
1042 4603 1099 4676 pari
1122 4612 1259 4676 potestate
1281 4605 1337 4659 sint
1358 4604 1477 4676 praediti,
1502 4604 1528 4660 iu
1552 4611 1605 4659 tam
1621 4620 1754 4676 magnoaa

441 4687 561 4742 exercitu
582 4702 670 4760 neque
692 4687 873 4747 necessarius.
901 4702 987 4760 ueque
1015 4685 1090 4743 utilis
1118 4688 1227 4744 luturus
1249 4689 1416 4763 apparuerit.
1445 4697 1473 4744 et
1495 4698 1583 4744 tamen
1605 4696 1720 4764 propter

440 4769 571 4827 humanos
597 4788 676 4828 casus
703 4772 773 4828 duos
799 4770 893 4826 saltem
922 4772 1043 4844 potentia
1065 4773 1279 4847 auctoritateque
1302 4789 1396 4846 magna
1419 4773 1549 4847 praeditos
1571 4782 1719 4849 mutuaque
1797 4796 1809 4814 ’

507 4951 528 4985 ¹⁰
540 4958 675 5004 oratorum
689 4960 716 5004 A.
765 4951 880 5002 '‘tirniri
894 4961 919 5001 A.
961 4956 1113 5007 trudunt'A.
1157 4953 1175 4986 ¹⁴
1194 4953 1277 5004 illsA.
1324 4952 1345 4984 μ
1358 4955 1512 5019 perdurarit
1523 4961 1552 5006 A.
1599 4955 1621 4987 ³⁶
1640 4957 1716 5009 ctri-

441 5034 588 5088 l'ticnorum
601 5043 630 5087 A.
665 5038 684 5070 ⁴¹
704 5039 782 5103 penis
795 5042 822 5084 Α.
835 5045 860 5087 et
876 5044 914 5088 sic
928 5043 1013 5103 praealto
1031 5042 1110 5103 iufra
