4300 6059
523 665 572 739 20
670 695 793 732 nvr'rnrtl
812 694 841 731 nt
860 694 1005 741 rnnlcnvu
1024 695 1301 750 WIBTssNPEBGRNSBU
1320 697 1422 731 omro
1442 696 1460 730 l.
1480 697 1546 731 EST·
1560 698 1586 732 A.
1601 690 1659 730 1515.

523 849 572 912 hic
594 850 650 911 dici
672 857 823 930 poterant,
847 857 876 912 et
898 850 934 911 de
959 856 1020 919 tua,
1044 850 1191 921 carnifex,
1220 851 1414 918 immanitate,
1437 857 1466 910 et
1487 850 1522 911 de
1544 850 1627 912 illius,
1643 853 1810 911 innocentia

524 961 584 1013 tam
607 953 713 1013 misere
736 961 794 1013 tam
816 953 955 1012 atrociter
979 950 1033 1012 ahs
1055 958 1084 1013 te
1106 953 1249 1022 coniecti;
1271 953 1321 1013 sed
1345 954 1411 1032 quia
1434 954 1464 1013 in
1478 961 1508 1014 te
1524 953 1631 1016 irustra
1647 954 1809 1014 orationem

524 1053 649 1116 molitur
666 1054 784 1134 aliquis,
807 1055 886 1132 quod
911 1053 999 1115 verba
1020 1054 1110 1116 rehus
1131 1055 1252 1134 imparia
1273 1063 1356 1124 sunt,
1380 1061 1409 1114 et
1429 1058 1561 1124 omnium
1575 1055 1743 1119 facultatem
1761 1063 1808 1116 trra

525 1158 612 1216 elucit
633 1155 820 1235 improbitas,
851 1157 1048 1236 quoniamque
1078 1165 1127 1218 tuo
1152 1156 1295 1236 supplicio
1324 1175 1381 1236 quo
1413 1165 1442 1217 te
1473 1158 1539 1237 (nisi
1561 1160 1656 1220 omnis
1678 1158 1809 1219 funditus

526 1261 646 1338 aequitas
666 1258 785 1338 interiit)
807 1257 894 1337 paulo
916 1267 983 1336 post
1002 1258 1078 1319 alhci
1101 1277 1235 1330 cernam,
1259 1260 1471 1321 contentiosae
1494 1261 1693 1329 decrevimus,
1724 1259 1761 1320 de
1780 1266 1831 1318 ter,

457 1363 622 1423 §.murinus
644 1360 753 1429 dicam,
778 1360 873 1420 dicam
899 1367 996 1422 tamen
1019 1359 1137 1439 aliquid.
1174 1361 1218 1422 'lu
1235 1363 1350 1423 Suevioi
1370 1363 1497 1422 nominis
1514 1361 1642 1432 macula,
1667 1369 1808 1423 aeternum

502 1464 617 1540 ‚gentis
640 1469 698 1521 tnae
720 1462 862 1533 dedecus,
885 1463 1022 1531 audacia,
1046 1462 1174 1532 scelere,
1198 1462 1314 1534 furore,
1337 1466 1503 1535 atrocitate,
1526 1465 1664 1542 pertidia,
1690 1465 1808 1542 ingrati·

506 1560 639 1634 tudine,
658 1562 780 1633 malitia,
797 1565 976 1625 immanitate
994 1565 1218 1626 memorandum
1237 1565 1372 1627 omnihus
1387 1565 1501 1627 saeculis
1517 1572 1702 1646 portentum,
1718 1583 1808 1642 supra

522 1667 596 1727 hocs
618 1666 738 1727 humani
759 1668 849 1727 moris
871 1674 1021 1745 grassatus
1042 1686 1088 1736 es;
1113 1669 1230 1728 certasti
1253 1668 1283 1727 in
1306 1686 1393 1729 omne
1414 1660 1542 1738 larinum
1566 1670 1649 1747 pensi
1668 1666 1739 1729 nihil
1758 1667 1808 1727 ha·

525 1768 613 1830 buisti
632 1777 739 1848 praeter
761 1787 851 1831 unum
866 1769 932 1840 hoc,
957 1776 990 1830 ut
1004 1769 1149 1830 scelerum
1168 1770 1342 1849 compendio
1359 1787 1462 1830 omnes
1479 1771 1528 1848 qui
1544 1787 1672 1849 unquam
1688 1771 1807 1831 luerunt
1819 1788 1841 1828 ro

456 1871 617 1937 §.semeles
640 1873 787 1932 vinceres:
823 1890 891 1931 nam
912 1872 943 1932 in
963 1890 1023 1932 uno
1052 1870 1222 1949 complexus
1250 1890 1281 1932 es
1303 1873 1414 1932 omnia:
1448 1872 1590 1949 turpiter,
1622 1874 1757 1951 nequiter
1780 1878 1809 1931 et

524 1973 684 2034 crudeliter
705 1973 856 2035 trucidasti
879 1974 972 2034 uirum
994 1974 1117 2044 lortem,
1140 1992 1196 2034 nec
1218 1972 1388 2051 priusquam
1411 1972 1597 2034 fraudulenta
1618 1981 1666 2035 tua
1686 1974 1807 2053 perfidia

372 2100 382 2125 x
523 2076 702 2154 prodidisses
723 2074 789 2144 tihi,
816 2093 875 2134 non
897 2081 1082 2143 accusatum,
1107 2073 1185 2134 nulla
1208 2075 1347 2153 imputata
1370 2075 1469 2154 culpa,
1495 2094 1533 2136 ne
1553 2094 1656 2136 errore
1679 2075 1806 2154 quidem,

523 2177 668 2240 omuibus¹
684 2195 802 2246 carum,
824 2176 877 2237 tihi
898 2179 1040 2247 amicum,
1063 2175 1134 2236 nulli
1155 2177 1281 2236 inlamiae
1303 2176 1477 2245 obnoxium,
1502 2175 1589 2238 nullis
1611 2177 1688 2256 apud
1712 2185 1740 2237 te
1756 2177 1806 2237 de·

525 2277 682 2340 lationibus
705 2298 804 2350 reum,
826 2280 1029 2347 innocentem,
1052 2279 1216 2347 incautum,
1239 2279 1324 2339 dete
1346 2277 1416 2340 nihil
1437 2278 1494 2340 tale
1516 2282 1727 2359 suspicantem,
1756 2281 1804 2359 qni
1819 2299 1841 2336 m

524 2389 552 2442 te
575 2380 753 2439 custodierat
774 2388 1070 2459 conservaveratque,
1096 2381 1178 2440 cuius
1199 2387 1228 2441 te
1250 2389 1334 2459 pater
1357 2399 1413 2459 ope
1435 2401 1469 2443 ac
1491 2381 1596 2460 opihus
1620 2383 1748 2451 iuverat,
1771 2382 1808 2441 de

455 2492 515 2543 §.aa
525 2491 553 2543 te
576 2484 686 2560 optime
700 2485 859 2552 meritum,
883 2490 941 2543 tuae
958 2483 1106 2561 dignitatis
1120 2481 1289 2552 authorem,
1315 2490 1370 2543 tuae
1389 2483 1489 2545 salutis
1509 2484 1702 2545 defensorem.
1732 2483 1806 2553 Ouid

525 2586 602 2644 enim
623 2584 679 2644 hoc
700 2583 819 2653 addam,
848 2603 970 2663 parvum
992 2585 1069 2665 apud
1092 2592 1135 2654 te,
1163 2585 1213 2663 qui
1240 2603 1388 2663 nunquam
1412 2593 1571 2646 strennuus
1594 2586 1699 2656 tueris,
1729 2586 1806 2665 quod

523 2693 653 2747 arnratus
674 2687 817 2747 inermem
838 2705 852 2745 a
876 2693 959 2765 tergo
982 2686 1156 2765 aggressus?
1179 2686 1332 2747 Postremo
1355 2688 1418 2747 haec
1440 2707 1526 2768 quam
1550 2687 1586 2749 ab
1606 2689 1685 2748 cmiii
1703 2686 1807 2749 huma·

521 2791 612 2849 nitate
634 2786 741 2858 aliena,
764 2807 851 2867 quarn
875 2795 902 2849 te
926 2788 1029 2866 digna,
1051 2788 1130 2868 quod
1152 2788 1195 2848 sic
1218 2796 1365 2849 mortuum
1391 2790 1544 2860 diremti,
1568 2790 1645 2870 quod
1666 2807 1733 2850 cum
1752 2805 1842 2849 nos-so

504 2886 655 2951 'corrrictu
682 2890 820 2950 orbasses
847 2889 1031 2959 dulcissimo,
1066 2890 1179 2951 ltrrreris
1207 2909 1325 2971 quoque
1353 2891 1455 2953 solatio
1481 2892 1649 2970 spoliandos
1679 2891 1806 2952 cinxisti?

522 2990 633 3053 scilicet
656 2993 731 3052 intra
754 2991 857 3053 nullos·
873 2994 1015 3054 terminos
1035 3000 1084 3054 tua
1108 2993 1237 3053 constitit
1258 2994 1409 3055 ferocitas:
1443 3011 1509 3052 uam
1540 2993 1618 3070 quod
1647 2993 1676 3052 in
1706 3001 1806 3054 nostro

521 3096 662 3173 sanguine
684 3093 841 3171 admisisti,
866 3095 959 3154 nialus
982 3103 1084 3155 natura
1107 3093 1204 3154 scelus
1231 3113 1290 3155 non
1318 3096 1431 3172 recipit.
1475 3095 1598 3156 Possum
1621 3094 1678 3155 hoc
1699 3097 1815 3157 iterum·

487 3187 663 3274 ·tragicum
687 3195 867 3257 exclamare:
1000 3194 1003 3200 ’
1297 3256 1301 3263 ,

1029 3296 1099 3359 Tale
1122 3299 1187 3376 quis
1209 3297 1278 3359 vidit
1298 3299 1398 3360 netas?
1476 3336 1480 3343 -
1814 3316 1841 3354 aa

766 3399 836 3470 Quis
859 3398 1040 3479 inhospitalis
1064 3398 1185 3460 Caucasi
1205 3418 1308 3479 rupem
1332 3419 1465 3479 asperam

765 3500 934 3582 Heniochus
955 3500 1109 3563 habitans?
1131 3503 1247 3581 quisve,
1271 3501 1420 3582 Cecropiis
1442 3511 1537 3564 metus

766 3603 881 3671 Terris,
904 3591 1097 3688 Procrustes?
1621 3683 1626 3693 Ι

454 3707 588 3769 §.sclua
608 3705 749 3768 maleficia
772 3706 827 3765 uisi
849 3704 982 3784 supplicii
1004 3705 1118 3767 diritate
1140 3705 1298 3776 vincImus,
1327 3725 1386 3767 non
1407 3708 1554 3785 punimus.
1595 3704 1652 3766 Sed
1679 3706 1736 3764 iam
1758 3705 1806 3766 illc

420 3840 425 3850 1
520 3816 635 3877 noster,
660 3809 815 3876 Germani,
839 3809 881 3867 sic
901 3809 1050 3887 proditus,
1073 3809 1115 3869 sic
1134 3829 1150 3868 e
1172 3809 1269 3869 medio
1290 3808 1435 3878 sublatus,
1457 3827 1516 3868 uon
1538 3807 1626 3868 credo
1649 3814 1840 3885 expectarem

520 3930 572 3972 ros
593 3918 625 3972 ut
648 3909 914 3988 dicamquomodo
936 3910 1037 3970 vixerit
1058 3915 1162 3989 etqua
1185 3911 1353 3989 indignitate
1376 3911 1511 3989 perierit:
1539 3927 1598 3970 non
1628 3911 1719 3976 enim,
1750 3910 1805 3969 nisi
1863 3927 1865 3939 ·

521 4014 630 4091 optime
653 4013 785 4082 vixisset,
807 4013 850 4072 sic
873 4031 888 4071 a
912 4010 994 4076 vohis
1016 4020 1130 4072 amatus
1152 4020 1243 4081 esset,
1272 4032 1368 4093 neque
1390 4014 1445 4072 nisi
1467 4012 1632 4074 miserrime
1659 4030 1701 4091 ac,
1719 4012 1804 4071 inno·

521 4116 687 4177 oculissime
708 4115 879 4179 interiisset,
903 4115 946 4175 sic
968 4112 1106 4175 doleretis
1127 4120 1284 4175 mortuum.
1321 4114 1408 4176 Cuius
1430 4115 1453 4175 si
1475 4113 1588 4174 nullum
1612 4115 1640 4173 in
1660 4112 1736 4173 hauc
1754 4131 1804 4190 pa·

520 4219 606 4278 triam
629 4217 704 4278 bene
727 4218 882 4285 meritum,
905 4215 982 4276 nulla
1005 4215 1083 4276 bona
1105 4233 1172 4293 spes
1197 4223 1287 4294 osset,
1318 4215 1361 4276 vel
1385 4215 1422 4276 oh
1446 4216 1474 4277 id
1503 4218 1628 4286 maxime
1653 4213 1693 4274 illi
1715 4213 1804 4275 debe-

520 4337 636 4394 remus,
672 4319 749 4399 quod
777 4320 801 4378 is
828 4336 881 4379 suo
909 4336 1035 4397 corpore
1063 4317 1190 4399 primum
1217 4318 1342 4379 lucentis
1366 4320 1507 4398 impetum
1531 4317 1644 4394 excepit
1664 4335 1698 4376 ac
1720 4318 1749 4376 in
1771 4335 1837 4378 sera

521 4422 585 4501 ipsc
605 4422 798 4500 consumpsit,
820 4420 908 4481 modo
932 4439 981 4480 vos
1004 4419 1061 4479 hoc
1084 4418 1192 4479 iudicio
1216 4420 1405 4498 oportunitati
1424 4419 1460 4480 ah
1477 4419 1524 4480 illo
1540 4418 1621 4478 rohis
1636 4418 1729 4479 allata
1745 4438 1804 4480 non

453 4536 512 4587 §.aa
523 4523 684 4585 defueritis
727 4521 777 4583 llle
801 4524 878 4583 enim
901 4523 943 4582 sic
964 4520 1066 4582 chiens
1088 4520 1298 4583 documentum
1314 4521 1396 4582 vohis
1410 4521 1540 4599 reliquit,
1563 4516 1628 4599 quae
1641 4523 1732 4599 pestis
1747 4540 1806 4600 quo

519 4677 719 4689 ——n——n—

587 4761 739 4813 ⁵contenti
758 4776 780 4810 e.
795 4758 867 4808 decr.
887 4759 969 4806 omiss.
985 4761 1006 4806 1.
1021 4759 1108 4807 addid.
1122 4762 1150 4808 11,
1205 4756 1225 4789 ¹²
1243 4775 1294 4810 nec
1312 4776 1404 4810 varanes.
1432 4759 1548 4807 sedeam
1566 4773 1620 4809 non
1639 4774 1697 4810 ecc.
1715 4773 1805 4825 sequu-

519 4855 574 4909 tur,
595 4845 765 4910 eundemque
782 4843 940 4893 scribendum
952 4847 999 4890 est.
1036 4839 1089 4872 ¹⁵⁴⁶
1108 4844 1154 4907 qni
1172 4847 1239 4893 ιε’...
1254 4848 1520 4907 conservaveratque
1533 4847 1616 4895 anthe.
1631 4848 1654 4894 1.
1673 4847 1762 4894 amatu.
1775 4851 1804 4896 11.

520 4933 562 4982 Ol.
581 4933 605 4992 §-
626 4931 648 4979 1.
719 4929 740 4962 ¹⁸
758 4936 904 4980 strennuus
924 4931 945 4974 1.
963 4926 1061 4991 ubique.
1132 4927 1153 4959 ²⁸
1171 4929 1277 4992 recepit
1295 4932 1319 4977 1.
1342 4944 1411 4978 corr.
1430 4932 1459 4976 Η.
1529 4927 1551 4960 ²⁴
1569 4925 1680 4994 tregia]
1706 4931 1804 4984 senec.

519 5017 633 5082 Thyest,
649 5013 721 5065 1046,
735 5030 794 5079 sqq,
856 5009 877 5042 ²*
896 5009 1043 5059 l'roeustes
1060 5013 1121 5061 edd.
1174 5011 1195 5043 ³⁰
1212 5013 1414 5078 opportunitati
1430 5017 1455 5062 2.
