4300 6059
485 685 605 721 lavarent
625 687 653 721 tlt
674 688 766 722 lth'Ell
786 688 1063 723 tutnrsttndttusttstttt
1083 689 1186 723 etauio
1204 689 1262 723 llll.
1282 690 1310 726 ll.
1323 690 1387 725 ΗΟ.
1402 688 1427 723 Δ.
1444 686 1500 727 lbli.
1595 663 1642 762 69

356 840 584 918 gubernatione,
615 844 697 920 quasi
720 860 754 901 ex
777 845 912 903 auctione
936 849 985 903 etit
1011 842 1065 902 sub
1090 829 1315 905 bastaemisses
1334 844 1429 916 illam,
1459 848 1556 907 omnia
1587 867 1642 907 vae·
1699 831 1702 840 ’

356 941 431 1003 nalia
460 942 601 1011 habuisti,
636 962 736 1005 rerum
763 944 930 1021 capitalium
959 946 1151 1022 quaestiones,
1180 945 1280 1014 exilia,
1314 949 1558 1027 proscriptiones,
1592 967 1643 1009 uir·

357 1064 420 1113 ces,
450 1045 668 1123 deportationes
696 1062 755 1104 nen
782 1047 945 1107 secundum
974 1045 1054 1123 leges
1082 1046 1134 1108 sed
1164 1048 1202 1108 ad
1230 1056 1312 1108 tuum
1340 1047 1453 1110 libitum
1476 1052 1641 1122 exercuisti,

356 1146 469 1206 illicitas
491 1164 558 1207 cum
582 1150 640 1206 reis
664 1148 816 1225 pactiones
837 1149 947 1218 iecisti,
980 1148 1129 1210 redemisti
1150 1151 1271 1218 iniuste,
1300 1148 1441 1211 damnasti
1471 1152 1641 1223 crudeliter,

326 1261 337 1298 ι
358 1247 504 1309 absolvisti
527 1248 776 1318 libidinosissime;
800 1256 867 1310 tuos
889 1248 1079 1329 depeculatus
1102 1269 1148 1318 es,
1177 1250 1288 1314 alienos
1311 1252 1471 1331 diripuisti;
1501 1256 1641 1316 insonteis

356 1329 518 1418 occidistis
533 1352 624 1411 sacris
646 1352 772 1412 nefarias
795 1370 899 1412 manus
921 1350 1076 1438 admolitus
1100 1370 1140 1413 es.
1179 1361 1266 1431 atquo
1286 1354 1393 1416 horum
1421 1355 1475 1416 tibi
1504 1359 1706 1418 consciusttt.

354 1470 475 1532 sperare
497 1461 595 1513 umen
616 1452 707 1514 audes
731 1462 764 1514 ιιι
785 1460 812 1515 te
835 1456 876 1513 tui
899 1454 941 1514 sic
963 1454 1015 1514 abs
1037 1460 1066 1514 te
1094 1453 1187 1513 babiti
1215 1462 1309 1515 tutum
1339 1455 1442 1525 velint,
1477 1476 1574 1537 neque
1603 1477 1639 1519 ex

355 1572 389 1616 eo
412 1554 464 1614 tibi
485 1562 582 1615 metus
604 1561 647 1616 est
670 1556 747 1634 ipued
772 1563 799 1617 te
822 1557 934 1625 edium,
958 1555 1148 1617 acerbitatem
1165 1546 1204 1616 vac
1227 1575 1382 1618 commune
1397 1558 1493 1620 scelus
1507 1578 1565 1619 non
1581 1562 1640 1621 iam

355 1657 534 1728 existimant,
553 1656 609 1718 scd
632 1656 728 1737 palam
751 1657 949 1736 proclamant:
979 1675 1016 1718 an
1043 1656 1165 1717 alieuius
1195 1657 1354 1719 obscurum
1383 1660 1420 1721 de
1449 1668 1476 1722 te
1499 1662 1639 1725 iudicium

321 1766 414 1825 uest.
438 1778 506 1820 eum
527 1757 645 1838 publice
666 1761 774 1838 scripta
796 1761 827 1820 in
850 1769 877 1821 te
900 1761 1030 1820 cariniua
1052 1760 1115 1836 ipse
1139 1758 1260 1836 legeris,
1284 1762 1348 1838 ipse
1371 1761 1499 1823 aetlieris
1521 1771 1550 1823 te
1572 1782 1636 1824 car·

353 1860 469 1922 trilicem
494 1862 796 1940 ttirterrpergeosem‚
820 1880 879 1922 non
900 1881 954 1940 per
977 1860 1152 1921 calumniam
1174 1861 1260 1937 tingi,
1289 1864 1342 1923 sed
1372 1866 1429 1924 tuis
1451 1867 1585 1943 pessimis
1607 1868 1636 1925 in

353 1980 407 2022 nos
428 1964 538 2024 meritis
558 1969 640 2036 reete
663 1969 692 2023 et
712 1963 852 2041 graphice
874 1961 1019 2023 describi?
1043 1962 1145 2022 l'irore
1167 1964 1256 2040 igitur
1278 1964 1360 2042 cupis
1382 1967 1432 2044 qui
1450 1985 1486 2026 ex
1502 1968 1705 2046 principetur.

353 2065 483 2125 carnifex
506 2083 537 2125 es
559 2065 669 2125 iactus?
692 2074 741 2125 aut
762 2083 821 2125 non
845 2064 889 2126 vel
914 2070 1024 2124 tairtmn
1048 2064 1077 2122 in
1101 2070 1130 2124 te
1145 2063 1268 2141 pudoris
1282 2066 1403 2135 residet,
1427 2073 1460 2125 ut
1474 2067 1635 2128 bauocon-

352 2166 516 2235 tumeliam,
541 2184 596 2244 qua
620 2168 761 2243 insignior
783 2168 892 2227 nentini
914 2149 970 2226 bec
992 2163 1059 2224 loco
1084 2166 1134 2242 qui
1157 2173 1236 2226 essct
1257 2169 1394 2244 contigit,
1425 2170 1527 2246 quovis
1557 2188 1635 2229 mor-

320 2283 343 2324 rs
354 2270 390 2329 tis
410 2286 521 2345 genere
543 2266 615 2328 retis
636 2268 785 2344 elingere?
808 2268 943 2328 Proiecto
966 2268 1022 2326 nisi
1044 2273 1075 2327 tu
1099 2269 1179 2328 virus
1200 2276 1322 2346 propter
1344 2270 1430 2330 insita
1445 2269 1499 2328 tibi
1514 2270 1633 2341 seelera,

295 2368 300 2376 ’
352 2368 517 2448 perfidiam,
541 2369 758 2438 crudelitatem,
782 2370 911 2430 furorem
935 2388 968 2428 ae
990 2358 1187 2447 pestilentiam
1209 2369 1346 2431 omnibus
1367 2371 1516 2432 formidini
1544 2392 1633 2443 esses,

352 2472 441 2533 credo
463 2473 608 2547 neminem
637 2473 678 2533 ita
700 2471 752 2532 tibi
773 2472 934 2539 intensum,
967 2471 1006 2530 ita
1029 2479 1175 2531 eornmoto
1197 2472 1225 2530 in
1249 2478 1278 2530 te
1300 2474 1412 2543 animo,
1447 2475 1496 2551 qui
1523 2481 1552 2533 te
1574 2492 1633 2534 noo

351 2575 394 2645 sic
415 2574 511 2635 vivere
533 2593 621 2653 quam
643 2580 791 2652 utcunque
814 2574 888 2633 meri
910 2572 997 2633 naalit.
1041 2567 1111 2633 llaec
1140 2571 1266 2635 obscure
1294 2575 1397 2641 sentis,
1427 2582 1477 2634 ant
1504 2580 1702 2653 unrpramtas.

333 2685 410 2736 non
432 2675 534 2737 audis?
561 2683 611 2736 aut
632 2695 700 2737 curn
722 2675 819 2744 andis,
848 2675 943 2734 vivere
966 2676 1066 2753 potest
1096 2673 1239 2734 Ominus
1267 2694 1338 2754 erge
1367 2676 1489 2736 miseros
1511 2696 1562 2737 eos
1585 2679 1634 2757 qrri

316 2796 385 2837 aesc
407 2794 553 2839 essenon
575 2780 715 2847 sentiunt,
745 2783 777 2854 te
794 2778 925 2837 onmium
946 2778 1159 2846 miserrimum,
1188 2778 1238 2854 qui
1266 2796 1332 2837 cum
1356 2796 1419 2848 esse
1441 2785 1469 2837 te
1493 2780 1632 2840 miserum

351 2880 475 2949 sentias,
498 2897 558 2957 quo
579 2880 676 2941 minus
696 2880 749 2945 sis,
772 2886 822 2939 aut
844 2884 875 2939 ut
896 2877 1069 2940 miserabilis
1087 2875 1192 2939 saltem
1208 2878 1275 2946 tras,
1298 2877 1379 2938 nullo
1394 2878 1530 2949 consilio,
1554 2880 1639 2940 nulla

351 2981 526 3058 cogitatione
547 2981 664 3042 efficere
685 2987 785 3058 potes:
814 2998 932 3058 quoquo
961 2986 990 3040 tc
1017 2982 1106 3040 vertis
1134 2982 1227 3049 eninr,
1262 2980 1360 3040 odium
1390 2982 1431 3039 tui
1459 2988 1516 3050 est,
1545 2989 1632 3061 atque
1702 2997 1711 3005 ·

349 3084 458 3144 iccirco
479 3084 573 3160 magis
596 3102 627 3143 es
648 3083 736 3141 unser
759 3081 797 3141 ob
820 3081 849 3141 id
871 3080 950 3158 quod
974 3100 1009 3142 eo
1032 3100 1116 3143 cares
1138 3083 1224 3142 unico
1247 3081 1364 3149 solatio,
1389 3088 1421 3142 ut
1439 3080 1564 3161 aliquem
1580 3083 1631 3143 lra-

350 3184 421 3246 beas
442 3185 490 3245 cui
511 3192 577 3245 tuos
599 3186 747 3244 intraneos
769 3182 887 3243 dolores
909 3184 1123 3251 communices,
1152 3184 1203 3262 qui
1225 3185 1248 3242 si
1272 3191 1368 3243 tecmn
1397 3183 1507 3253 doleat,
1536 3186 1630 3244 initio·

313 3304 414 3349 zerem
435 3286 489 3353 tibi
502 3285 626 3358 xdolendi
648 3284 836 3345 acerbitatem
860 3284 965 3345 alliciat
987 3285 1114 3345 derivata
1136 3286 1166 3344 in
1188 3302 1220 3344 se
1242 3283 1351 3344 doloris
1373 3292 1472 3362 parte,
1502 3287 1629 3365 undique

344 3375 488 3458 affictus,
511 3386 619 3465 uallique
640 3388 742 3454 misor,
766 3392 844 3445 totus
865 3384 973 3446 infelix.
1012 3385 1096 3455 Quod
1119 3404 1185 3446 curn
1208 3387 1244 3446 sit
1267 3392 1295 3447 et
1316 3392 1348 3445 ιιι
1370 3386 1412 3445 sic
1434 3406 1498 3446 osse
1514 3390 1628 3460 sentias,
1639 3403 1699 3453 §.aa

348 3497 398 3552 tua
421 3498 517 3552 tamen
539 3488 655 3549 interim
677 3488 753 3547 mala
776 3486 939 3548 dissimules
960 3507 994 3547 ac
1016 3505 1071 3567 per
1093 3488 1221 3565 speciem
1244 3486 1401 3547 alacritatis
1429 3486 1513 3547 nobis
1540 3489 1630 3549 insul·
1689 3491 1696 3544 .“

349 3599 408 3662 tes,
431 3598 460 3653 et
480 3598 509 3652 te
531 3585 703 3651 adsecutum
723 3589 801 3669 quod
824 3589 966 3659 volueriS,
995 3597 1026 3649 ut
1052 3589 1252 3650 insidiatorem
1275 3592 1373 3668 (quom
1397 3591 1490 3669 vocas)
1514 3591 1629 3650 occide·
1670 3589 1674 3596 “

349 3694 405 3763 ris,
428 3693 521 3761 dicaS,
545 3692 740 3771 despiciamus
761 3692 832 3760 boc,
855 3698 960 3751 vutrum
989 3691 1107 3751 taudem
1129 3690 1233 3751 nielius
1254 3691 1364 3752 babeas
1386 3709 1472 3769 quam
1494 3692 1519 3750 is
1541 3710 1629 3770 (poem
1691 3749 1694 3754 .

311 3803 380 3856 iate
401 3797 542 3856 miserum
563 3794 688 3855 reddere
709 3794 857 3862 studuisti,
888 3810 923 3852 arr
953 3811 1023 3852 rere
1051 3793 1136 3871 peius
1163 3792 1310 3871 alligaris.
1356 3794 1428 3854 Cum
1456 3811 1491 3874 cr
1514 3793 1627 3853 duabus
1636 3809 1695 3861 §.ea

347 3897 480 3976 partibus
501 3896 592 3958 bomo
612 3903 742 3965 constet,
766 3897 862 3956 animo
886 3901 914 3955 et
936 3913 1076 3972 corporo,
1101 3894 1273 3973 digniorque
1296 3896 1410 3955 animus
1432 3895 1482 3966 sit,
1506 3894 1628 3973 quodie

348 3998 396 4059 illo
419 3998 470 4058 tibi
491 3997 588 4067 licuit,
612 4016 720 4076 cerpus
742 3998 884 4066 alllixisti,
907 3998 969 4074 ipse
991 3997 1081 4057 animi
1104 3997 1241 4057 morbum
1263 3997 1446 4057 corruatisti:
1477 3997 1555 4075 quod
1578 4015 1629 4056 au·

347 4107 406 4160 tem
428 4100 561 4179 corporis
583 4099 757 4177 supplicium
781 4118 847 4161 eum
870 4100 959 4159 animi
981 4099 1111 4159 cruciatu
1134 4097 1345 4159 conterendum
1369 4100 1430 4158 est‘t
1458 4096 1498 4157 illi
1521 4096 1629 4157 doloris

347 4191 435 4262 linem
457 4219 538 4261 mors
560 4201 641 4270 lecit;
666 4203 722 4262 tuis
744 4201 881 4263 crucibus
903 4200 1000 4261 nullm
1022 4201 1128 4260 modos
1151 4206 1208 4261 est:
1231 4218 1299 4259 nam
1322 4199 1401 4275 ipuod
1417 4200 1446 4257 in
1461 4196 1510 4256 illo
1526 4197 1627 4266 doluit,

311 4304 492 4364 ascaducnm
515 4303 567 4363 luit
589 4310 618 4364 et
639 4303 717 4382 quod
739 4302 775 4363 ad
798 4311 913 4380 tempus
941 4309 1032 4370 esset;
1062 4304 1092 4361 in
1121 4309 1149 4361 to
1176 4319 1246 4361 vero
1272 4300 1351 4378 qued
1379 4299 1484 4360 morbo
1514 4307 1629 4360 tenetur

346 4411 488 4466 aeternum
512 4410 556 4465 est
577 4410 605 4464 ct
626 4404 864 4482 inextinguibile,
893 4422 1042 4494 nunquam
1066 4405 1246 4483 periturum,
1275 4420 1425 4479 nunquam
1453 4400 1553 4463 dolere
1580 4408 1630 4462 am

345 4508 478 4586 torqueri
506 4506 650 4567 desinens.
687 4507 733 4566 lac
761 4507 850 4583 igitur
877 4523 940 4566 rem
967 4505 1064 4585 notris,
1081 4506 1239 4583 ingratam,
1276 4503 1413 4564 omnibns
1445 4503 1695 4573 intumescentes.

345 4612 442 4689 ipsum
463 4616 493 4670 tc
515 4606 629 4686 iugula,
657 4608 817 4688 suspende,
840 4609 1019 4686 precipitem
1043 4606 1095 4678 da,
1120 4625 1177 4667 non
1200 4607 1372 4683 adsequeris
1394 4614 1491 4666 tamm
1513 4612 1545 4666 ut
1561 4624 1627 4666 cru-

345 4711 434 4772 ciatui
456 4711 521 4800 sinis
543 4710 593 4770 sit:
617 4727 689 4788 ergo
711 4710 799 4787 igitur
821 4708 927 4780 semel,
951 4728 1005 4770 nee
1026 4708 1185 4769 admodum
1207 4709 1255 4769 din
1279 4709 1368 4769 miser
1382 4707 1429 4768 ille
1444 4709 1513 4779 ιιιιι,
1536 4727 1628 4788 quau·

353 4897 363 4928 ¹
412 4913 553 4965 ¹venatia
566 4916 591 4961 2.
656 4911 805 4963 5ιιιεοιιιιιε
824 4917 849 4962 2.
912 4911 934 4944 ²³
951 4912 1055 4962 ideireo
1072 4915 1098 4963 2.
1151 4913 1185 4962 eb
1204 4911 1232 4962 id
1250 4914 1327 4963 deleo.
1340 4917 1371 4961 11.
1434 4910 1456 4945 ²⁵
1473 4919 1531 4978 post
1549 4900 1658 4978 parte,

345 5001 443 5067 aliquid
459 5000 558 5049 addidit
571 4987 599 5048 11,
619 5000 667 5048 aed
683 5002 767 5064 tegare
785 5000 892 5064 nequivit
910 5002 935 5048 2.
996 4996 1019 5028 ³²
1036 5000 1116 5047 ηιαιιιιι
1133 5002 1260 5063 torquere
