4300 6059
447 663 520 734 250
558 695 692 732 menatem
707 696 878 731 BARTHOLlNI
893 697 995 733 onarlo
1008 699 1042 732 nn
1056 698 1244 734 ssxrnnrrtonn
1259 698 1367 733 coum
1381 698 1486 732 TVBCAS
1501 698 1693 735 Sl'SClPlBllDA.

447 864 489 911 ret
511 856 683 929 magnitudo,
711 865 738 912 et
760 857 841 912 divini
863 867 1025 935 conspectus
1049 861 1103 920 tui,
1134 858 1307 914 invictissime
1335 857 1436 921 Cacsar,
1466 857 1558 932 fulgor
1585 854 1641 915 ‘non
1669 877 1731 935 pcr-

387 951 430 1003 §.a
446 940 612 1013 stringeret?
635 941 724 1015 Atque
746 949 777 997 ut
797 942 830 997 de
853 960 881 998 re
905 943 962 1016 ipsa
984 942 1096 1017 loquar,
1120 942 1181 998 talis
1203 943 1307 1000 dicendi
1330 944 1440 999 materia
1464 942 1552 1000 oblata
1576 952 1633 1006 est,
1658 953 1688 1000 ut
1704 937 1739 1000 in'

305 1032 309 1039 '
445 1043 476 1081 ea
497 1024 634 1083 difficilius
656 1027 692 1097 sjt
714 1028 814 1083 exitum
838 1046 916 1101 quum
940 1028 1100 1103 principium
1125 1029 1256 1084 iuvenire:
1281 1045 1339 1083 nam
1362 1046 1422 1084 cum
1438 1029 1478 1084 de
1502 1030 1599 1086 tuenda
1622 1048 1652 1086 ac
1675 1047 1731 1085 am·

446 1109 585 1186 plihcanda
608 1111 752 1167 Christiani
775 1114 892 1169 nominis
914 1112 1053 1176 libertate,
1083 1114 1200 1170 secundo
1229 1131 1290 1169 cnm
1317 1114 1350 1169 de
1374 1115 1465 1169 lutura
1488 1115 1600 1170 llomani
1624 1116 1729 1187 imperii
1799 1128 1804 1138 ·

444 1215 476 1254 ac
497 1205 616 1253 vestrum
639 1197 756 1254 omnium
780 1196 868 1272 gloria
890 1199 1012 1255 dicturus
1034 1200 1100 1261 sini,
1131 1200 1153 1254 si
1177 1200 1265 1254 omnia
1288 1216 1320 1254 er
1343 1200 1477 1255 sententia
1495 1207 1609 1258 tractare
1626 1199 1753 1261 vellems

444 1299 565 1356 praesens
587 1280 691 1338 nullum
714 1282 755 1356 (ut
777 1283 885 1357 opinor)
908 1285 1016 1340 modum
1037 1293 1111 1340 essct
1133 1283 1258 1339 habitura
1281 1284 1378 1339 oratio.
1423 1283 1580 1358 Quanquam
1602 1286 1673 1341 inter
1690 1294 1731 1341 tot

443 1367 597 1440 angustias,
621 1367 648 1422 in
672 1386 737 1442 quas
760 1385 802 1424 rne
824 1368 975 1425 coniectum
998 1387 1057 1426 esso
1081 1368 1220 1442 intelligo,
1244 1377 1389 1443 propterca
1412 1369 1510 1424 rnerito
1527 1378 1625 1425 memet
1647 1370 1730 1426 solari

443 1470 567 1526 possum,
592 1461 648 1508 tum
672 1453 733 1526 quia
756 1471 770 1508 a
793 1454 958 1526 gravissimis
980 1454 1045 1509 viris
1067 1455 1224 1510 eruditoac
1246 1453 1356 1527 copiose
1379 1471 1422 1509 res
1438 1454 1502 1527 'ipsa
1523 1455 1600 1527 prius
1616 1462 1730 1510 tractata

443 1546 499 1599 est,
523 1546 579 1594 tum
601 1537 682 1594 etiam
706 1538 777 1611 quod
801 1538 827 1594 in
849 1538 902 1595 hoc
923 1539 1038 1595 maximo
1060 1556 1150 1595 rerum
1174 1530 1399 1612 amplissimarum
1421 1537 1530 1595 cumulo
1552 1539 1651 1596 nemini
1674 1557 1730 1595 me·

358 1671 362 1681 ,
384 1622 572 1688 §.adiocritcr
594 1623 675 1679 etiam
697 1624 805 1680 erudito
825 1623 920 1681 deesse
943 1623 1056 1682 laeultas
1078 1624 1184 1682 dicendi
1206 1631 1305 1698 potest
1338 1626 1426 1698 Atque
1449 1632 1480 1679 nt
1500 1624 1561 1681 iude
1577 1642 1631 1698 quo
1646 1624 1763 1682 dehetis

444 1708 532 1765 oratio
555 1707 757 1782 proficiscatur,
780 1707 849 1764 nihil
871 1726 886 1765 a
910 1718 1005 1765 natura
1028 1708 1190 1766 mortalibus
1212 1707 1371 1782 praeclarius
1393 1727 1424 1765 ac
1446 1708 1540 1765 utilius
1568 1727 1647 1783 qnam
1670 1727 1728 1766 rnu-

319 1794 334 1834 -⁸
442 1802 489 1850 tua
511 1794 634 1867 quaedam
656 1794 807 1850 animorum
829 1795 962 1850 connexio
986 1793 1146 1850 attributum
1170 1802 1226 1857 est;
1254 1794 1327 1868 quod
1355 1794 1461 1867 quidem
1490 1803 1518 1850 ct
1545 1803 1645 1852 cetera
1672 1795 1730 1852 ani·

443 1879 543 1935 mantia
565 1896 707 1936 commune
729 1877 870 1935 nobiscum
892 1879 1006 1940 habenta
1034 1888 1164 1936 caeterum
1193 1897 1253 1934 oum
1282 1879 1340 1952 ipsa
1362 1896 1412 1935 nec
1434 1880 1544 1934 avaritia
1567 1896 1616 1936 nec
1638 1897 1729 1936 rorum

443 1964 625 2020 novandarum
647 1963 795 2038 cupiditate
817 1963 1006 2038 impellantur,
1030 1965 1057 2019 in
1081 1982 1131 2020 suo
1148 1981 1263 2037 qumque
1278 1981 1378 2037 genere
1393 1973 1515 2020 servant:
1539 1982 1600 2046 uayn
1614 1982 1729 2038 serpeus

444 2067 498 2105 non
521 2049 590 2123 petit
613 2056 781 2123 serpentem,
805 2066 854 2105 uec
876 2047 920 2106 leo
943 2049 969 2105 iu
992 2048 1100 2106 leonem
1123 2057 1238 2123 pugnat,
1268 2049 1356 2122 tygris
1385 2050 1411 2105 in
1441 2049 1540 2123 tygrim
1563 2067 1617 2105 non
1640 2050 1764 2112 saevitis

444 2135 490 2191 sed
514 2134 586 2208 quod
609 2133 662 2189 illis
685 2131 845 2190 naturaliter
866 2133 899 2190 ah
922 2134 1001 2190 initio
1024 2133 1135 2190 insitum
1157 2143 1200 2189 est
1221 2144 1387 2207 sequuntur,
1412 2141 1555 2208 amantque
1577 2152 1632 2190 non
1648 2135 1729 2190 modo

443 2237 504 2276 seso
526 2219 653 2282 invicem,
681 2219 727 2274 sed
757 2219 837 2275 ctiam
864 2237 879 2275 a
908 2217 1079 2276 dissimilium
1108 2218 1263 2275 animalium
1287 2221 1388 2294 impetn
1411 2228 1505 2275 mutuo
1528 2220 1677 2276 defendunt
1698 2237 1730 2276 ac

383 2318 429 2368 §.a
446 2312 564 2361 tuentur.
610 2303 769 2360 Hominibus
793 2321 855 2362 sero
879 2305 924 2379 qui
946 2303 1185 2378 praeclarissimum
1207 2312 1311 2362 naturae
1334 2322 1431 2361 rnnnus
1460 2297 1570 2379 penitus
1598 2304 1728 2367 abiecere,

442 2389 509 2445 nulli
531 2390 632 2445 maiora
654 2387 805 2445 intulerunt
827 2389 896 2446 mala
919 2406 999 2462 quarn
1021 2390 1158 2451 homines,
1183 2389 1308 2463 quoniam
1330 2407 1401 2463 saepe
1417 2399 1462 2445 aut
1478 2389 1588 2445 avaritia
1603 2399 1648 2445 aut
1665 2391 1729 2445 odio

441 2482 488 2531 aut
509 2474 622 2549 propria
643 2473 732 2548 gloria
754 2473 786 2530 ad
809 2491 839 2531 ea
862 2472 1039 2549 impelluntur
1061 2475 1157 2536 animi,
1181 2483 1210 2529 ut
1233 2474 1285 2529 nisi
1308 2475 1353 2530 diu
1376 2473 1545 2548 multumque
1567 2475 1687 2548 graviter
1702 2483 1765 2531 ctao

442 2559 536 2616 acerbe
559 2560 586 2615 in
609 2577 690 2634 opes,
714 2560 741 2615 in
763 2559 860 2622 urbes,
883 2560 909 2615 in
931 2560 1071 2616 hominum
1093 2576 1225 2633 corpora,
1254 2560 1281 2614 in
1310 2560 1368 2634 ipsa
1396 2559 1513 2633 denique
1534 2560 1646 2616 deorum
1669 2559 1730 2615 lana

441 2664 472 2702 ac
493 2644 605 2702 delubra
628 2645 749 2701 saevitum
772 2645 820 2708 sit,
845 2662 938 2719 parum
962 2645 1042 2718 digua
1066 2645 1204 2719 triumpho
1227 2645 1376 2701 coniecisse
1400 2645 1548 2700 videantur.
1581 2646 1642 2719 quis
1658 2645 1731 2701 enim

442 2731 571 2787 notandas
594 2738 747 2805 tempomm
769 2738 926 2788 nostrorum
948 2731 1035 2786 cedes
1058 2730 1162 2786 referre
1185 2730 1242 2785 sine
1265 2729 1410 2803 lachrymis
1425 2731 1534 2803 potest?
1558 2730 1618 2803 quis
1633 2729 1731 2803 populi

441 2815 587 2872 Christiani
609 2815 724 2872 ellusum
745 2817 889 2873 cruorem?
912 2833 992 2889 quam
1014 2813 1124 2872 crudele
1146 2813 1263 2870 bellandi
1286 2833 1387 2888 genus,
1410 2832 1465 2887 quo
1488 2814 1597 2888 quidem
1617 2832 1667 2871 nec
1681 2833 1732 2871 no·
1771 2880 1773 2883 ¹

441 2900 564 2958 centibus
586 2918 636 2958 nee
658 2899 862 2963 innocentibus,
886 2917 940 2957 non
965 2899 1087 2975 templis,
1118 2918 1173 2956 non
1201 2898 1270 2962 aris,
1300 2914 1355 2955 non
1384 2897 1510 2972 religioni
1539 2917 1649 2974 parsmn
1677 2907 1768 2963 estas

441 2985 530 3043 omnia
552 2985 608 3061 igni
632 2986 761 3060 ferroque
782 2986 917 3042 devastata
941 2993 1018 3049 sunt,
1041 2984 1168 3060 squalent
1189 2982 1276 3041 adhue
1298 3002 1373 3048 arra,
1402 2983 1508 3041 colonis
1531 3001 1626 3046 vacua,
1651 2985 1732 3041 recti·

443 3070 514 3145 gulia
537 3089 615 3146 quam
637 3071 685 3128 diu
707 3070 802 3146 populi
824 3089 855 3127 ac
881 3071 1042 3127 commercia
1070 3070 1231 3133 deseruere,
1259 3088 1320 3128 cum
1347 3087 1397 3126 nec
1427 3070 1478 3126 tuti
1508 3069 1571 3143 qnid
1600 3068 1735 3126 haberent

373 3155 428 3214 bs.
442 3157 573 3213 hacteuus
595 3155 662 3212 satis
684 3154 846 3230 dignoscere
868 3155 1026 3231 potuerint?
1048 3155 1113 3211 Nam
1136 3154 1216 3211 simul
1239 3163 1321 3228 atque
1345 3172 1396 3211 uua
1418 3154 1562 3212 dimicandi
1583 3171 1663 3211 causa
1687 3172 1735 3212 oc·

440 3242 522 3306 cidit,
553 3241 741 3298 aliasubiude
764 3250 846 3316 atque
874 3240 938 3304 alia,
969 3249 997 3297 et
1022 3240 1110 3296 maior
1138 3249 1166 3296 et
1194 3240 1293 3296 sevior
1315 3247 1375 3297 orta
1398 3250 1448 3295 est.
1492 3240 1532 3297 sic
1554 3240 1635 3299 ruodo
1657 3239 1732 3309 victi,

441 3328 522 3383 niodo
546 3328 661 3384 victores
683 3327 867 3390 Germaniam,
890 3326 1059 3400 llispaniam,
1083 3323 1186 3381 ltaliam
1209 3326 1247 3382 ita
1269 3324 1379 3400 populis
1402 3343 1538 3399 opumque
1561 3325 1585 3380 ri
1600 3325 1768 3381 exhausere

442 3420 518 3475 runt,
542 3421 572 3468 ut
595 3420 712 3485 utroque
737 3413 845 3484 integro
870 3411 954 3467 totius
977 3411 1052 3466 orbis
1076 3410 1217 3485 imperium
1241 3409 1319 3466 facile
1342 3410 1393 3466 sibi
1410 3410 1550 3466 vendicare
1565 3411 1732 3484 potuissent

440 3498 531 3555 Decies
554 3506 601 3553 eut
623 3497 739 3571 amplius
762 3516 819 3552 cero
842 3505 937 3552 nostro
967 3498 994 3551 in
1017 3495 1094 3552 ltalia
1120 3514 1136 3551 a
1164 3495 1362 3569 potentissimis
1390 3495 1553 3551 exercitibus
1581 3503 1734 3569 pugnatum

441 3593 496 3646 est,
520 3583 590 3639 unde
615 3590 688 3637 tanta
711 3582 866 3637 mortalium
888 3581 977 3638 clades
1001 3580 1107 3644 extitit,
1137 3589 1168 3636 ut
1196 3581 1292 3637 merito
1315 3599 1329 3636 a
1354 3591 1394 3642 tc,
1422 3580 1604 3637 sacratissime
1633 3582 1732 3644 Caesar,

441 3668 586 3742 aliqnando
608 3668 709 3724 dictum
733 3668 782 3729 sit,
812 3665 885 3722 illam
908 3665 1033 3723 amicitiae
1056 3683 1088 3721 ac
1116 3665 1317 3722 benevolentias
1341 3666 1539 3739 parenthesim,
1569 3685 1630 3740 quae
1662 3684 1735 3723 nune

441 3754 485 3810 [lei
509 3753 605 3826 optimi
629 3753 734 3809 maximi
757 3760 826 3808 nutu
848 3752 958 3826 penitus
979 3750 1086 3807 sublata
1109 3759 1163 3813 est,
1186 3750 1248 3824 plus
1269 3759 1378 3807 centum
1401 3750 1520 3807 millibus
1537 3752 1676 3808 homiuum
1692 3752 1769 3807 imas

385 3839 592 3904 §.sternuisse
635 3837 763 3894 Proiecto
792 3839 814 3894 si
844 3836 974 3911 creruplis
1002 3844 1030 3893 et
1059 3845 1218 3892 nostrorum
1248 3844 1400 3910 temporum
1422 3845 1450 3891 et
1478 3837 1654 3909 antiquorum
1677 3854 1735 3892 rem

441 3926 511 3980 hane
534 3931 650 3979 tractare
673 3922 799 3985 velimus,
824 3922 1057 3996 promptissimum
1080 3922 1133 3977 erit
1155 3939 1292 3988 asserere,
1319 3921 1456 3977 discordia
1477 3921 1591 3978 uiarima
1613 3940 1643 3979 ac
1666 3939 1735 3996 opn-

440 4009 592 4066 lentissima
615 4008 727 4082 imperia
750 4008 903 4068 corruisse,
933 4007 1079 4063 concordia
1100 4024 1164 4062 vero
1187 4024 1219 4062 ea
1243 4005 1334 4062 infimo
1357 4005 1476 4062 breviter
1497 4008 1623 4063 crevisse.
1661 4007 1735 4079 quod

441 4095 550 4169 quidern
572 4101 600 4149 et
623 4092 726 4167 populo
749 4094 869 4149 llumauo
893 4100 921 4147 et
942 4092 1134 4165 caeteris,·qui
1157 4092 1329 4147 concordiam
1352 4091 1385 4146 ab
1401 4092 1480 4147 initio
1495 4090 1648 4154 coluerunt,
1670 4108 1736 4147 con·

442 4179 538 4252 tigisse
561 4178 627 4233 satis
651 4189 746 4234 notum
769 4185 826 4234 est:
850 4178 911 4251 quis
926 4177 998 4234 enim
1015 4196 1028 4232 a
1044 4176 1201 4250 pastoribus
1217 4176 1364 4232 llonianurn
1381 4177 1538 4250 imperium,
1562 4177 1635 4250 quod
1650 4175 1770 4249 longera

442 4273 537 4338 postea
560 4263 667 4336 lateque
691 4264 750 4319 orbi
775 4270 908 4319 terrarum
931 4264 1094 4336 imperaret,
1117 4261 1284 4318 nasciturum
1307 4261 1474 4336 putavisset?
1497 4261 1559 4334 quis
1581 4279 1635 4317 uon
1652 4262 1736 4317 Athe-

442 4350 577 4405 niensium
600 4358 691 4422 gesta,
726 4367 795 4423 quos
818 4348 939 4404 Theseus
969 4365 983 4403 e
1013 4346 1091 4420 pagis
1120 4347 1190 4402 intra
1219 4347 1316 4403 moenia
1339 4347 1445 4420 coegit,
1474 4346 1640 4402 admiretur?
1674 4348 1737 4419 quis

382 4435 399 4483 l·
408 4437 427 4479 ⁷·
442 4434 557 4508 legendo
581 4434 770 4508 audiendoque
793 4433 1061 4489 Lacedaunoniorunr
1085 4431 1212 4487 victorias
1236 4449 1290 4487 aion
1312 4430 1479 4487 delectetur?
1502 4431 1537 4487 lis
1559 4441 1649 4488 autern
1672 4431 1737 4487 dum

442 4518 509 4575 nihil
533 4518 671 4592 antiquius
694 4518 839 4576 concordia
862 4519 948 4574 visum
971 4524 1028 4579 cst,
1053 4515 1091 4571 ita
1114 4534 1161 4571 sua
1185 4516 1307 4591 ipsorum
1331 4514 1442 4590 imperia
1475 4534 1588 4579 auxere,
1620 4524 1649 4573 ut
1679 4534 1736 4591 prae

507 4785 518 4818 ⁴
537 4802 594 4836 see.
608 4784 678 4852 cum]
693 4802 727 4836 so
739 4791 875 4851 praeterea
888 4789 913 4835 2.
949 4786 971 4845 ἓ.
986 4781 1021 4849 3.]
1036 4785 1157 4833 Imitatur
1169 4784 1279 4833 Hutteur'
1289 4790 1356 4833 orat.
1371 4785 1395 4834 I.
1409 4787 1434 4834 r'n
1452 4786 1509 4835 duc.
1527 4787 1644 4850 Virtenp.
1657 4786 1683 4846 5.
1693 4784 1737 4836 52.

443 4871 462 4903 ¹³
481 4888 595 4923 comune
614 4876 636 4922 1.
707 4870 728 4903 ¹⁸
747 4871 866 4936 poenitus
885 4875 908 4919 1.
985 4868 1005 4899 ¹⁹
1024 4871 1112 4918 Ilorno
1130 4869 1231 4918 homiui
1249 4868 1337 4934 lupus.
1361 4871 1446 4920 Plaut.
1510 4868 1532 4900 ²⁶
1551 4870 1692 4934 squallent
1710 4874 1736 4921 2.

441 4956 613 5008 ²⁸ccursant.
648 4955 671 4988 ³⁰
683 4958 855 5021 Hyspaniain
869 4959 891 5005 1.
927 4954 947 4988 ³¹
962 4955 1103 5005 vindicare
1117 4957 1142 5006 2.
1153 4954 1320 5016 etsicinsra,
1355 4952 1493 5019 ”extititl
1508 4955 1617 5005 stilai.
1653 4953 1737 5022 “pe-

441 5041 583 5092 renthesiu
594 5045 621 5092 2.
655 5041 677 5072 ⁸²
690 5041 802 5091 Sallust.
815 5040 875 5107 lug.
889 5038 928 5089 10.
