4300 6059
449 695 523 768 348
587 729 622 764 EX
636 729 691 765 101.
705 730 831 766 COCELAEl
846 732 880 765 ott
895 731 975 766 ΔΟἸΊΒ
989 733 1022 767 ΕΤ
1036 733 1162 768 scutum
1176 736 1297 769 uvruutti
1311 734 1347 770 Ao
1360 735 1385 769 A,
1400 737 1485 771 uun.
1499 738 1596 772 LOCVS.

448 894 598 968 principem
622 891 729 965 (inquit)
752 901 780 948 et
808 892 1072 965 ingeniosissimum,
1105 893 1229 950 loannem
1251 895 1343 950 Picum
1365 894 1577 951 blirandulanum
1599 899 1737 961 comitem.

447 979 622 1034 Laurentium
645 976 810 1039 Vallensem,
840 994 918 1051 quem
941 979 979 1033 ait
1001 978 1123 1034 ccclesiae
1146 979 1289 1052 primitium
1311 978 1351 1035 vel
1375 978 1505 1053 reliquam
1529 981 1673 1037 scintillam
1697 984 1738 1039 vel

448 1080 547 1119 novum
571 1061 707 1124 fomitem,
731 1070 758 1116 ct
780 1071 844 1135 post
866 1062 918 1117 bos
940 1063 1064 1118 loannem
1088 1062 1231 1124 lleuclrlin,
1255 1064 1281 1118 in
1304 1080 1359 1137 quo
1381 1064 1568 1138 deprehensos
1583 1067 1635 1127 ait,
1659 1068 1738 1140 quin·

448 1165 501 1222 que
524 1147 728 1202 universitatum
752 1147 922 1220 Theologos,
946 1147 1010 1220 quid
1034 1148 1154 1221 sapiant.
1184 1147 1249 1221 quid
1270 1156 1397 1211 cernant,
1426 1148 1491 1221 quid
1514 1159 1644 1223 querant.
1689 1153 1738 1206 ilt-

447 1249 501 1306 que
524 1238 554 1286 ut
576 1232 663 1288 adbuc
685 1231 772 1305 magis
794 1239 953 1311 extenuaret
975 1231 1085 1288 illorum
1113 1233 1322 1292 authoritatem,
1351 1233 1377 1287 in
1405 1233 1466 1288 aliis
1494 1250 1606 1307 quoque
1636 1234 1762 1292 libellist

447 1334 496 1374 eos
519 1333 590 1389 saepe
611 1317 737 1373 convitiis
760 1326 787 1373 et
809 1316 931 1373 loedoriis
954 1318 1053 1378 irrisit,
1084 1318 1213 1373 adiiciens
1241 1316 1340 1374 alicubi
1368 1318 1394 1372 in
1418 1318 1539 1391 margine
1562 1318 1623 1374 libri
1647 1320 1738 1394 siquid

447 1402 568 1474 ineptius
579 1402 682 1472 *dictum
705 1401 856 1463 rideretur.
880 1402 937 1458 haec
959 1401 1072 1458 ridicula
1095 1411 1122 1457 ct
1144 1420 1158 1457 a
1181 1419 1241 1457 sese
1263 1403 1369 1458 inventa
1391 1402 1516 1458 adverbia
1539 1402 1737 1467 ‘boranialiten

447 1481 538 1559 ᾖῗζζψ·
558 1478 565 1566 Ι
588 1484 777 1548 Colonialiter.
806 1475 976 1543 Nostraliter’
1000 1483 1064 1548 dte..
1095 1496 1126 1542 ut
1148 1502 1252 1542 omnem
1276 1488 1316 1542 eis
1338 1488 1456 1560 eriperet
1479 1505 1528 1561 per
1550 1497 1737 1564 contemptum

447 1581 472 1629 et
498 1570 620 1628 scurrilia
644 1580 790 1627 scommata
813 1572 883 1646 apud
906 1571 1011 1645 plebem
1034 1580 1061 1627 et
1084 1572 1249 1627 iuuentutem
1273 1572 1412 1628 literarum
1436 1572 1542 1628 studios
1607 1582 1636 1629 et
1657 1582 1737 1630 auto·
1778 1610 1781 1621 ·

448 1658 555 1713 ritatem
577 1664 606 1712 et
627 1655 757 1713 doctrinae
784 1651 1026 1718 existimationem,
1057 1658 1164 1712 tametsi
1186 1658 1316 1729 Auguste
1338 1656 1517 1713 Lovanionses
1530 1589 1736 1715 &derabiliter
1749 1670 1774 1711 to

448 1742 498 1798 sibi
523 1741 691 1815 postulasset
719 1741 831 1797 iudices.
877 1742 927 1797 Sed
957 1750 985 1796 et
1006 1750 1102 1798 contra
1124 1742 1151 1797 b.
1175 1741 1300 1797 loannem
1323 1740 1434 1798 Eckium
1457 1750 1485 1797 ot
1505 1750 1602 1798 contra
1624 1743 1737 1799 fratrem

448 1827 629 1900 Angustioum
645 1825 808 1888 Alveldium,
831 1827 918 1882 virum
941 1826 1014 1900 pium
1037 1835 1066 1882 et
1087 1826 1240 1888 eruditum,
1263 1826 1367 1882 ordinis
1388 1826 1414 1881 S.
1431 1826 1567 1883 Francisci
1585 1827 1619 1883 do
1642 1827 1738 1884 obser·

447 1913 549 1973 vantia.
581 1910 772 1967 acerbissimos
800 1911 883 1966 edidit
909 1910 1018 1969 libellos
1045 1911 1227 1978 leuthonicc‚
1262 1911 1362 1984 quibus
1389 1928 1497 1968 cansam
1527 1929 1602 1968 suam
1632 1913 1736 1986 populo

447 1996 702 2054 commendatiorem
726 1994 863 2051 reddebat.
907 1996 935 2051 lu
956 1995 1067 2052 Eckium
1097 2014 1160 2053 sane
1183 1996 1304 2052 scribens
1326 1996 1378 2052 boc
1402 1997 1488 2051 utitur
1511 1991 1607 2058 initio’,
1638 1997 1737 2053 Docto·

446 2098 503 2138 rem
525 2081 636 2138 Eclrium
651 2080 736 2137 Roma
758 2080 871 2136 rediisse
893 2080 1083 2136 constantibus
1105 2080 1249 2136 nunciatur
1269 2080 1333 2136 mibi
1357 2080 1474 2143 indiciis,
1498 2096 1613 2154 quorum
1637 2080 1773 2137 firmis-ts

446 2166 545 2222 simum
567 2173 622 2227 est.
646 2165 718 2238 quod
741 2165 792 2221 etsi
815 2164 891 2239 prius
914 2166 940 2220 in
962 2165 1086 2232 Bavaria,
1114 2165 1223 2226 Suevia,
1251 2163 1376 2230 dustria,
1400 2166 1499 2221 Traetu
1519 2164 1618 2227 libeni,
1642 2165 1737 2229 Roma,

446 2250 580 2314 llononia,
609 2258 690 2322 atque
720 2249 772 2306 iam
795 2250 875 2305 etiarn
898 2251 924 2306 in
947 2250 1040 2306 liisnia
1063 2258 1091 2306 et
1113 2250 1228 2306 Saronia
1251 2249 1312 2305 talis
1334 2251 1443 2322 agnitus
1465 2267 1496 2305 ac
1517 2249 1670 2307 dinanum
1692 2258 1738 2307 cst

446 2336 528 2391 bomo
551 2334 650 2396 tarsus,
674 2336 721 2408 qui
744 2336 833 2390 omnia
855 2335 987 2391 mentitur
1009 2343 1036 2391 et
1059 2334 1129 2391 fallit
1152 2351 1319 2408 quaecuuque
1341 2335 1478 2406 loquitur,
1501 2333 1598 2390 scribit
1619 2343 1648 2391 et
1669 2336 1737 2408 agit,

446 2419 671 2495 quemadmodum
686 2418 744 2475 eius
760 2419 887 2476 Canonici
903 2420 1003 2476 indocti
1021 2427 1048 2475 et
1062 2420 1160 2476 Ecbius
1175 2420 1317 2475 dedolatus
1339 2419 1380 2491 (bi
1403 2419 1457 2475 duo
1480 2427 1559 2476 erant
1580 2418 1664 2475 libelli
1688 2420 1736 2476 ad·

444 2521 540 2562 versus
562 2502 672 2560 Eclrium
693 2503 783 2577 editi),
813 2504 891 2560 multi
919 2514 1051 2579 praeterea
1079 2506 1127 2568 viri
1156 2521 1251 2578 graves
1278 2504 1514 2567 demonstrarunt;
1543 2520 1614 2560 nunc
1642 2512 1772 2560 tamenta

445 2588 531 2646 voluit
553 2588 751 2663 protectionem
775 2606 851 2645 suam
866 2588 1012 2647 Romanam
1035 2589 1147 2663 egregie
1169 2589 1321 2654 declarare,
1345 2606 1375 2645 ac
1391 2588 1508 2645 decrevit
1523 2590 1644 2661 seipsum
1660 2606 1736 2644 men·

444 2673 530 2730 daciis
553 2689 692 2746 superare.
739 2673 818 2730 Tales
840 2675 910 2730 enim
933 2675 1056 2730 homines
1078 2691 1150 2730 nune
1172 2674 1217 2730 dat
1232 2673 1329 2735 Roma,
1352 2681 1380 2728 et
1402 2672 1494 2728 nullos
1515 2672 1602 2729 alios!
1633 2671 1736 2730 Contra

411 2788 419 2800 =
443 2757 592 2815 Alreldium
620 2774 686 2814 vero
714 2758 754 2815 sic
782 2759 821 2814 ait
847 2761 873 2814 in
896 2759 1057 2833 praefatione
1087 2758 1123 2814 ‘Si
1146 2758 1235 2832 lipsii
1265 2758 1333 2813 tales
1361 2757 1434 2813 tulit·
1450 2757 1591 2831 gigantes,
1622 2766 1736 2831 oportet

443 2860 502 2900 eam
532 2851 633 2898 terram
660 2843 769 2900 divitem
800 2843 900 2900 habere
929 2844 1049 2900 fundum.
1094 2852 1124 2898 ut
1152 2842 1287 2915 intelligas
1310 2858 1374 2898 vero
1398 2843 1462 2916 quid
1489 2841 1584 2903 velim,
1614 2842 1734 2905 attende,

443 2926 596 3002 Sylrester,
630 2927 785 2990 Caietanus,
818 2928 930 2990 Ecliius,
959 2929 1102 2989 Emserus,
1131 2937 1159 2984 et
1190 2929 1241 2984 iam
1270 2926 1446 2983 colonienses
1475 2936 1556 3000 atque
1584 2926 1772 2983 bovarico-ss

443 3030 488 3070 sea
517 3014 628 3086 egregia
656 3020 684 3068 et
712 3012 837 3069 militaria
868 3013 987 3069 facinora
1015 3031 1063 3068 sna
1094 3013 1120 3067 in
1148 3029 1191 3067 me
1220 3012 1411 3075 ostenderunt,
1444 3012 1527 3067 decus
1556 3019 1584 3066 et
1618 3012 1734 3084 gloriam

443 3099 607 3170 consequuti
637 3114 688 3171 pro
718 3099 814 3154 merito
843 3114 909 3159 suo;
937 3098 1015 3170 Papae
1041 3107 1068 3154 et
1098 3097 1328 3169 indulgentiarum
1351 3113 1459 3152 causam
1487 3096 1526 3151 sic
1553 3095 1736 3152 defenderunt
1793 3169 1795 3172 .

443 3182 584 3238 ariversnm
608 3199 664 3244 me,
688 3188 719 3237 ut
741 3181 840 3237 vellent
863 3182 904 3237 eis
926 3182 1024 3238 molins
1047 3181 1229 3240 successisse:
1255 3180 1360 3237 tandem
1383 3181 1572 3254 cogitaverunt
1595 3181 1735 3237 nonnulli

439 3267 554 3340 aggredi
571 3283 613 3322 me
636 3267 706 3322 sicut
721 3264 850 3322 Pharisaei
867 3268 990 3339 aggressi
1007 3274 1071 3323 sunt
1085 3266 1231 3322 Clrristum'
1253 3274 1305 3322 etc.
1349 3266 1420 3339 Papa
1442 3265 1536 3338 igitur.
1558 3264 1614 3322 Leo
1629 3265 1669 3328 x..
1693 3266 1736 3321 vir

442 3344 714 3432 {gigssgssffffiffif'l
756 3350 858 3424 alioqui
881 3353 1054 3413 mitissimus,
1079 3359 1110 3406 nt
1132 3351 1197 3407 vidit
1211 3350 1357 3407 Ecclesiam
1374 3350 1464 3423 impiis
1479 3356 1508 3405 et
1523 3348 1662 3405 seditiosis
1678 3349 1733 3406 bu·
1744 3360 1772 3402 aa

443 3435 513 3492 theri
536 3435 647 3508 scriptis
669 3435 843 3491 vehementer
865 3436 968 3493 turbari
992 3437 1123 3509 undique,
1152 3436 1347 3508 dissidiumquc
1376 3435 1460 3490 indies
1483 3433 1570 3507 magis
1592 3451 1623 3492 ac
1645 3436 1735 3509 magis

441 3521 607 3582 increscere,
636 3536 666 3576 ac
694 3519 769 3575 illum
793 3521 903 3576 reiectis
925 3521 1064 3583 omnibus,
1094 3520 1242 3593 quamlibet
1270 3520 1337 3594 piis,
1366 3518 1597 3575 admonitionibus
1625 3536 1736 3593 semper

441 3605 468 3660 in
490 3605 569 3680 peius
591 3603 741 3678 proficere,
770 3605 917 3662 insurrexit
946 3606 1052 3661 tandem
1080 3607 1152 3662 serio
1182 3614 1277 3661 contra
1304 3603 1515 3678 superbissimas
1542 3602 1654 3660 rebellis
1677 3605 1735 3662 llo·

336 3712 340 3719 ·
441 3689 519 3747 nncbi
542 3687 777 3762 importunitates,
806 3707 963 3763 proponens
992 3691 1108 3764 primum
1131 3690 1297 3746 doctissimis
1326 3688 1486 3762 quibusdam
1510 3688 1656 3760 Theologis
1679 3689 1735 3745 Lu·

441 3774 510 3831 theri
533 3774 635 3847 scripta
657 3773 853 3846 pensiculatius
875 3775 1060 3836 examinanda:
1090 3776 1186 3831 deinde
1208 3774 1311 3831 vocatis
1332 3774 1359 3828 in
1383 3773 1580 3829 consistorium
1603 3772 1769 3830 cardina-ss

440 3858 526 3920 libus,
550 3874 644 3913 eorum
668 3857 755 3914 [retus
777 3857 907 3921 consilio,
937 3860 1178 3932 qnandolcuitate
1201 3877 1251 3933 per
1271 3859 1390 3931 Legatos
1412 3867 1439 3914 et
1461 3857 1579 3914 Nuncios
1601 3858 1669 3914 nilril
1693 3860 1734 3914 et·

440 3944 563 4005 lecisset.
586 3942 620 3998 ad
641 3943 761 4015 rigorem
784 3942 910 4001 Censurm
932 3946 1084 4017 processit,
1107 3963 1138 4002 ea
1162 3954 1250 4001 tamen
1272 3943 1478 4005 moderatione,
1507 3951 1537 3997 ut
1560 3944 1587 3998 in
1609 3943 1734 4017 promul·

439 4028 527 4102 ganda
550 4028 699 4090 sententia,
722 4029 865 4083 recensitis
888 4028 942 4084 llLl
964 4031 1089 4086 articulis
1112 4030 1252 4103 reprobis,
1276 4029 1362 4084 libros
1385 4036 1490 4084 tantum
1513 4028 1661 4088 damnaret,
1685 4046 1734 4084 au·

440 4113 547 4168 tlrorcm
577 4129 642 4167 vero
669 4110 801 4168 librorum
831 4113 862 4169 ad
891 4114 1104 4188 resipiscendum
1133 4122 1245 4189 paterne
1272 4113 1445 4174 hortaretur;
1476 4128 1556 4186 quem
1590 4120 1620 4168 ut
1652 4122 1734 4170 antea

439 4198 549 4254 Romam
572 4196 766 4269 benignissime
788 4207 944 4261 vocaverat.
973 4199 1090 4256 olierens
1118 4200 1143 4255 ei
1171 4206 1199 4254 et
1227 4197 1328 4253 salvum
1356 4198 1519 4254 conductum
1549 4206 1577 4253 et
1604 4206 1733 4272 sumptus
1743 4211 1769 4251 to

396 4298 399 4303 ·
438 4281 559 4353 itineris,
583 4281 670 4336 itaet
693 4280 719 4336 in
742 4281 815 4338 Bulla
838 4300 886 4339 sua
909 4283 1066 4357 praefigebat
1089 4284 1113 4339 ei
1136 4283 1280 4339 terminum
1302 4281 1344 4337 Lll
1366 4281 1472 4338 dierum
1495 4281 1528 4337 ad
1549 4283 1733 4339 revocandum

437 4375 528 4422 errata
551 4373 579 4420 et
601 4382 698 4422 rursus
721 4366 762 4421 Lx
785 4367 842 4423 dies
865 4368 963 4424 adiecit
985 4368 1017 4423 ad
1041 4368 1229 4425 insinuandam
1251 4366 1313 4422 Sedi
1335 4366 1501 4440 spostolicae
1525 4365 1642 4424 debitam
1666 4367 1733 4424 obe·

438 4451 565 4506 dientiam
586 4451 841 4524 correctionemque
863 4462 1032 4516 erratorum,
1064 4452 1163 4508 iterum
1186 4452 1289 4508 salvum
1312 4451 1337 4506 ei
1360 4450 1478 4506 olierens
1499 4451 1656 4525 plenissima
1680 4452 1732 4507 lide

438 4535 609 4592 conductum.
654 4532 803 4591 Plurimum
832 4554 947 4610 namque
974 4536 1085 4592 dolebat
1113 4536 1159 4610 pio
1188 4534 1311 4593 Pontifici
1334 4534 1518 4592 Germanicam
1545 4535 1688 4592 Nationem
1717 4553 1733 4592 a

437 4619 557 4676 turbem
580 4619 606 4674 in
630 4618 805 4676 rebellionem
827 4621 958 4677 concitari
980 4629 1075 4677 eontra
1098 4621 1243 4677 Romanam
1266 4619 1419 4680 Ecclesiam,
1442 4619 1507 4694 quia
1528 4620 1601 4677 illam
1624 4631 1768 4696 semperta

436 4721 493 4778 prce
515 4705 575 4762 aliis
590 4703 751 4761 ilationibus
773 4704 835 4763 imis
857 4705 995 4779 complexa
1019 4706 1110 4762 iuerat
1131 4704 1280 4762 visceribus
1302 4704 1457 4772 charitatis,
1481 4706 1614 4761 translato
1629 4705 1657 4761 in
1673 4722 1731 4763 eam

503 4970 515 5001 ⁷
534 4986 550 5021 a
567 4986 630 5021 seso
650 4968 717 5035 inm]
739 4971 832 5026 Immo,
852 4971 950 5021 cretus
970 4973 1125 5038 invenerat.
1180 4969 1200 5002 ¹⁹
1218 4966 1318 5035 libelli]
1335 4969 1408 5021 alter
1420 4970 1641 5035 Oecolampadii‚
1660 4971 1733 5022 alter

437 5051 647 5103 Pirokbeimeri.
668 5054 704 5103 ci.
718 5053 772 5105 vol.
785 5053 850 5104 1111.
864 5070 891 5120 p.
905 5054 963 5104 515.
978 5070 1017 5120 sq.
1033 5061 1100 5120 etp.
1113 5053 1171 5104 520.
1187 5069 1226 5119 sq.
1242 5055 1334 5104 adnot.
1350 5053 1389 5105 tu.
1441 5053 1464 5088 ⁴⁶
1482 5054 1519 5104 cf.
1533 5070 1618 5121 supra
1630 5071 1657 5122 p.
1671 5054 1730 5109 aut.
