4300 6059
876 1619 1091 1742 uuerden
1127 1621 1198 1695 DE
1237 1621 1453 1707 HVTTEN

998 1759 1144 1821 aotnms
1167 1760 1333 1810 onustam

834 1859 872 1921 IN
903 1861 1092 1923 VLlllGHVM
1119 1861 1494 1924 uernruueunoun'sutt

1016 1979 1152 2030 enarro
1172 1981 1316 2031 nuncto.
1496 1981 1498 1985 ’

464 2165 511 2216 §.c
610 2147 701 2217 Quam
723 2166 781 2208 non
804 2167 937 2210 meante
960 2148 1062 2211 lelellit
1085 2151 1200 2228 opinio,
1222 2152 1375 2223 Germani,
1398 2153 1440 2212 sie
1461 2169 1556 2230 nuper
1577 2160 1760 2222 monentem,
1784 2153 1830 2212 sia

523 2249 639 2327 longius
661 2251 717 2310 lmc
740 2251 891 2313 differatur
913 2252 1068 2323 iudicium,
1104 2252 1167 2313 lore
1188 2262 1221 2332 ut
1241 2256 1294 2315 iste
1323 2274 1357 2314 ex
1380 2254 1507 2315 demisso
1536 2253 1647 2323 alacer,
1683 2274 1728 2314 er·
1740 2271 1808 2332 per·

523 2351 605 2412 cutso
627 2353 724 2440 seror,
750 2371 785 2414 cx
804 2355 959 2432 desperato
982 2354 1109 2415 insolens
1130 2361 1244 2416 nostras
1259 2356 1424 2436 lachrymas
1441 2363 1633 2435 nostrumque
1649 2356 1808 2435 planctum,

523 2452 630 2514 horum
652 2454 788 2534 Equitum
809 2456 1038 2533 indignationem
1053 2476 1088 2518 ac
1106 2457 1269 2529 lrernitunr,
1293 2467 1435 2530 vestram,
1457 2460 1620 2539 principos,
1636 2462 1808 2519 commotio-

524 2573 608 2625 nem,
631 2563 720 2617 totam
743 2558 868 2637 denique
895 2559 1082 2623 Germaniam
1104 2562 1243 2638 puniendi
1263 2562 1358 2622 studio
1381 2561 1603 2623 tumultuantem
1626 2580 1684 2622 non
1706 2564 1807 2640 exqui-

456 2682 463 2689 ·
524 2659 577 2719 sita
600 2657 722 2720 alicuius
741 2658 927 2731 defensione,
951 2662 1000 2721 sed
1025 2662 1178 2740 profligata
1201 2683 1253 2724 sua
1280 2665 1453 2724 conlidentia
1480 2672 1646 2743 oppugnet,
1679 2681 1841 2743 numquam

469 2771 516 2823 m.
526 2759 637 2821 nullum
661 2764 690 2823 in
712 2782 800 2824 cansa
822 2764 990 2842 presidium
1012 2765 1154 2836 inveniat,
1184 2766 1319 2827 fiduciam
1346 2769 1374 2827 in
1400 2765 1510 2826 uiribus
1532 2765 1664 2827 collocet.
1708 2766 1809 2844 ltaque

527 2855 614 2941 lo'nge
638 2863 691 2925 alia
714 2867 827 2927 ratione
856 2885 943 2944 quam
971 2884 1066 2944 nuper
1095 2868 1132 2927 ad
1154 2868 1310 2930 dicendum
1337 2870 1436 2929 renio:
1465 2869 1549 2945 prius
1573 2869 1649 2929 euim
1676 2846 1809 2931 aceusari

525 2983 608 3025 reum
632 2969 733 3044 quise
757 2969 832 3029 dicta
859 2988 946 3029 causa
969 2976 998 3030 et
1020 2969 1084 3030 iure
1106 2971 1200 3048 siquid
1223 2978 1322 3048 posset
1340 2971 1516 3031 defensurus
1534 2969 1706 3049 putabatur,
1732 2989 1811 3031 nune

525 3069 690 3129 conandum
713 3071 852 3131 adversus
876 3090 942 3131 enm
966 3074 1080 3150 estqui
1104 3079 1133 3133 et
1155 3073 1292 3133 delictum
1317 3073 1437 3141 latetur,
1467 3082 1495 3132 et
1522 3073 1557 3132 ad
1581 3073 1670 3132 renim
1694 3073 1809 3151 petitio-

524 3189 592 3231 nem
614 3189 673 3231 non
695 3181 738 3232 est
760 3174 918 3242 demissus,
940 3182 967 3234 et
984 3174 1124 3235 irnlicinm
1142 3177 1316 3245 contemnit,
1340 3183 1368 3236 et
1384 3193 1463 3236 arma
1480 3176 1571 3252 gerit,
1594 3194 1650 3236 nec
1668 3194 1720 3235 sua
1737 3193 1806 3235 con·
1820 3193 1844 3233 m

524 3274 643 3334 scientia
666 3293 720 3335 nco
742 3277 893 3336 hominum
915 3278 1053 3354 opinione
1076 3278 1154 3356 quod
1176 3278 1232 3336 vim
1254 3296 1320 3355 quie
1342 3297 1357 3337 a
1380 3277 1465 3337 uoltis
1487 3276 1564 3337 nulla
1590 3279 1728 3338 intentata
1755 3285 1807 3344 cst,

524 3376 822 3454 propulsatnrnssit,
854 3396 956 3438 verum
983 3385 1014 3438 ut
1042 3379 1182 3440 maleficia
1210 3398 1261 3439 sua
1291 3380 1419 3440 cumulet
1449 3397 1483 3439 ar
1507 3379 1617 3439 scelera
1645 3379 1808 3438 condrnmt.

467 3487 513 3539 §.a
524 3475 622 3547 Quare
644 3481 728 3540 etiam
755 3498 849 3541 causa}
871 3482 961 3558 ipsius
984 3482 1111 3542 conditio
1134 3489 1241 3542 mutata
1266 3489 1310 3542 est
1330 3484 1381 3551 ita,
1412 3490 1441 3541 ut
1465 3501 1529 3560 qum
1551 3483 1632 3560 prins
1655 3486 1754 3539 nostra
1776 3499 1809 3539 ao

523 3581 634 3659 privata
663 3582 759 3642 habita
795 3591 852 3649 est,
885 3602 918 3643 ca
945 3602 1024 3643 nune
1047 3586 1262 3645 Germanorum
1290 3585 1419 3644 omnium
1449 3603 1483 3643 ae
1511 3582 1627 3660 pnltlica
1651 3583 1808 3642 elliciatur:

522 3702 689 3763 quanquam
714 3686 788 3745 enim
810 3686 893 3763 prius
914 3704 973 3746 non
997 3686 1156 3746 obscurum
1186 3694 1262 3745 osset
1290 3693 1380 3746 totam
1404 3686 1479 3746 lrano
1506 3687 1588 3746 istius
1609 3685 1733 3744 amentia
1757 3701 1808 3761 pa·
1818 3705 1844 3744 eo

522 3789 607 3847 triam
629 3786 812 3856 infamatam,
835 3794 948 3848 tantum
970 3796 1067 3848 tamon
1083 3787 1267 3866 negligentiae,
1288 3789 1451 3864 suspicatus
1467 3806 1553 3847 nemo
1573 3794 1616 3846 cst
1633 3788 1703 3863 quin
1724 3787 1809 3846 unius

467 3890 641 3950 §.ttandem
663 3889 805 3968 supplicio
827 3908 982 3951 commune
1007 3891 1140 3951 lueretur
1164 3889 1365 3969 opprobrium.
1407 3889 1486 3968 quod
1517 3891 1584 3967 quia
1618 3887 1738 3949 dilatum
1767 3895 1810 3948 est

522 3990 647 4052 ulterius
668 4011 755 4071 quam
778 3992 893 4063 delinit,
925 4001 955 4053 et
983 3995 1037 4053 isto
1060 4013 1092 4053 se
1117 3991 1232 4068 collegit
1260 4010 1401 4071 spemque
1425 3992 1606 4051 confirmarit
1626 4008 1726 4060 suam,
1757 4009 1810 4049 nos

524 4094 642 4172 quidem
665 4094 807 4164 ludibrio,
834 4113 935 4155 omnes
956 4102 1054 4155 antem
1069 4093 1154 4155 simul
1171 4096 1310 4155 Germani
1331 4095 1455 4154 inlarnirc
1471 4113 1504 4152 ac
1522 4094 1660 4154 dedecori
1679 4091 1810 4151 obstricti

524 4199 608 4256 estis:
632 4214 700 4256 nam
724 4197 802 4275 quod
825 4198 860 4257 ad
885 4199 1097 4257 cunctationem
1119 4197 1260 4275 pertinet,
1283 4199 1325 4258 sio
1348 4196 1468 4256 credent
1487 4196 1629 4264 lmmines,
1658 4213 1714 4253 non
1740 4195 1845 4256 incisu

524 4297 704 4359 dubitatione
724 4300 775 4360 sed
797 4300 934 4378 potentia,
957 4300 1039 4358 istius
1062 4304 1141 4358 metu
1163 4298 1306 4358 tardiores
1327 4299 1363 4358 ad
1381 4299 1567 4359 iudicandum
1583 4297 1750 4364 accessisse,
1771 4295 1809 4354 oli

467 4401 613 4479 §.aitque
634 4418 692 4459 non
715 4403 790 4462 vires
813 4401 906 4472 vobio,
938 4401 988 4463 sed
1017 4419 1067 4459 ros
1091 4399 1200 4460 viribus
1227 4400 1368 4467 deluissc;
1403 4400 1481 4478 quod
1512 4418 1580 4458 cero
1606 4399 1728 4475 eripitur·
1757 4399 1811 4457 iste

524 4503 683 4582 supplicio,
707 4504 874 4563 huiusmodi
897 4502 1039 4580 estquod
1062 4503 1117 4562 ianr
1140 4500 1344 4579 pervulgatur,
1366 4510 1515 4579 potentem
1535 4503 1563 4560 in
1581 4501 1735 4561 Germania
1757 4499 1810 4558 lm·
1867 4562 1869 4567 ,

435 4658 442 4685 ,
524 4606 647 4681 minem,
673 4605 931 4685 quantumcunque
956 4603 1146 4672 sceleratum,
1170 4604 1303 4664 damnari
1325 4622 1411 4683 posse
1435 4605 1597 4671 nerninem;
1626 4602 1704 4681 quod
1727 4601 1810 4661 intel·

827 4791 869 4841 cf,
888 4806 971 4855 supra
989 4807 1014 4855 p.
1029 4789 1126 4866 tlt-ad
1145 4792 1297 4842 orationem
1315 4791 1507 4865 lludnotutn.

1123 4861 1342 4867 —-.-.-——.
1349 4862 1355 4865 .
1380 4859 1524 4865 .--—--
1532 4858 1606 4865 .---

592 4945 613 4977 ¹⁰
636 4946 746 5009 .Cunqj
768 4948 789 4992 1.
861 4941 881 4974 ¹⁸
900 4944 939 4992 ita
963 4960 1008 4992 orn.
1031 4947 1053 4993 1.
1073 4946 1176 4994 aiddu.
1245 4942 1396 4991 ”tondent
1415 4958 1461 4991 oni.
1476 4945 1498 4990 1.
1514 4943 1573 4990 add.
1587 4945 1616 4991 H.
1689 4939 1711 4971 ²⁹
1730 4957 1810 5007 posse

523 5033 601 5080 deleo.
616 5035 645 5078 Η.
1117 5077 1132 5109 .
