<?xml version="1.0" encoding="UTF-8"?>
<!DOCTYPE html PUBLIC "-//W3C//DTD XHTML 1.0 Transitional//EN"
    "http://www.w3.org/TR/xhtml1/DTD/xhtml1-transitional.dtd">
<html xmlns="http://www.w3.org/1999/xhtml" xml:lang="en" lang="en">
 <head>
  <title>
</title>
<meta http-equiv="Content-Type" content="text/html;charset=utf-8" />
  <meta name='ocr-system' content='tesseract 3.04.00' />
  <meta name='ocr-capabilities' content='ocr_page ocr_carea ocr_par ocr_line ocrx_word'/>
</head>
<body>
  <div class='ocr_page' id='page_1' title='image "./ulrichihuttenie01huttgoog/ulrichihuttenie01huttgoog_0476.png"; bbox 0 0 4300 6059; ppageno 0'>
   <div class='ocr_carea' id='block_1_1' title="bbox 449 680 1738 753">
    <p class='ocr_par' dir='ltr' id='par_1_1' title="bbox 449 680 1738 753">
     <span class='ocr_line' id='line_1_1' title="bbox 449 680 1738 753; baseline -0.007 0"><span class='ocrx_word' id='word_1_1' title='bbox 449 680 522 753; x_wconf 63' lang='lat'><strong><em>“¹¹66</em></strong></span> <span class='ocrx_word' id='word_1_2' title='bbox 544 713 664 748; x_wconf 73' lang='lat' dir='ltr'>ttvrrrtxt</span> <span class='ocrx_word' id='word_1_3' title='bbox 679 713 713 746; x_wconf 80' lang='lat' dir='ltr'>Dr.</span> <span class='ocrx_word' id='word_1_4' title='bbox 727 711 841 746; x_wconf 75' lang='lat' dir='ltr'>Graracv</span> <span class='ocrx_word' id='word_1_5' title='bbox 859 712 953 747; x_wconf 71' lang='lat' dir='ltr'>tttltrtc.</span> <span class='ocrx_word' id='word_1_6' title='bbox 965 713 999 746; x_wconf 73' lang='lat' dir='ltr'>BT</span> <span class='ocrx_word' id='word_1_7' title='bbox 1010 712 1103 746; x_wconf 67' lang='lat' dir='ltr'>HORBO</span> <span class='ocrx_word' id='word_1_8' title='bbox 1115 712 1195 746; x_wconf 76' lang='lat' dir='ltr'><strong>GALL.</strong></span> <span class='ocrx_word' id='word_1_9' title='bbox 1206 712 1261 746; x_wconf 75' lang='grc' dir='ltr'>ΜΒ.</span> <span class='ocrx_word' id='word_1_10' title='bbox 1276 710 1325 745; x_wconf 76' lang='grc' dir='ltr'>ΙΙΤ</span> <span class='ocrx_word' id='word_1_11' title='bbox 1336 711 1464 745; x_wconf 65' lang='grc' dir='ltr'>ΙΙΤΒΝΕΒΒ</span> <span class='ocrx_word' id='word_1_12' title='bbox 1476 711 1592 745; x_wconf 71' lang='lat' dir='ltr'>I&#39;BBEBS.</span> <span class='ocrx_word' id='word_1_13' title='bbox 1605 711 1665 743; x_wconf 65' lang='lat' dir='ltr'>Cll&#39;.</span> <span class='ocrx_word' id='word_1_14' title='bbox 1678 711 1738 745; x_wconf 70' lang='lat'>111.</span> 
     </span>
    </p>
   </div>
   <div class='ocr_carea' id='block_1_2' title="bbox 381 865 1777 2989">
    <p class='ocr_par' dir='ltr' id='par_1_2' title="bbox 381 865 1777 2989">
     <span class='ocr_line' id='line_1_2' title="bbox 449 865 1738 945; baseline -0.002 -16"><span class='ocrx_word' id='word_1_15' title='bbox 449 868 633 929; x_wconf 87' lang='lat' dir='ltr'>ebriosorum</span> <span class='ocrx_word' id='word_1_16' title='bbox 658 876 686 927; x_wconf 90' lang='lat' dir='ltr'>et</span> <span class='ocrx_word' id='word_1_17' title='bbox 708 865 782 945; x_wconf 77' lang='lat' dir='ltr'>gvrlro</span> <span class='ocrx_word' id='word_1_18' title='bbox 805 867 969 927; x_wconf 80' lang='lat' dir='ltr'>deditorum</span> <span class='ocrx_word' id='word_1_19' title='bbox 994 867 1162 933; x_wconf 86' lang='lat' dir='ltr'>lvomimrm,</span> <span class='ocrx_word' id='word_1_20' title='bbox 1192 866 1335 945; x_wconf 79' lang='lat' dir='ltr'>siquando</span> <span class='ocrx_word' id='word_1_21' title='bbox 1359 875 1552 942; x_wconf 73' lang='lat' dir='ltr'>aegrotarent,</span> <span class='ocrx_word' id='word_1_22' title='bbox 1585 869 1738 927; x_wconf 74' lang='lat' dir='ltr'>curatione</span> 
     </span>
     <span class='ocr_line' id='line_1_3' title="bbox 450 968 1737 1047; baseline -0.002 -16"><span class='ocrx_word' id='word_1_23' title='bbox 450 971 597 1031; x_wconf 77' lang='lat' dir='ltr'>iuterrlixil</span> <span class='ocrx_word' id='word_1_24' title='bbox 621 970 754 1030; x_wconf 79' lang='lat' dir='ltr'>riverlicis:</span> <span class='ocrx_word' id='word_1_25' title='bbox 779 970 980 1029; x_wconf 73' lang='lat' dir='ltr'>‘reelacervant</span> <span class='ocrx_word' id='word_1_26' title='bbox 1003 972 1080 1029; x_wconf 89' lang='lat' dir='ltr'>euim</span> <span class='ocrx_word' id='word_1_27' title='bbox 1104 968 1169 1028; x_wconf 86' lang='lat' dir='ltr'>cito&#39;</span> <span class='ocrx_word' id='word_1_28' title='bbox 1193 970 1285 1047; x_wconf 76' lang='lat' dir='ltr'>innuit</span> <span class='ocrx_word' id='word_1_29' title='bbox 1308 978 1371 1046; x_wconf 78' lang='lat' dir='ltr'>‘per</span> <span class='ocrx_word' id='word_1_30' title='bbox 1395 971 1458 1028; x_wconf 76' lang='lat' dir='ltr'>vila</span> <span class='ocrx_word' id='word_1_31' title='bbox 1481 970 1737 1045; x_wconf 73' lang='lat' dir='ltr'>intemperantiam</span> 
     </span>
     <span class='ocr_line' id='line_1_4' title="bbox 381 1069 1739 1149; baseline -0.004 -14"><span class='ocrx_word' id='word_1_32' title='bbox 381 1073 558 1141; x_wconf 71' lang='lat' dir='ltr'>§.merarius</span> <span class='ocrx_word' id='word_1_33' title='bbox 581 1073 735 1141; x_wconf 87' lang='lat' dir='ltr'>lrnmores,</span> <span class='ocrx_word' id='word_1_34' title='bbox 764 1083 796 1131; x_wconf 89' lang='lat' dir='ltr'>ut</span> <span class='ocrx_word' id='word_1_35' title='bbox 824 1071 931 1132; x_wconf 88' lang='lat' dir='ltr'>lrustra</span> <span class='ocrx_word' id='word_1_36' title='bbox 960 1079 1138 1131; x_wconf 71' lang='lat' dir='ltr'>evacuentur</span> <span class='ocrx_word' id='word_1_37' title='bbox 1166 1071 1229 1130; x_wconf 88' lang='lat' dir='ltr'>isti&#39;.</span> <span class='ocrx_word' id='word_1_38' title='bbox 1276 1071 1348 1130; x_wconf 77' lang='lat' dir='ltr'>‘Cito</span> <span class='ocrx_word' id='word_1_39' title='bbox 1378 1069 1518 1148; x_wconf 85' lang='lat' dir='ltr'>expletnr&#39;</span> <span class='ocrx_word' id='word_1_40' title='bbox 1542 1071 1739 1149; x_wconf 66' lang='lat' dir='ltr'>Hieronymus</span> 
     </span>
     <span class='ocr_line' id='line_1_5' title="bbox 450 1170 1737 1252; baseline -0.003 -17"><span class='ocrx_word' id='word_1_41' title='bbox 450 1178 488 1235; x_wconf 88' lang='lat' dir='ltr'>ait</span> <span class='ocrx_word' id='word_1_42' title='bbox 512 1183 633 1235; x_wconf 72' lang='lat' dir='ltr'>‘naturae</span> <span class='ocrx_word' id='word_1_43' title='bbox 655 1175 823 1242; x_wconf 82' lang='lat' dir='ltr'>necessitas,</span> <span class='ocrx_word' id='word_1_44' title='bbox 848 1174 941 1251; x_wconf 89' lang='lat' dir='ltr'>lrigns</span> <span class='ocrx_word' id='word_1_45' title='bbox 963 1172 1088 1252; x_wconf 80' lang='lat' dir='ltr'>simplici</span> <span class='ocrx_word' id='word_1_46' title='bbox 1110 1175 1213 1232; x_wconf 86' lang='lat' dir='ltr'>vestitu</span> <span class='ocrx_word' id='word_1_47' title='bbox 1238 1180 1266 1232; x_wconf 91' lang='lat' dir='ltr'>et</span> <span class='ocrx_word' id='word_1_48' title='bbox 1288 1174 1379 1232; x_wconf 84' lang='lat' dir='ltr'>lanies</span> <span class='ocrx_word' id='word_1_49' title='bbox 1402 1172 1467 1232; x_wconf 87' lang='lat' dir='ltr'>cibo</span> <span class='ocrx_word' id='word_1_50' title='bbox 1491 1170 1595 1250; x_wconf 77' lang='lat' dir='ltr'>expelli</span> <span class='ocrx_word' id='word_1_51' title='bbox 1617 1172 1737 1251; x_wconf 87' lang='lat' dir='ltr'>potest&#39;.</span> 
     </span>
     <span class='ocr_line' id='line_1_6' title="bbox 381 1267 1765 1352; baseline -0.004 -14"><span class='ocrx_word' id='word_1_52' title='bbox 381 1267 641 1345; x_wconf 72' lang='lat' dir='ltr'>v.‘vr.rlrtaxer.ves,</span> <span class='ocrx_word' id='word_1_53' title='bbox 665 1276 821 1336; x_wconf 87' lang='lat' dir='ltr'>Persarum</span> <span class='ocrx_word' id='word_1_54' title='bbox 839 1294 906 1343; x_wconf 84' lang='lat' dir='ltr'>rex,</span> <span class='ocrx_word' id='word_1_55' title='bbox 931 1276 965 1334; x_wconf 82' lang='lat' dir='ltr'>ad</span> <span class='ocrx_word' id='word_1_56' title='bbox 983 1294 1046 1335; x_wconf 88' lang='lat' dir='ltr'>eam</span> <span class='ocrx_word' id='word_1_57' title='bbox 1062 1273 1217 1352; x_wconf 83' lang='lat' dir='ltr'>aliqnando</span> <span class='ocrx_word' id='word_1_58' title='bbox 1233 1277 1434 1336; x_wconf 79' lang='lat' dir='ltr'>necessitatem</span> <span class='ocrx_word' id='word_1_59' title='bbox 1451 1275 1602 1341; x_wconf 84' lang='lat' dir='ltr'>redactus,</span> <span class='ocrx_word' id='word_1_60' title='bbox 1626 1283 1659 1334; x_wconf 95' lang='lat' dir='ltr'>nt</span> <span class='ocrx_word' id='word_1_61' title='bbox 1673 1276 1765 1334; x_wconf 75' lang='lat' dir='ltr'>fuiss</span> 
     </span>
     <span class='ocr_line' id='line_1_7' title="bbox 449 1376 1739 1455; baseline -0.001 -18"><span class='ocrx_word' id='word_1_62' title='bbox 449 1378 539 1438; x_wconf 82' lang='lat' dir='ltr'>arivlis</span> <span class='ocrx_word' id='word_1_63' title='bbox 562 1386 590 1437; x_wconf 91' lang='lat' dir='ltr'>et</span> <span class='ocrx_word' id='word_1_64' title='bbox 612 1396 688 1455; x_wconf 78' lang='lat' dir='ltr'>parm</span> <span class='ocrx_word' id='word_1_65' title='bbox 711 1377 857 1437; x_wconf 81' lang='lat' dir='ltr'>orcleaeeo</span> <span class='ocrx_word' id='word_1_66' title='bbox 879 1386 1062 1444; x_wconf 77' lang='lat' dir='ltr'>vesceretur,</span> <span class='ocrx_word' id='word_1_67' title='bbox 1093 1394 1191 1436; x_wconf 86' lang='lat' dir='ltr'>rerum</span> <span class='ocrx_word' id='word_1_68' title='bbox 1221 1379 1388 1437; x_wconf 86' lang='lat' dir='ltr'>varietatem</span> <span class='ocrx_word' id='word_1_69' title='bbox 1411 1376 1497 1436; x_wconf 92' lang='lat' dir='ltr'>simul</span> <span class='ocrx_word' id='word_1_70' title='bbox 1520 1385 1549 1437; x_wconf 87' lang='lat' dir='ltr'>et</span> <span class='ocrx_word' id='word_1_71' title='bbox 1571 1395 1654 1437; x_wconf 88' lang='lat' dir='ltr'>suam</span> <span class='ocrx_word' id='word_1_72' title='bbox 1679 1378 1739 1436; x_wconf 88' lang='lat' dir='ltr'>lor·</span> 
     </span>
     <span class='ocr_line' id='line_1_8' title="bbox 450 1459 1740 1557; baseline 0 -17"><span class='ocrx_word' id='word_1_73' title='bbox 450 1488 550 1540; x_wconf 89' lang='lat' dir='ltr'>larvam</span> <span class='ocrx_word' id='word_1_74' title='bbox 574 1459 790 1557; x_wconf 75' lang='lat' dir='ltr'>contemplatus</span> <span class='ocrx_word' id='word_1_75' title='bbox 813 1478 1000 1539; x_wconf 85' lang='lat' dir='ltr'>‘Cuiusmodi&#39;</span> <span class='ocrx_word' id='word_1_76' title='bbox 1023 1480 1119 1557; x_wconf 84' lang='lat' dir='ltr'>inquit</span> <span class='ocrx_word' id='word_1_77' title='bbox 1141 1477 1305 1556; x_wconf 85' lang='lat' dir='ltr'>‘voluptatis</span> <span class='ocrx_word' id='word_1_78' title='bbox 1328 1487 1478 1556; x_wconf 81' lang='lat' dir='ltr'>expertem</span> <span class='ocrx_word' id='word_1_79' title='bbox 1501 1498 1547 1540; x_wconf 91' lang='lat' dir='ltr'>me</span> <span class='ocrx_word' id='word_1_80' title='bbox 1571 1478 1680 1556; x_wconf 88' lang='lat' dir='ltr'>regalis</span> <span class='ocrx_word' id='word_1_81' title='bbox 1697 1480 1740 1540; x_wconf 87' lang='lat' dir='ltr'>le·</span> 
     </span>
     <span class='ocr_line' id='line_1_9' title="bbox 381 1580 1738 1663; baseline 0.001 -25"><span class='ocrx_word' id='word_1_82' title='bbox 381 1589 533 1647; x_wconf 85' lang='lat' dir='ltr'>§.u.c.erat</span> <span class='ocrx_word' id='word_1_83' title='bbox 555 1581 723 1641; x_wconf 85' lang='lat' dir='ltr'>alllueutia&#39;.</span> <span class='ocrx_word' id='word_1_84' title='bbox 768 1581 832 1650; x_wconf 68' lang='lat' dir='ltr'>lino</span> <span class='ocrx_word' id='word_1_85' title='bbox 856 1581 990 1660; x_wconf 77' lang='lat' dir='ltr'>exemplo</span> <span class='ocrx_word' id='word_1_86' title='bbox 1014 1580 1177 1657; x_wconf 82' lang='lat' dir='ltr'>intelligere</span> <span class='ocrx_word' id='word_1_87' title='bbox 1201 1580 1301 1663; x_wconf 82' lang='lat' dir='ltr'>datur,</span> <span class='ocrx_word' id='word_1_88' title='bbox 1325 1580 1402 1659; x_wconf 87' lang='lat' dir='ltr'>qnod</span> <span class='ocrx_word' id='word_1_89' title='bbox 1426 1580 1456 1641; x_wconf 89' lang='lat' dir='ltr'>lvi</span> <span class='ocrx_word' id='word_1_90' title='bbox 1471 1582 1520 1658; x_wconf 89' lang='lat' dir='ltr'>qui</span> <span class='ocrx_word' id='word_1_91' title='bbox 1535 1600 1624 1660; x_wconf 86' lang='lat' dir='ltr'>parce</span> <span class='ocrx_word' id='word_1_92' title='bbox 1640 1584 1738 1642; x_wconf 87' lang='lat' dir='ltr'>virum</span> 
     </span>
     <span class='ocr_line' id='line_1_10' title="bbox 450 1682 1740 1760; baseline -0.001 -17"><span class='ocrx_word' id='word_1_93' title='bbox 450 1692 479 1743; x_wconf 91' lang='lat' dir='ltr'>et</span> <span class='ocrx_word' id='word_1_94' title='bbox 500 1683 615 1753; x_wconf 83' lang='lat' dir='ltr'>sobrie,</span> <span class='ocrx_word' id='word_1_95' title='bbox 646 1682 700 1742; x_wconf 88' lang='lat' dir='ltr'>soli</span> <span class='ocrx_word' id='word_1_96' title='bbox 724 1686 751 1743; x_wconf 92' lang='lat' dir='ltr'>iu</span> <span class='ocrx_word' id='word_1_97' title='bbox 774 1683 840 1743; x_wconf 90' lang='lat' dir='ltr'>lnce</span> <span class='ocrx_word' id='word_1_98' title='bbox 862 1691 1030 1751; x_wconf 84' lang='lat' dir='ltr'>versantur,</span> <span class='ocrx_word' id='word_1_99' title='bbox 1061 1689 1089 1742; x_wconf 90' lang='lat' dir='ltr'>et</span> <span class='ocrx_word' id='word_1_100' title='bbox 1111 1685 1208 1742; x_wconf 89' lang='lat' dir='ltr'>vivere</span> <span class='ocrx_word' id='word_1_101' title='bbox 1231 1701 1262 1742; x_wconf 88' lang='lat' dir='ltr'>se</span> <span class='ocrx_word' id='word_1_102' title='bbox 1285 1682 1465 1758; x_wconf 86' lang='lat' dir='ltr'>intellignut;</span> <span class='ocrx_word' id='word_1_103' title='bbox 1494 1686 1543 1760; x_wconf 90' lang='lat' dir='ltr'>qni</span> <span class='ocrx_word' id='word_1_104' title='bbox 1566 1692 1668 1743; x_wconf 83' lang='lat' dir='ltr'>eontra</span> <span class='ocrx_word' id='word_1_105' title='bbox 1695 1686 1740 1744; x_wconf 89' lang='lat' dir='ltr'>iu·</span> 
     </span>
     <span class='ocr_line' id='line_1_11' title="bbox 450 1784 1777 1864; baseline -0.002 -19"><span class='ocrx_word' id='word_1_106' title='bbox 450 1785 570 1863; x_wconf 76' lang='lat' dir='ltr'>dulgent</span> <span class='ocrx_word' id='word_1_107' title='bbox 593 1787 710 1863; x_wconf 85' lang='lat' dir='ltr'>corpori</span> <span class='ocrx_word' id='word_1_108' title='bbox 739 1804 774 1845; x_wconf 85' lang='lat' dir='ltr'>ae</span> <span class='ocrx_word' id='word_1_109' title='bbox 801 1787 898 1845; x_wconf 87' lang='lat' dir='ltr'>omnia</span> <span class='ocrx_word' id='word_1_110' title='bbox 928 1784 983 1845; x_wconf 87' lang='lat' dir='ltr'>silvi</span> <span class='ocrx_word' id='word_1_111' title='bbox 1011 1786 1206 1862; x_wconf 82' lang='lat' dir='ltr'>ingurgitant,</span> <span class='ocrx_word' id='word_1_112' title='bbox 1235 1786 1263 1844; x_wconf 94' lang='lat' dir='ltr'>iu</span> <span class='ocrx_word' id='word_1_113' title='bbox 1293 1784 1467 1863; x_wconf 84' lang='lat' dir='ltr'>quibusdam</span> <span class='ocrx_word' id='word_1_114' title='bbox 1496 1787 1578 1864; x_wconf 86' lang='lat' dir='ltr'>quasi</span> <span class='ocrx_word' id='word_1_115' title='bbox 1607 1786 1741 1846; x_wconf 86' lang='lat' dir='ltr'>tenebris</span> <span class='ocrx_word' id='word_1_116' title='bbox 1752 1804 1777 1844; x_wconf 84' lang='lat' dir='ltr'>ro</span> 
     </span>
     <span class='ocr_line' id='line_1_12' title="bbox 450 1886 1738 1964; baseline 0 -17"><span class='ocrx_word' id='word_1_117' title='bbox 450 1896 583 1947; x_wconf 86' lang='lat' dir='ltr'>errantes</span> <span class='ocrx_word' id='word_1_118' title='bbox 605 1906 663 1946; x_wconf 88' lang='lat' dir='ltr'>nou</span> <span class='ocrx_word' id='word_1_119' title='bbox 688 1890 817 1947; x_wconf 86' lang='lat' dir='ltr'>sentiunt</span> <span class='ocrx_word' id='word_1_120' title='bbox 839 1906 921 1947; x_wconf 86' lang='lat' dir='ltr'>suam</span> <span class='ocrx_word' id='word_1_121' title='bbox 946 1887 999 1964; x_wconf 87' lang='lat' dir='ltr'>ipsi</span> <span class='ocrx_word' id='word_1_122' title='bbox 1022 1889 1124 1946; x_wconf 86' lang='lat' dir='ltr'>vitam:</span> <span class='ocrx_word' id='word_1_123' title='bbox 1156 1895 1267 1947; x_wconf 88' lang='lat' dir='ltr'>tautum</span> <span class='ocrx_word' id='word_1_124' title='bbox 1299 1886 1397 1955; x_wconf 83' lang='lat' dir='ltr'>alvest,</span> <span class='ocrx_word' id='word_1_125' title='bbox 1427 1888 1554 1946; x_wconf 89' lang='lat' dir='ltr'>incumle</span> <span class='ocrx_word' id='word_1_126' title='bbox 1578 1890 1738 1956; x_wconf 72' lang='lat' dir='ltr'>uernam,</span> 
     </span>
     <span class='ocr_line' id='line_1_13' title="bbox 450 1988 1740 2069; baseline 0.002 -21"><span class='ocrx_word' id='word_1_127' title='bbox 450 2009 617 2069; x_wconf 79' lang='lat' dir='ltr'>rprmnpram</span> <span class='ocrx_word' id='word_1_128' title='bbox 642 1991 771 2049; x_wconf 83' lang='lat' dir='ltr'>sentiunt</span> <span class='ocrx_word' id='word_1_129' title='bbox 792 1988 880 2067; x_wconf 89' lang='lat' dir='ltr'>paulo</span> <span class='ocrx_word' id='word_1_130' title='bbox 904 1998 983 2067; x_wconf 90' lang='lat' dir='ltr'>post,</span> <span class='ocrx_word' id='word_1_131' title='bbox 1007 1990 1035 2047; x_wconf 90' lang='lat' dir='ltr'>in</span> <span class='ocrx_word' id='word_1_132' title='bbox 1059 1988 1181 2048; x_wconf 82' lang='lat' dir='ltr'>morbos</span> <span class='ocrx_word' id='word_1_133' title='bbox 1204 1989 1254 2048; x_wconf 83' lang='lat' dir='ltr'>eti</span> <span class='ocrx_word' id='word_1_134' title='bbox 1277 1989 1451 2056; x_wconf 80' lang='lat' dir='ltr'>inciderunt,</span> <span class='ocrx_word' id='word_1_135' title='bbox 1475 1999 1504 2049; x_wconf 86' lang='lat' dir='ltr'>et</span> <span class='ocrx_word' id='word_1_136' title='bbox 1526 1999 1595 2049; x_wconf 84' lang='lat' dir='ltr'>tuuc</span> <span class='ocrx_word' id='word_1_137' title='bbox 1618 1991 1740 2068; x_wconf 80' lang='lat' dir='ltr'>quidem</span> 
     </span>
     <span class='ocr_line' id='line_1_14' title="bbox 383 2091 1737 2169; baseline 0.001 -18"><span class='ocrx_word' id='word_1_138' title='bbox 383 2109 635 2169; x_wconf 64' lang='lat' dir='ltr'>§.rvrnguoscere</span> <span class='ocrx_word' id='word_1_139' title='bbox 660 2092 801 2167; x_wconf 85' lang='lat' dir='ltr'>incipiunt</span> <span class='ocrx_word' id='word_1_140' title='bbox 823 2110 909 2169; x_wconf 83' lang='lat' dir='ltr'>quam</span> <span class='ocrx_word' id='word_1_141' title='bbox 935 2093 1026 2158; x_wconf 86' lang='lat' dir='ltr'>vitatu</span> <span class='ocrx_word' id='word_1_142' title='bbox 1050 2110 1108 2169; x_wconf 89' lang='lat' dir='ltr'>quo</span> <span class='ocrx_word' id='word_1_143' title='bbox 1137 2094 1258 2168; x_wconf 83' lang='lat' dir='ltr'>praernio</span> <span class='ocrx_word' id='word_1_144' title='bbox 1287 2091 1455 2169; x_wconf 81' lang='lat' dir='ltr'>delegerint.</span> <span class='ocrx_word' id='word_1_145' title='bbox 1502 2110 1584 2159; x_wconf 89' lang='lat' dir='ltr'>uam,</span> <span class='ocrx_word' id='word_1_146' title='bbox 1614 2101 1645 2151; x_wconf 85' lang='lat' dir='ltr'>ut</span> <span class='ocrx_word' id='word_1_147' title='bbox 1667 2093 1737 2153; x_wconf 83' lang='lat' dir='ltr'>Per·</span> 
     </span>
     <span class='ocr_line' id='line_1_15' title="bbox 448 2195 578 2261; baseline 0.008 -10"><span class='ocrx_word' id='word_1_148' title='bbox 448 2197 508 2253; x_wconf 85' lang='lat' dir='ltr'>sius</span> <span class='ocrx_word' id='word_1_149' title='bbox 530 2195 578 2261; x_wconf 86' lang='lat' dir='ltr'>ait,</span> 
     </span>
     <span class='ocr_line' id='line_1_16' title="bbox 952 2294 1776 2374; baseline 0 -21"><span class='ocrx_word' id='word_1_150' title='bbox 952 2314 1018 2354; x_wconf 89' lang='lat' dir='ltr'>cum</span> <span class='ocrx_word' id='word_1_151' title='bbox 1043 2294 1172 2374; x_wconf 78' lang='lat' dir='ltr'>lapillosa</span> <span class='ocrx_word' id='word_1_152' title='bbox 1196 2296 1331 2372; x_wconf 80' lang='lat' dir='ltr'>chiragra</span> <span class='ocrx_word' id='word_1_153' title='bbox 1750 2314 1776 2353; x_wconf 76' lang='lat' dir='ltr'>rs</span> 
     </span>
     <span class='ocr_line' id='line_1_17' title="bbox 652 2395 1317 2476; baseline 0.003 -22"><span class='ocrx_word' id='word_1_154' title='bbox 652 2395 786 2472; x_wconf 84' lang='lat' dir='ltr'>Fregerit</span> <span class='ocrx_word' id='word_1_155' title='bbox 807 2396 947 2456; x_wconf 87' lang='lat' dir='ltr'>articulos</span> <span class='ocrx_word' id='word_1_156' title='bbox 971 2399 1076 2457; x_wconf 84' lang='lat' dir='ltr'>veleris</span> <span class='ocrx_word' id='word_1_157' title='bbox 1099 2397 1217 2457; x_wconf 87' lang='lat' dir='ltr'>ramalia</span> <span class='ocrx_word' id='word_1_158' title='bbox 1242 2399 1317 2476; x_wconf 90' lang='lat' dir='ltr'>lagi,</span> 
     </span>
     <span class='ocr_line' id='line_1_18' title="bbox 653 2497 1490 2578; baseline 0.002 -21"><span class='ocrx_word' id='word_1_159' title='bbox 653 2498 728 2557; x_wconf 86' lang='lat' dir='ltr'>Turn</span> <span class='ocrx_word' id='word_1_160' title='bbox 751 2516 866 2559; x_wconf 87' lang='lat' dir='ltr'>crassos</span> <span class='ocrx_word' id='word_1_161' title='bbox 889 2502 1026 2559; x_wconf 82' lang='lat' dir='ltr'>transisse</span> <span class='ocrx_word' id='word_1_162' title='bbox 1050 2497 1289 2577; x_wconf 82' lang='lat' dir='ltr'>clieslueeruqne</span> <span class='ocrx_word' id='word_1_163' title='bbox 1313 2499 1490 2578; x_wconf 83' lang='lat' dir='ltr'>palustrem,</span> 
     </span>
     <span class='ocr_line' id='line_1_19' title="bbox 653 2598 1397 2679; baseline 0.003 -21"><span class='ocrx_word' id='word_1_164' title='bbox 653 2599 689 2658; x_wconf 84' lang='lat' dir='ltr'>Et</span> <span class='ocrx_word' id='word_1_165' title='bbox 710 2598 766 2659; x_wconf 86' lang='lat' dir='ltr'>sibi</span> <span class='ocrx_word' id='word_1_166' title='bbox 789 2601 847 2660; x_wconf 89' lang='lat' dir='ltr'>iam</span> <span class='ocrx_word' id='word_1_167' title='bbox 869 2603 928 2661; x_wconf 89' lang='lat' dir='ltr'>seri</span> <span class='ocrx_word' id='word_1_168' title='bbox 952 2603 1037 2661; x_wconf 80' lang='lat' dir='ltr'>ritant</span> <span class='ocrx_word' id='word_1_169' title='bbox 1061 2604 1233 2679; x_wconf 88' lang='lat' dir='ltr'>ingemuere</span> <span class='ocrx_word' id='word_1_170' title='bbox 1255 2601 1397 2662; x_wconf 89' lang='lat' dir='ltr'>relictam.</span> 
     </span>
     <span class='ocr_line' id='line_1_20' title="bbox 382 2701 1740 2780; baseline 0.004 -20"><span class='ocrx_word' id='word_1_171' title='bbox 382 2719 439 2769; x_wconf 75' lang='lat' dir='ltr'>§.aa</span> <span class='ocrx_word' id='word_1_172' title='bbox 450 2702 528 2778; x_wconf 86' lang='lat' dir='ltr'>Ergo</span> <span class='ocrx_word' id='word_1_173' title='bbox 552 2701 734 2770; x_wconf 71' lang='lat' dir='ltr'>«iubilemus,</span> <span class='ocrx_word' id='word_1_174' title='bbox 759 2721 823 2780; x_wconf 76' lang='lat' dir='ltr'>queo</span> <span class='ocrx_word' id='word_1_175' title='bbox 846 2710 888 2761; x_wconf 89' lang='lat' dir='ltr'>tot</span> <span class='ocrx_word' id='word_1_176' title='bbox 909 2702 1080 2762; x_wconf 84' lang='lat' dir='ltr'>ruorlvorum</span> <span class='ocrx_word' id='word_1_177' title='bbox 1104 2722 1205 2763; x_wconf 89' lang='lat' dir='ltr'>caussa</span> <span class='ocrx_word' id='word_1_178' title='bbox 1228 2706 1381 2763; x_wconf 74' lang='lat' dir='ltr'>ttervoants</span> <span class='ocrx_word' id='word_1_179' title='bbox 1402 2706 1454 2774; x_wconf 89' lang='lat' dir='ltr'>sit,</span> <span class='ocrx_word' id='word_1_180' title='bbox 1479 2724 1545 2766; x_wconf 84' lang='lat' dir='ltr'>enm</span> <span class='ocrx_word' id='word_1_181' title='bbox 1570 2707 1740 2766; x_wconf 87' lang='lat' dir='ltr'>memineri-</span> 
     </span>
     <span class='ocr_line' id='line_1_21' title="bbox 451 2802 1775 2882; baseline 0.001 -19"><span class='ocrx_word' id='word_1_182' title='bbox 451 2824 516 2864; x_wconf 87' lang='lat' dir='ltr'>mus</span> <span class='ocrx_word' id='word_1_183' title='bbox 539 2804 634 2864; x_wconf 76' lang='lat' dir='ltr'>alllrue</span> <span class='ocrx_word' id='word_1_184' title='bbox 657 2822 723 2863; x_wconf 88' lang='lat' dir='ltr'>rum</span> <span class='ocrx_word' id='word_1_185' title='bbox 748 2803 796 2863; x_wconf 90' lang='lat' dir='ltr'>illo</span> <span class='ocrx_word' id='word_1_186' title='bbox 820 2802 889 2864; x_wconf 82' lang='lat' dir='ltr'>luxu</span> <span class='ocrx_word' id='word_1_187' title='bbox 920 2805 971 2864; x_wconf 83' lang='lat' dir='ltr'>lias</span> <span class='ocrx_word' id='word_1_188' title='bbox 1000 2806 1137 2866; x_wconf 86' lang='lat' dir='ltr'>invasisse</span> <span class='ocrx_word' id='word_1_189' title='bbox 1167 2823 1325 2882; x_wconf 88' lang='lat' dir='ltr'>corporum</span> <span class='ocrx_word' id='word_1_190' title='bbox 1356 2805 1470 2866; x_wconf 76' lang='lat' dir='ltr'>elacles:</span> <span class='ocrx_word' id='word_1_191' title='bbox 1501 2809 1557 2867; x_wconf 90' lang='lat' dir='ltr'>iam</span> <span class='ocrx_word' id='word_1_192' title='bbox 1588 2810 1666 2867; x_wconf 90' lang='lat' dir='ltr'>enirn</span> <span class='ocrx_word' id='word_1_193' title='bbox 1699 2811 1775 2868; x_wconf 83' lang='lat' dir='ltr'>itaao</span> 
     </span>
     <span class='ocr_line' id='line_1_22' title="bbox 451 2904 1740 2989; baseline 0.004 -23"><span class='ocrx_word' id='word_1_194' title='bbox 451 2925 566 2983; x_wconf 81' lang='lat' dir='ltr'>ganeae,</span> <span class='ocrx_word' id='word_1_195' title='bbox 590 2908 626 2966; x_wconf 86' lang='lat' dir='ltr'>ita</span> <span class='ocrx_word' id='word_1_196' title='bbox 650 2904 758 2967; x_wconf 82' lang='lat' dir='ltr'>delitiis</span> <span class='ocrx_word' id='word_1_197' title='bbox 780 2907 931 2966; x_wconf 81' lang='lat' dir='ltr'>sturlemus</span> <span class='ocrx_word' id='word_1_198' title='bbox 956 2906 1016 2974; x_wconf 86' lang='lat' dir='ltr'>lrie,</span> <span class='ocrx_word' id='word_1_199' title='bbox 1042 2915 1073 2966; x_wconf 90' lang='lat' dir='ltr'>ut</span> <span class='ocrx_word' id='word_1_200' title='bbox 1096 2908 1245 2966; x_wconf 75' lang='lat' dir='ltr'>rideantur</span> <span class='ocrx_word' id='word_1_201' title='bbox 1267 2909 1349 2984; x_wconf 84' lang='lat' dir='ltr'>quasi</span> <span class='ocrx_word' id='word_1_202' title='bbox 1366 2913 1517 2987; x_wconf 91' lang='lat' dir='ltr'>proposito</span> <span class='ocrx_word' id='word_1_203' title='bbox 1532 2912 1654 2989; x_wconf 72' lang='lat' dir='ltr'>premio</span> <span class='ocrx_word' id='word_1_204' title='bbox 1671 2930 1740 2971; x_wconf 89' lang='lat' dir='ltr'>cum</span> 
     </span>
    </p>
   </div>
   <div class='ocr_carea' id='block_1_3' title="bbox 382 3006 1774 3598">
    <p class='ocr_par' dir='ltr' id='par_1_3' title="bbox 382 3006 1774 3598">
     <span class='ocr_line' id='line_1_23' title="bbox 382 3006 1740 3092; baseline 0.001 -21"><span class='ocrx_word' id='word_1_205' title='bbox 382 3021 441 3071; x_wconf 77' lang='lat' dir='ltr'>ru.</span> <span class='ocrx_word' id='word_1_206' title='bbox 454 3009 517 3070; x_wconf 87' lang='lat' dir='ltr'>aliis</span> <span class='ocrx_word' id='word_1_207' title='bbox 539 3017 620 3069; x_wconf 84' lang='lat' dir='ltr'>extra</span> <span class='ocrx_word' id='word_1_208' title='bbox 644 3006 760 3086; x_wconf 90' lang='lat' dir='ltr'>populis</span> <span class='ocrx_word' id='word_1_209' title='bbox 783 3009 820 3069; x_wconf 89' lang='lat' dir='ltr'>de</span> <span class='ocrx_word' id='word_1_210' title='bbox 842 3011 968 3086; x_wconf 89' lang='lat' dir='ltr'>turpiter</span> <span class='ocrx_word' id='word_1_211' title='bbox 992 3009 1104 3068; x_wconf 85' lang='lat' dir='ltr'>riremli</span> <span class='ocrx_word' id='word_1_212' title='bbox 1125 3010 1292 3087; x_wconf 90' lang='lat' dir='ltr'>principatu</span> <span class='ocrx_word' id='word_1_213' title='bbox 1308 3011 1495 3071; x_wconf 66' lang='lat' dir='ltr'>‹foratevulere</span> <span class='ocrx_word' id='word_1_214' title='bbox 1534 3011 1740 3092; x_wconf 77' lang='lat' dir='ltr'>lralremusque</span> 
     </span>
     <span class='ocr_line' id='line_1_24' title="bbox 451 3110 1740 3188; baseline 0.003 -18"><span class='ocrx_word' id='word_1_215' title='bbox 451 3111 528 3171; x_wconf 82' lang='lat' dir='ltr'>lianc</span> <span class='ocrx_word' id='word_1_216' title='bbox 551 3130 585 3170; x_wconf 86' lang='lat' dir='ltr'>ac</span> <span class='ocrx_word' id='word_1_217' title='bbox 608 3129 670 3170; x_wconf 92' lang='lat' dir='ltr'>rem</span> <span class='ocrx_word' id='word_1_218' title='bbox 694 3128 751 3169; x_wconf 93' lang='lat' dir='ltr'>nou</span> <span class='ocrx_word' id='word_1_219' title='bbox 776 3111 926 3186; x_wconf 88' lang='lat' dir='ltr'>imperitos</span> <span class='ocrx_word' id='word_1_220' title='bbox 948 3110 1090 3188; x_wconf 84' lang='lat' dir='ltr'>qrrosrlam</span> <span class='ocrx_word' id='word_1_221' title='bbox 1113 3112 1275 3170; x_wconf 89' lang='lat' dir='ltr'>ministros:</span> <span class='ocrx_word' id='word_1_222' title='bbox 1305 3111 1334 3170; x_wconf 87' lang='lat' dir='ltr'>lri</span> <span class='ocrx_word' id='word_1_223' title='bbox 1364 3131 1398 3171; x_wconf 86' lang='lat' dir='ltr'>ex</span> <span class='ocrx_word' id='word_1_224' title='bbox 1423 3112 1531 3173; x_wconf 85' lang='lat' dir='ltr'>ultimis</span> <span class='ocrx_word' id='word_1_225' title='bbox 1554 3116 1642 3174; x_wconf 89' lang='lat' dir='ltr'>terris</span> <span class='ocrx_word' id='word_1_226' title='bbox 1665 3134 1740 3174; x_wconf 89' lang='lat' dir='ltr'>eon·</span> 
     </span>
     <span class='ocr_line' id='line_1_25' title="bbox 453 3210 1739 3292; baseline 0.003 -20"><span class='ocrx_word' id='word_1_227' title='bbox 453 3214 557 3292; x_wconf 80' lang='lat' dir='ltr'>‹prisila</span> <span class='ocrx_word' id='word_1_228' title='bbox 578 3212 616 3272; x_wconf 81' lang='lat' dir='ltr'>acl</span> <span class='ocrx_word' id='word_1_229' title='bbox 640 3230 693 3270; x_wconf 92' lang='lat' dir='ltr'>nos</span> <span class='ocrx_word' id='word_1_230' title='bbox 715 3210 791 3287; x_wconf 63' lang='lat' dir='ltr'>gulae</span> <span class='ocrx_word' id='word_1_231' title='bbox 814 3214 993 3272; x_wconf 89' lang='lat' dir='ltr'>irritamenta</span> <span class='ocrx_word' id='word_1_232' title='bbox 1016 3213 1198 3277; x_wconf 86' lang='lat' dir='ltr'>conrelruut;</span> <span class='ocrx_word' id='word_1_233' title='bbox 1228 3212 1256 3271; x_wconf 86' lang='lat' dir='ltr'>lvi</span> <span class='ocrx_word' id='word_1_234' title='bbox 1286 3213 1363 3291; x_wconf 83' lang='lat' dir='ltr'>qnod</span> <span class='ocrx_word' id='word_1_235' title='bbox 1395 3213 1515 3273; x_wconf 76' lang='lat' dir='ltr'>calamus</span> <span class='ocrx_word' id='word_1_236' title='bbox 1543 3221 1631 3291; x_wconf 78' lang='lat' dir='ltr'>atque</span> <span class='ocrx_word' id='word_1_237' title='bbox 1655 3215 1739 3276; x_wconf 79' lang='lat' dir='ltr'>bilia·</span> 
     </span>
     <span class='ocr_line' id='line_1_26' title="bbox 383 3314 1774 3392; baseline -0.003 -13"><span class='ocrx_word' id='word_1_238' title='bbox 383 3331 516 3379; x_wconf 73' lang='lat' dir='ltr'>tuturus</span> <span class='ocrx_word' id='word_1_239' title='bbox 539 3321 568 3372; x_wconf 84' lang='lat' dir='ltr'>et</span> <span class='ocrx_word' id='word_1_240' title='bbox 595 3332 652 3392; x_wconf 91' lang='lat' dir='ltr'>quo</span> <span class='ocrx_word' id='word_1_241' title='bbox 683 3315 855 3382; x_wconf 77' lang='lat' dir='ltr'>vestiamur,</span> <span class='ocrx_word' id='word_1_242' title='bbox 885 3315 959 3373; x_wconf 93' lang='lat' dir='ltr'>miro</span> <span class='ocrx_word' id='word_1_243' title='bbox 987 3314 1082 3374; x_wconf 83' lang='lat' dir='ltr'>stuvlio</span> <span class='ocrx_word' id='word_1_244' title='bbox 1112 3333 1236 3391; x_wconf 87' lang='lat' dir='ltr'>peregre</span> <span class='ocrx_word' id='word_1_245' title='bbox 1265 3317 1431 3392; x_wconf 84' lang='lat' dir='ltr'>important.</span> <span class='ocrx_word' id='word_1_246' title='bbox 1477 3315 1560 3386; x_wconf 73' lang='lat' dir='ltr'>Quarti</span> <span class='ocrx_word' id='word_1_247' title='bbox 1591 3337 1658 3377; x_wconf 87' lang='lat' dir='ltr'>eum</span> <span class='ocrx_word' id='word_1_248' title='bbox 1688 3320 1774 3379; x_wconf 74' lang='lat' dir='ltr'>aliun</span> 
     </span>
     <span class='ocr_line' id='line_1_27' title="bbox 415 3402 1738 3497; baseline 0.005 -23"><span class='ocrx_word' id='word_1_249' title='bbox 415 3402 419 3407; x_wconf 38' lang='lat'>⁸</span> <span class='ocrx_word' id='word_1_250' title='bbox 448 3418 507 3476; x_wconf 90' lang='lat' dir='ltr'>iam</span> <span class='ocrx_word' id='word_1_251' title='bbox 530 3433 637 3492; x_wconf 89' lang='lat' dir='ltr'>magno</span> <span class='ocrx_word' id='word_1_252' title='bbox 659 3434 728 3485; x_wconf 88' lang='lat' dir='ltr'>suo,</span> <span class='ocrx_word' id='word_1_253' title='bbox 758 3423 789 3475; x_wconf 89' lang='lat' dir='ltr'>ul</span> <span class='ocrx_word' id='word_1_254' title='bbox 812 3418 895 3494; x_wconf 91' lang='lat' dir='ltr'>prius</span> <span class='ocrx_word' id='word_1_255' title='bbox 917 3416 990 3484; x_wconf 83' lang='lat' dir='ltr'>divi,</span> <span class='ocrx_word' id='word_1_256' title='bbox 1021 3417 1175 3476; x_wconf 83' lang='lat' dir='ltr'>commodo</span> <span class='ocrx_word' id='word_1_257' title='bbox 1199 3418 1338 3486; x_wconf 85' lang='lat' dir='ltr'>iecerint,</span> <span class='ocrx_word' id='word_1_258' title='bbox 1367 3418 1439 3478; x_wconf 84' lang='lat' dir='ltr'>adeo</span> <span class='ocrx_word' id='word_1_259' title='bbox 1463 3419 1603 3497; x_wconf 80' lang='lat' dir='ltr'>quosdam</span> <span class='ocrx_word' id='word_1_260' title='bbox 1627 3420 1738 3480; x_wconf 77' lang='lat' dir='ltr'>ilelica·</span> 
     </span>
     <span class='ocr_line' id='line_1_28' title="bbox 449 3517 1737 3598; baseline 0.003 -20"><span class='ocrx_word' id='word_1_261' title='bbox 449 3527 494 3578; x_wconf 91' lang='lat' dir='ltr'>tos</span> <span class='ocrx_word' id='word_1_262' title='bbox 516 3517 723 3584; x_wconf 80' lang='lat' dir='ltr'>reddiderunt,</span> <span class='ocrx_word' id='word_1_263' title='bbox 748 3526 779 3578; x_wconf 90' lang='lat' dir='ltr'>nt</span> <span class='ocrx_word' id='word_1_264' title='bbox 801 3518 849 3578; x_wconf 89' lang='lat' dir='ltr'>hic</span> <span class='ocrx_word' id='word_1_265' title='bbox 872 3520 1000 3578; x_wconf 87' lang='lat' dir='ltr'>viventes</span> <span class='ocrx_word' id='word_1_266' title='bbox 1015 3518 1168 3579; x_wconf 80' lang='lat' dir='ltr'>Cursienvu</span> <span class='ocrx_word' id='word_1_267' title='bbox 1192 3518 1307 3587; x_wconf 84' lang='lat' dir='ltr'>bibant,</span> <span class='ocrx_word' id='word_1_268' title='bbox 1333 3528 1362 3579; x_wconf 88' lang='lat' dir='ltr'>et</span> <span class='ocrx_word' id='word_1_269' title='bbox 1383 3519 1421 3579; x_wconf 87' lang='lat' dir='ltr'>alv</span> <span class='ocrx_word' id='word_1_270' title='bbox 1445 3520 1521 3579; x_wconf 86' lang='lat' dir='ltr'>ltalis</span> <span class='ocrx_word' id='word_1_271' title='bbox 1544 3524 1632 3598; x_wconf 70' lang='lat' dir='ltr'>{vetita</span> <span class='ocrx_word' id='word_1_272' title='bbox 1656 3523 1737 3583; x_wconf 78' lang='lat' dir='ltr'>‹tiba-</span> 
     </span>
    </p>
   </div>
   <div class='ocr_carea' id='block_1_4' title="bbox 349 3768 1773 4094">
    <p class='ocr_par' dir='ltr' id='par_1_4' title="bbox 382 3768 1739 3839">
     <span class='ocr_line' id='line_1_29' title="bbox 382 3768 1739 3839; baseline 0.004 -14"><span class='ocrx_word' id='word_1_273' title='bbox 382 3774 507 3833; x_wconf 73' lang='lat' dir='ltr'>§.lt-lidie</span> <span class='ocrx_word' id='word_1_274' title='bbox 519 3772 560 3829; x_wconf 78' lang='lat' dir='ltr'>bur</span> <span class='ocrx_word' id='word_1_275' title='bbox 574 3786 620 3823; x_wconf 74' lang='lat' dir='ltr'>uua</span> <span class='ocrx_word' id='word_1_276' title='bbox 634 3771 796 3833; x_wconf 66' lang='lat' dir='ltr'>centuriatum</span> <span class='ocrx_word' id='word_1_277' title='bbox 815 3773 902 3835; x_wconf 71' lang='lat' dir='ltr'>[priten</span> <span class='ocrx_word' id='word_1_278' title='bbox 923 3774 1037 3835; x_wconf 71' lang='lat' dir='ltr'>articuli,</span> <span class='ocrx_word' id='word_1_279' title='bbox 1056 3768 1089 3825; x_wconf 86' lang='lat' dir='ltr'>ori</span> <span class='ocrx_word' id='word_1_280' title='bbox 1110 3773 1133 3835; x_wconf 76' lang='lat' dir='ltr'>lo</span> <span class='ocrx_word' id='word_1_281' title='bbox 1157 3773 1260 3834; x_wconf 66' lang='lat' dir='ltr'>{temtor</span> <span class='ocrx_word' id='word_1_282' title='bbox 1284 3774 1311 3824; x_wconf 86' lang='lat' dir='ltr'>in</span> <span class='ocrx_word' id='word_1_283' title='bbox 1336 3774 1416 3835; x_wconf 72' lang='lat' dir='ltr'>nultra</span> <span class='ocrx_word' id='word_1_284' title='bbox 1435 3778 1514 3826; x_wconf 74' lang='lat' dir='ltr'>{enarr</span> <span class='ocrx_word' id='word_1_285' title='bbox 1531 3775 1618 3839; x_wconf 70' lang='lat' dir='ltr'>lirin,</span> <span class='ocrx_word' id='word_1_286' title='bbox 1637 3786 1682 3829; x_wconf 73' lang='lat' dir='ltr'>aaa</span> <span class='ocrx_word' id='word_1_287' title='bbox 1700 3780 1739 3830; x_wconf 75' lang='lat' dir='ltr'>tit</span> 
     </span>
    </p>

    <p class='ocr_par' dir='ltr' id='par_1_5' title="bbox 349 3857 1773 4007">
     <span class='ocr_line' id='line_1_30' title="bbox 349 3857 1741 3926; baseline 0.008 -22"><span class='ocrx_word' id='word_1_288' title='bbox 349 3897 356 3913; x_wconf 74' lang='grc'><em>,</em></span> <span class='ocrx_word' id='word_1_289' title='bbox 382 3863 441 3910; x_wconf 66' lang='lat' dir='ltr'>§.aa</span> <span class='ocrx_word' id='word_1_290' title='bbox 453 3867 530 3908; x_wconf 83' lang='lat' dir='ltr'>nutrit</span> <span class='ocrx_word' id='word_1_291' title='bbox 543 3860 581 3907; x_wconf 75' lang='lat' dir='ltr'>nte</span> <span class='ocrx_word' id='word_1_292' title='bbox 594 3857 760 3918; x_wconf 57' lang='lat' dir='ltr'>petronianus</span> <span class='ocrx_word' id='word_1_293' title='bbox 773 3857 823 3919; x_wconf 75' lang='grc' dir='ltr'>[ορο</span> <span class='ocrx_word' id='word_1_294' title='bbox 836 3871 890 3918; x_wconf 75' lang='lat' dir='ltr'>unp</span> <span class='ocrx_word' id='word_1_295' title='bbox 909 3857 951 3916; x_wconf 73' lang='lat' dir='ltr'>[idi</span> <span class='ocrx_word' id='word_1_296' title='bbox 970 3858 1079 3919; x_wconf 69' lang='lat' dir='ltr'>trienii)</span> <span class='ocrx_word' id='word_1_297' title='bbox 1097 3861 1179 3908; x_wconf 68' lang='lat' dir='ltr'>itaer?</span> <span class='ocrx_word' id='word_1_298' title='bbox 1197 3865 1244 3909; x_wconf 77' lang='lat' dir='ltr'>orit</span> <span class='ocrx_word' id='word_1_299' title='bbox 1264 3859 1309 3909; x_wconf 81' lang='lat' dir='ltr'>miv</span> <span class='ocrx_word' id='word_1_300' title='bbox 1329 3860 1404 3909; x_wconf 72' lang='lat' dir='ltr'>steini</span> <span class='ocrx_word' id='word_1_301' title='bbox 1421 3861 1519 3923; x_wconf 70' lang='lat' dir='ltr'>ningen.</span> <span class='ocrx_word' id='word_1_302' title='bbox 1555 3860 1596 3921; x_wconf 66' lang='grc' dir='ltr'>Σὺ</span> <span class='ocrx_word' id='word_1_303' title='bbox 1615 3862 1683 3926; x_wconf 58' lang='lat' dir='ltr'>lmen</span> <span class='ocrx_word' id='word_1_304' title='bbox 1699 3865 1741 3915; x_wconf 77' lang='lat' dir='ltr'>trie</span> 
     </span>
     <span class='ocr_line' id='line_1_31' title="bbox 450 3938 1773 4007; baseline 0.005 -13"><span class='ocrx_word' id='word_1_305' title='bbox 450 3943 521 3994; x_wconf 78' lang='lat' dir='ltr'>nllrira</span> <span class='ocrx_word' id='word_1_306' title='bbox 541 3942 619 3992; x_wconf 71' lang='lat' dir='ltr'>librar</span> <span class='ocrx_word' id='word_1_307' title='bbox 635 3941 673 3991; x_wconf 77' lang='lat' dir='ltr'>oie</span> <span class='ocrx_word' id='word_1_308' title='bbox 692 3940 769 4004; x_wconf 68' lang='lat' dir='ltr'>melio</span> <span class='ocrx_word' id='word_1_309' title='bbox 788 3942 866 4002; x_wconf 78' lang='lat' dir='ltr'>tritu,</span> <span class='ocrx_word' id='word_1_310' title='bbox 885 3944 939 3992; x_wconf 78' lang='lat' dir='ltr'>aber</span> <span class='ocrx_word' id='word_1_311' title='bbox 956 3943 995 3993; x_wconf 80' lang='lat' dir='ltr'>air</span> <span class='ocrx_word' id='word_1_312' title='bbox 1012 3941 1084 3994; x_wconf 76' lang='lat' dir='ltr'>itte</span> <span class='ocrx_word' id='word_1_313' title='bbox 1103 3938 1180 3996; x_wconf 75' lang='lat' dir='ltr'>milen</span> <span class='ocrx_word' id='word_1_314' title='bbox 1200 3944 1237 3993; x_wconf 88' lang='lat' dir='ltr'>uit</span> <span class='ocrx_word' id='word_1_315' title='bbox 1257 3944 1302 3993; x_wconf 79' lang='lat' dir='ltr'>mir</span> <span class='ocrx_word' id='word_1_316' title='bbox 1319 3943 1352 4002; x_wconf 81' lang='lat' dir='ltr'>lit</span> <span class='ocrx_word' id='word_1_317' title='bbox 1370 3944 1479 3995; x_wconf 73' lang='lat' dir='ltr'>libitam</span> <span class='ocrx_word' id='word_1_318' title='bbox 1498 3945 1522 3996; x_wconf 81' lang='lat' dir='ltr'>lo</span> <span class='ocrx_word' id='word_1_319' title='bbox 1540 3946 1573 4006; x_wconf 80' lang='lat' dir='ltr'>[ir</span> <span class='ocrx_word' id='word_1_320' title='bbox 1590 3947 1642 4007; x_wconf 78' lang='lat' dir='ltr'>uolt</span> <span class='ocrx_word' id='word_1_321' title='bbox 1665 3946 1773 4002; x_wconf 70' lang='lat' dir='ltr'>initiae</span> 
     </span>
    </p>

    <p class='ocr_par' dir='ltr' id='par_1_6' title="bbox 381 4024 1739 4094">
     <span class='ocr_line' id='line_1_32' title="bbox 381 4024 1739 4094; baseline 0.01 -21"><span class='ocrx_word' id='word_1_322' title='bbox 381 4024 400 4073; x_wconf 81' lang='lat' dir='ltr'>i.</span> <span class='ocrx_word' id='word_1_323' title='bbox 412 4028 541 4078; x_wconf 64' lang='lat' dir='ltr'>ttanetam</span> <span class='ocrx_word' id='word_1_324' title='bbox 560 4030 600 4076; x_wconf 78' lang='lat' dir='ltr'>eta</span> <span class='ocrx_word' id='word_1_325' title='bbox 616 4032 664 4076; x_wconf 76' lang='lat' dir='ltr'>ona</span> <span class='ocrx_word' id='word_1_326' title='bbox 683 4031 758 4078; x_wconf 69' lang='lat' dir='ltr'>narra?</span> <span class='ocrx_word' id='word_1_327' title='bbox 777 4027 809 4088; x_wconf 79' lang='lat' dir='ltr'>lie</span> <span class='ocrx_word' id='word_1_328' title='bbox 826 4027 872 4088; x_wconf 76' lang='lat' dir='ltr'>uir</span> <span class='ocrx_word' id='word_1_329' title='bbox 892 4027 951 4078; x_wconf 70' lang='lat' dir='ltr'>irrui</span> <span class='ocrx_word' id='word_1_330' title='bbox 970 4028 1015 4077; x_wconf 82' lang='lat' dir='ltr'>mit</span> <span class='ocrx_word' id='word_1_331' title='bbox 1034 4027 1065 4088; x_wconf 76' lang='lat' dir='ltr'>[it</span> <span class='ocrx_word' id='word_1_332' title='bbox 1084 4032 1189 4078; x_wconf 77' lang='lat' dir='ltr'>normata</span> <span class='ocrx_word' id='word_1_333' title='bbox 1201 4028 1276 4089; x_wconf 70' lang='lat' dir='ltr'>aetthi</span> <span class='ocrx_word' id='word_1_334' title='bbox 1289 4029 1371 4089; x_wconf 75' lang='lat' dir='ltr'>loten.</span> <span class='ocrx_word' id='word_1_335' title='bbox 1408 4027 1465 4080; x_wconf 74' lang='lat' dir='ltr'>wir</span> <span class='ocrx_word' id='word_1_336' title='bbox 1484 4030 1557 4092; x_wconf 74' lang='lat' dir='ltr'>[cium</span> <span class='ocrx_word' id='word_1_337' title='bbox 1571 4031 1597 4081; x_wconf 84' lang='lat' dir='ltr'>iu</span> <span class='ocrx_word' id='word_1_338' title='bbox 1612 4035 1650 4082; x_wconf 83' lang='lat' dir='ltr'>ria</span> <span class='ocrx_word' id='word_1_339' title='bbox 1665 4033 1739 4094; x_wconf 74' lang='lat' dir='ltr'>latui</span> 
     </span>
    </p>
   </div>
   <div class='ocr_carea' id='block_1_5' title="bbox 449 4263 1740 4928">
    <p class='ocr_par' dir='ltr' id='par_1_7' title="bbox 449 4263 1740 4928">
     <span class='ocr_line' id='line_1_33' title="bbox 518 4263 1738 4330; baseline 0.006 -18"><span class='ocrx_word' id='word_1_340' title='bbox 518 4265 526 4294; x_wconf 84' lang='lat'>³</span> <span class='ocrx_word' id='word_1_341' title='bbox 548 4265 645 4313; x_wconf 84' lang='lat' dir='ltr'>erudas</span> <span class='ocrx_word' id='word_1_342' title='bbox 665 4265 765 4312; x_wconf 55' lang='lat' dir='ltr'>imm.</span> <span class='ocrx_word' id='word_1_343' title='bbox 824 4263 991 4328; x_wconf 66' lang='lat' dir='ltr'>lliernuvurl</span> <span class='ocrx_word' id='word_1_344' title='bbox 1012 4264 1073 4312; x_wconf 72' lang='lat' dir='ltr'>inlr.</span> <span class='ocrx_word' id='word_1_345' title='bbox 1088 4265 1223 4313; x_wconf 72' lang='lat' dir='ltr'>loriniani.</span> <span class='ocrx_word' id='word_1_346' title='bbox 1238 4266 1274 4313; x_wconf 88' lang='lat'>11.</span> <span class='ocrx_word' id='word_1_347' title='bbox 1293 4264 1328 4313; x_wconf 93' lang='lat' dir='ltr'>ll.</span> <span class='ocrx_word' id='word_1_348' title='bbox 1386 4265 1391 4295; x_wconf 82' lang='lat'><strong>¹</strong></span> <span class='ocrx_word' id='word_1_349' title='bbox 1413 4267 1499 4330; x_wconf 80' lang='lat' dir='ltr'>frigus</span> <span class='ocrx_word' id='word_1_350' title='bbox 1518 4275 1545 4317; x_wconf 85' lang='lat' dir='ltr'>et</span> <span class='ocrx_word' id='word_1_351' title='bbox 1564 4270 1652 4318; x_wconf 85' lang='lat' dir='ltr'>farucs</span> <span class='ocrx_word' id='word_1_352' title='bbox 1672 4271 1738 4320; x_wconf 88' lang='lat' dir='ltr'>sim—</span> 
     </span>
     <span class='ocr_line' id='line_1_34' title="bbox 449 4347 1739 4420; baseline 0.007 -23"><span class='ocrx_word' id='word_1_353' title='bbox 449 4350 516 4415; x_wconf 88' lang='lat' dir='ltr'>pliei</span> <span class='ocrx_word' id='word_1_354' title='bbox 535 4350 637 4398; x_wconf 81' lang='lat' dir='ltr'>vestitu</span> <span class='ocrx_word' id='word_1_355' title='bbox 657 4355 685 4397; x_wconf 87' lang='lat' dir='ltr'>et</span> <span class='ocrx_word' id='word_1_356' title='bbox 704 4348 766 4396; x_wconf 87' lang='lat' dir='ltr'>cibo</span> <span class='ocrx_word' id='word_1_357' title='bbox 785 4365 808 4396; x_wconf 87' lang='lat' dir='ltr'>e.</span> <span class='ocrx_word' id='word_1_358' title='bbox 828 4366 852 4413; x_wconf 88' lang='lat' dir='ltr'>p.</span> <span class='ocrx_word' id='word_1_359' title='bbox 872 4350 981 4397; x_wconf 86' lang='lat' dir='ltr'>Hieron.</span> <span class='ocrx_word' id='word_1_360' title='bbox 1034 4347 1044 4377; x_wconf 66' lang='lat' dir='ltr'>l</span> <span class='ocrx_word' id='word_1_361' title='bbox 1062 4351 1220 4398; x_wconf 82' lang='lat' dir='ltr'>Anaxerxes</span> <span class='ocrx_word' id='word_1_362' title='bbox 1239 4351 1298 4398; x_wconf 82' lang='lat' dir='ltr'>edd.</span> <span class='ocrx_word' id='word_1_363' title='bbox 1315 4366 1408 4401; x_wconf 75' lang='lat' dir='ltr'>orienes.</span> <span class='ocrx_word' id='word_1_364' title='bbox 1445 4351 1585 4401; x_wconf 86' lang='lat' dir='ltr'>Plutarch.</span> <span class='ocrx_word' id='word_1_365' title='bbox 1605 4356 1739 4420; x_wconf 83' lang='lat' dir='ltr'>apoplvtlr.</span> 
     </span>
     <span class='ocr_line' id='line_1_35' title="bbox 450 4425 1738 4505; baseline 0.009 -25"><span class='ocrx_word' id='word_1_366' title='bbox 450 4451 475 4498; x_wconf 83' lang='lat' dir='ltr'>p.</span> <span class='ocrx_word' id='word_1_367' title='bbox 489 4434 530 4481; x_wconf 73' lang='lat' dir='ltr'>il.</span> <span class='ocrx_word' id='word_1_368' title='bbox 545 4433 601 4491; x_wconf 78' lang='lat' dir='ltr'>(erl.</span> <span class='ocrx_word' id='word_1_369' title='bbox 616 4433 710 4482; x_wconf 83' lang='lat' dir='ltr'>lleisk.</span> <span class='ocrx_word' id='word_1_370' title='bbox 725 4433 770 4481; x_wconf 83' lang='lat' dir='ltr'>vl.</span> <span class='ocrx_word' id='word_1_371' title='bbox 785 4450 810 4497; x_wconf 67' lang='lat' dir='ltr'>p,</span> <span class='ocrx_word' id='word_1_372' title='bbox 824 4432 894 4496; x_wconf 64' lang='lat' dir='ltr'>vitta.)</span> <span class='ocrx_word' id='word_1_373' title='bbox 912 4426 1104 4497; x_wconf 71' lang='grc' dir='ltr'>Ἀρταξέρξης,</span> <span class='ocrx_word' id='word_1_374' title='bbox 1128 4425 1142 4482; x_wconf 88' lang='grc' dir='ltr'>ὁ</span> <span class='ocrx_word' id='word_1_375' title='bbox 1166 4427 1268 4483; x_wconf 79' lang='grc' dir='ltr'><strong><em>τούτου</em></strong></span> <span class='ocrx_word' id='word_1_376' title='bbox 1295 4431 1370 4498; x_wconf 77' lang='lat' dir='ltr'>[Cyri</span> <span class='ocrx_word' id='word_1_377' title='bbox 1389 4436 1510 4501; x_wconf 83' lang='lat' dir='ltr'>minoris]</span> <span class='ocrx_word' id='word_1_378' title='bbox 1528 4431 1581 4501; x_wconf 68' lang='grc' dir='ltr'><strong><em>μὲν</em></strong></span> <span class='ocrx_word' id='word_1_379' title='bbox 1598 4432 1738 4505; x_wconf 73' lang='grc' dir='ltr'>ἀδελφός,</span> 
     </span>
     <span class='ocr_line' id='line_1_36' title="bbox 451 4509 1740 4593; baseline 0.008 -27"><span class='ocrx_word' id='word_1_380' title='bbox 451 4510 582 4582; x_wconf 74' lang='grc' dir='ltr'><strong><em>Μνήμων</em></strong></span> <span class='ocrx_word' id='word_1_381' title='bbox 601 4511 632 4567; x_wconf 68' lang='lat' dir='ltr'>ot</span> <span class='ocrx_word' id='word_1_382' title='bbox 651 4509 827 4580; x_wconf 73' lang='grc' dir='ltr'><strong><em>καλούμενος</em></strong></span> <span class='ocrx_word' id='word_1_383' title='bbox 903 4510 934 4567; x_wconf 78' lang='grc' dir='ltr'><strong><em>ἕν</em></strong></span> <span class='ocrx_word' id='word_1_384' title='bbox 952 4510 984 4566; x_wconf 71' lang='grc' dir='ltr'>δὲ</span> <span class='ocrx_word' id='word_1_385' title='bbox 1004 4516 1081 4582; x_wconf 81' lang='grc' dir='ltr'><strong><em>φυγῇ</em></strong></span> <span class='ocrx_word' id='word_1_386' title='bbox 1099 4535 1153 4568; x_wconf 83' lang='grc' dir='ltr'><strong><em>τινι</em></strong></span> <span class='ocrx_word' id='word_1_387' title='bbox 1174 4519 1223 4585; x_wconf 76' lang='grc' dir='ltr'>τῆς</span> <span class='ocrx_word' id='word_1_388' title='bbox 1241 4513 1401 4586; x_wconf 79' lang='grc' dir='ltr'><strong><em>οἱποσκενῆς</em></strong></span> <span class='ocrx_word' id='word_1_389' title='bbox 1420 4511 1509 4571; x_wconf 75' lang='grc' dir='ltr'><strong><em>αὐτοῦ</em></strong></span> <span class='ocrx_word' id='word_1_390' title='bbox 1528 4520 1740 4593; x_wconf 72' lang='grc' dir='ltr'>διαρπαγείσης</span> 
     </span>
     <span class='ocr_line' id='line_1_37' title="bbox 451 4590 1738 4675; baseline 0.009 -26"><span class='ocrx_word' id='word_1_391' title='bbox 451 4596 522 4667; x_wconf 72' lang='grc' dir='ltr'>ξηρὰ</span> <span class='ocrx_word' id='word_1_392' title='bbox 542 4600 614 4652; x_wconf 81' lang='grc' dir='ltr'><strong><em>σῦκα</em></strong></span> <span class='ocrx_word' id='word_1_393' title='bbox 633 4594 809 4664; x_wconf 79' lang='grc' dir='ltr'><strong><em>καταφαγών</em></strong></span> <span class='ocrx_word' id='word_1_394' title='bbox 825 4599 874 4651; x_wconf 84' lang='grc' dir='ltr'>καὶ</span> <span class='ocrx_word' id='word_1_395' title='bbox 893 4601 1029 4664; x_wconf 64' lang='grc' dir='ltr'><strong><em>κρίθινον</em></strong></span> <span class='ocrx_word' id='word_1_396' title='bbox 1046 4590 1148 4664; x_wconf 77' lang='grc' dir='ltr'><strong><em>ἄρτον·</em></strong></span> <span class='ocrx_word' id='word_1_397' title='bbox 1171 4602 1253 4665; x_wconf 71' lang='lat' dir='ltr'>Oine,</span> <span class='ocrx_word' id='word_1_398' title='bbox 1274 4597 1365 4670; x_wconf 79' lang='grc' dir='ltr'><strong><em>εἶπεν,</em></strong></span> <span class='ocrx_word' id='word_1_399' title='bbox 1383 4597 1494 4672; x_wconf 79' lang='grc' dir='ltr'><strong><em>ἡδονῆς</em></strong></span> <span class='ocrx_word' id='word_1_400' title='bbox 1512 4597 1630 4670; x_wconf 78' lang='grc' dir='ltr'><strong><em>ἄπειρος</em></strong></span> <span class='ocrx_word' id='word_1_401' title='bbox 1650 4600 1738 4675; x_wconf 80' lang='grc' dir='ltr'><strong><em>ἥμην.</em></strong></span> 
     </span>
     <span class='ocr_line' id='line_1_38' title="bbox 450 4684 1738 4752; baseline 0.009 -19"><span class='ocrx_word' id='word_1_402' title='bbox 450 4686 470 4718; x_wconf 85' lang='lat'>¹²</span> <span class='ocrx_word' id='word_1_403' title='bbox 490 4703 652 4750; x_wconf 78' lang='lat' dir='ltr'>quaruuunm</span> <span class='ocrx_word' id='word_1_404' title='bbox 671 4692 696 4736; x_wconf 89' lang='lat'>2.</span> <span class='ocrx_word' id='word_1_405' title='bbox 755 4684 804 4718; x_wconf 56' lang='lat'>¹³³⁸</span> <span class='ocrx_word' id='word_1_406' title='bbox 823 4686 909 4751; x_wconf 74' lang='lat' dir='ltr'>Pers]</span> <span class='ocrx_word' id='word_1_407' title='bbox 929 4692 981 4736; x_wconf 86' lang='lat' dir='ltr'>sal.</span> <span class='ocrx_word' id='word_1_408' title='bbox 996 4687 1026 4734; x_wconf 89' lang='lat' dir='ltr'>V.</span> <span class='ocrx_word' id='word_1_409' title='bbox 1040 4687 1082 4736; x_wconf 78' lang='lat' dir='ltr'>ott.</span> <span class='ocrx_word' id='word_1_410' title='bbox 1097 4705 1154 4752; x_wconf 82' lang='lat' dir='ltr'>sqq.</span> <span class='ocrx_word' id='word_1_411' title='bbox 1175 4689 1284 4737; x_wconf 85' lang='lat' dir='ltr'>Persius</span> <span class='ocrx_word' id='word_1_412' title='bbox 1302 4706 1341 4740; x_wconf 84' lang='lat' dir='ltr'>rs.</span> <span class='ocrx_word' id='word_1_413' title='bbox 1356 4690 1398 4741; x_wconf 82' lang='lat'>58.</span> <span class='ocrx_word' id='word_1_414' title='bbox 1410 4695 1435 4742; x_wconf 78' lang='grc'>8.</span> <span class='ocrx_word' id='word_1_415' title='bbox 1500 4690 1521 4724; x_wconf 73' lang='grc'>”</span> <span class='ocrx_word' id='word_1_416' title='bbox 1539 4708 1625 4743; x_wconf 79' lang='lat' dir='ltr'>ennon</span> <span class='ocrx_word' id='word_1_417' title='bbox 1645 4698 1738 4745; x_wconf 63' lang='lat' dir='ltr'>Ml.</span> 
     </span>
     <span class='ocr_line' id='line_1_39' title="bbox 450 4770 1737 4846; baseline 0.008 -26"><span class='ocrx_word' id='word_1_418' title='bbox 450 4774 524 4820; x_wconf 76' lang='grc'><em>8.]0.</em></span> <span class='ocrx_word' id='word_1_419' title='bbox 576 4770 596 4804; x_wconf 79' lang='lat'>²¹</span> <span class='ocrx_word' id='word_1_420' title='bbox 617 4788 709 4835; x_wconf 79' lang='lat' dir='ltr'>genem</span> <span class='ocrx_word' id='word_1_421' title='bbox 728 4777 752 4820; x_wconf 85' lang='lat'>2.</span> <span class='ocrx_word' id='word_1_422' title='bbox 806 4772 913 4820; x_wconf 82' lang='lat' dir='ltr'>‹lelieiis</span> <span class='ocrx_word' id='word_1_423' title='bbox 932 4775 1004 4822; x_wconf 67' lang='lat' dir='ltr'>SJO.</span> <span class='ocrx_word' id='word_1_424' title='bbox 1057 4770 1136 4837; x_wconf 71' lang='lat' dir='ltr'>²³lai]</span> <span class='ocrx_word' id='word_1_425' title='bbox 1159 4773 1338 4834; x_wconf 77' lang='lat' dir='ltr'>rrverenlores,</span> <span class='ocrx_word' id='word_1_426' title='bbox 1358 4777 1489 4840; x_wconf 77' lang='lat' dir='ltr'>angeri.</span> <span class='ocrx_word' id='word_1_427' title='bbox 1541 4777 1563 4809; x_wconf 83' lang='lat'>²⁷</span> <span class='ocrx_word' id='word_1_428' title='bbox 1582 4777 1737 4846; x_wconf 77' lang='lat' dir='ltr'>Corsicam]</span> 
     </span>
     <span class='ocr_line' id='line_1_40' title="bbox 451 4857 1739 4928; baseline 0.01 -25"><span class='ocrx_word' id='word_1_429' title='bbox 451 4857 627 4905; x_wconf 67' lang='lat' dir='ltr'>(fivrsieamuu</span> <span class='ocrx_word' id='word_1_430' title='bbox 647 4858 751 4917; x_wconf 83' lang='lat' dir='ltr'>riuum,</span> <span class='ocrx_word' id='word_1_431' title='bbox 777 4857 848 4905; x_wconf 83' lang='lat' dir='ltr'>inter</span> <span class='ocrx_word' id='word_1_432' title='bbox 866 4857 970 4920; x_wconf 86' lang='lat' dir='ltr'>optima</span> <span class='ocrx_word' id='word_1_433' title='bbox 989 4863 1052 4906; x_wconf 84' lang='lat' dir='ltr'>tune</span> <span class='ocrx_word' id='word_1_434' title='bbox 1071 4857 1208 4915; x_wconf 86' lang='lat' dir='ltr'>habitum,</span> <span class='ocrx_word' id='word_1_435' title='bbox 1233 4861 1324 4919; x_wconf 84' lang='lat' dir='ltr'>etiem,</span> <span class='ocrx_word' id='word_1_436' title='bbox 1345 4861 1379 4909; x_wconf 69' lang='lat' dir='ltr'>nil</span> <span class='ocrx_word' id='word_1_437' title='bbox 1399 4876 1478 4925; x_wconf 89' lang='lat' dir='ltr'>quem</span> <span class='ocrx_word' id='word_1_438' title='bbox 1497 4861 1522 4911; x_wconf 83' lang='lat' dir='ltr'>lv.</span> <span class='ocrx_word' id='word_1_439' title='bbox 1542 4861 1560 4909; x_wconf 85' lang='lat' dir='ltr'>l.</span> <span class='ocrx_word' id='word_1_440' title='bbox 1579 4865 1739 4928; x_wconf 84' lang='lat' dir='ltr'>respicitur,</span> 
     </span>
    </p>
   </div>
   <div class='ocr_carea' id='block_1_6' title="bbox 451 4940 1739 5087">
    <p class='ocr_par' dir='ltr' id='par_1_8' title="bbox 451 4940 1739 5087">
     <span class='ocr_line' id='line_1_41' title="bbox 451 4940 1739 5011; baseline 0.011 -24"><span class='ocrx_word' id='word_1_441' title='bbox 451 4940 600 4988; x_wconf 76' lang='lat' dir='ltr'>‹rrrrdinnlis</span> <span class='ocrx_word' id='word_1_442' title='bbox 624 4940 772 4990; x_wconf 80' lang='lat' dir='ltr'>Caietanns</span> <span class='ocrx_word' id='word_1_443' title='bbox 795 4943 822 4987; x_wconf 89' lang='lat' dir='ltr'>iu</span> <span class='ocrx_word' id='word_1_444' title='bbox 846 4940 928 4988; x_wconf 83' lang='lat' dir='ltr'>Febri</span> <span class='ocrx_word' id='word_1_445' title='bbox 952 4942 974 4989; x_wconf 88' lang='lat' dir='ltr'>l.</span> <span class='ocrx_word' id='word_1_446' title='bbox 998 4942 1033 4990; x_wconf 85' lang='lat' dir='ltr'>nrl</span> <span class='ocrx_word' id='word_1_447' title='bbox 1063 4943 1226 5006; x_wconf 82' lang='lat' dir='ltr'>explendam</span> <span class='ocrx_word' id='word_1_448' title='bbox 1256 4944 1389 4992; x_wconf 82' lang='lat' dir='ltr'>luxurium</span> <span class='ocrx_word' id='word_1_449' title='bbox 1413 4961 1489 4994; x_wconf 86' lang='lat' dir='ltr'>sunm</span> <span class='ocrx_word' id='word_1_450' title='bbox 1515 4947 1661 5011; x_wconf 80' lang='lat' dir='ltr'>efflagitat.</span> <span class='ocrx_word' id='word_1_451' title='bbox 1694 4952 1739 5001; x_wconf 81' lang='lat' dir='ltr'>Cf.</span> 
     </span>
     <span class='ocr_line' id='line_1_42' title="bbox 452 5024 1584 5087; baseline 0.006 -18"><span class='ocrx_word' id='word_1_452' title='bbox 452 5024 535 5070; x_wconf 83' lang='lat' dir='ltr'>elium</span> <span class='ocrx_word' id='word_1_453' title='bbox 557 5025 621 5087; x_wconf 64' lang='lat' dir='ltr'>ttpp,</span> <span class='ocrx_word' id='word_1_454' title='bbox 635 5027 666 5070; x_wconf 86' lang='lat' dir='ltr'>(l.</span> <span class='ocrx_word' id='word_1_455' title='bbox 682 5025 712 5072; x_wconf 80' lang='lat' dir='ltr'>V.</span> <span class='ocrx_word' id='word_1_456' title='bbox 729 5024 762 5072; x_wconf 90' lang='lat' dir='ltr'>ll.</span> <span class='ocrx_word' id='word_1_457' title='bbox 777 5025 801 5071; x_wconf 68' lang='grc' dir='ltr'>ε’).</span> <span class='ocrx_word' id='word_1_458' title='bbox 815 5024 854 5072; x_wconf 73' lang='lat' dir='ltr'>tvl.</span> <span class='ocrx_word' id='word_1_459' title='bbox 1581 5033 1584 5041; x_wconf 89' lang='lat'>&#39;</span> 
     </span>
    </p>
   </div>
   <div class='ocr_carea' id='block_1_7' title="bbox 0 0 2158 6052">
    <p class='ocr_par' dir='ltr' id='par_1_9' title="bbox 0 0 2158 6052">
     <span class='ocr_line' id='line_1_43' title="bbox 0 0 2158 6052; baseline 0 0"><span class='ocrx_word' id='word_1_460' title='bbox 0 0 2158 6052; x_wconf 95' lang='lat' dir='ltr'> </span> 
     </span>
    </p>
   </div>
  </div>
 </body>
</html>
