4300 6059
559 705 681 740 EVTTRNI
701 705 730 739 m
749 704 841 740 evcnit
859 703 1137 739 WIRTENPEBGENSE!
1156 702 1258 739 ORATIO
1277 702 1333 754 1111.
1360 702 1387 737 Ι.
1401 700 1465 736 AVG·
1478 700 1503 735 Δ.
1519 694 1576 737 1517.
1661 669 1707 740 73

424 858 608 921 immortales
629 860 816 938 prohibeant,
840 865 868 920 et
891 859 969 936 quod
993 878 1079 919 nemo
1102 867 1144 920 cst
1167 860 1217 937 qui
1236 860 1417 936 suspicetur,
1440 856 1592 918 absolutus
1607 856 1708 926 fareris,

424 962 506 1023 nulla
529 970 626 1023 tamen
649 961 929 1041 posteritascrodet
950 964 980 1021 in
1002 961 1058 1022 lrae
1086 962 1194 1040 patria,
1225 960 1282 1020 lroe
1311 968 1456 1021 conventu
1483 961 1524 1021 sie
1553 978 1601 1022 me
1629 957 1710 1036 loqui

424 1083 530 1126 ausum
553 1064 658 1134 luisse,
682 1066 793 1144 nisi'tn
815 1066 857 1124 sie
879 1062 1013 1132 lecisses;
1043 1071 1072 1124 et
1094 1063 1294 1140 magnitudine
1316 1064 1358 1122 tui
1385 1060 1520 1132 sceleris,
1550 1059 1708 1122 acerbitate

423 1168 485 1228 odii
507 1166 833 1228 meam'coulrdentiam
853 1167 1019 1226 metientur.
1065 1166 1206 1243 Agnoscis
1224 1173 1252 1226 te
1268 1166 1371 1243 igitur,
1395 1165 1544 1243 agnoscis,
1566 1163 1776 1242 perditeltars.

396 1277 474 1330 ⁵aut
496 1268 566 1348 qrrid
588 1268 644 1358 sibi
659 1251 726 1328 ¹udt
747 1266 795 1328 illa
817 1270 922 1345 inore
945 1270 1144 1338 contumacia,
1168 1266 1217 1329 illc
1240 1267 1343 1327 lrontis
1365 1267 1460 1344 rigor,
1485 1265 1532 1326 illa
1556 1265 1709 1326 oculorum

424 1371 564 1431 torvitas?
586 1371 682 1432 adbuc
704 1369 785 1441 leros
808 1388 854 1439 es,
883 1369 979 1430 adbuc
998 1354 1167 1449 'principem
1190 1369 1300 1436 refers,
1330 1368 1462 1429 vaesano?
1489 1367 1549 1428 noli
1571 1376 1629 1429 tam
1652 1368 1709 1429 alte

423 1475 596 1551 suspicere,
619 1471 679 1532 noli
694 1473 793 1550 prisca
809 1473 952 1549 cogitare:
976 1473 1116 1552 prinecps
1132 1477 1192 1540 est,
1215 1473 1245 1531 in
1260 1490 1319 1550 quo
1335 1470 1451 1531 abunde
1466 1479 1534 1531 sunt
1547 1473 1619 1540 ista,
1643 1487 1709 1547 gra·

424 1577 514 1643 ritas,
537 1568 624 1643 tides,
648 1574 820 1653 prudentia,
843 1574 963 1650 religio,
987 1574 1155 1642 consilium,
1178 1573 1360 1643 hamanitas,
1384 1574 1506 1644 iustitia,
1535 1570 1708 1642 moderatio,

423 1677 592 1752 integritas;
615 1678 645 1737 io
668 1683 735 1736 tuos
756 1693 856 1736 mores
877 1695 936 1736 non
960 1676 1037 1736 cadit
1060 1677 1123 1735 lucc
1138 1675 1310 1754 appellatio:
1335 1694 1394 1735 non
1409 1682 1492 1753 potes
1510 1676 1585 1736 banc
1600 1675 1709 1737 molem

389 1780 585 1864 tosostinere:
610 1787 657 1839 tua
681 1777 796 1847 leuitas,
819 1785 886 1838 tuus
909 1787 1021 1847 tumor,
1044 1785 1095 1838 lua
1116 1777 1285 1847 insolentia,
1308 1785 1356 1837 tua
1372 1779 1520 1848 atrocitas
1544 1786 1611 1839 tuus
1625 1778 1709 1839 luror

422 1898 484 1940 noo
507 1882 614 1959 recipit
634 1880 711 1940 hanc
733 1897 905 1957 personam,
930 1893 996 1958 qiam
1017 1881 1139 1940 somniis
1162 1887 1273 1940 tanturn
1296 1879 1451 1941 virtutibus
1473 1879 1607 1942 debetur.
1637 1881 1775 1958 ligemus

422 2000 496 2060 ergo
519 1981 556 2043 ad
578 1990 692 2043 veteres
714 1984 876 2044 Succorum
898 1983 1047 2062 principes
1069 1984 1213 2059 originem
1233 1988 1314 2043 tuam
1329 1983 1422 2051 relcr,
1446 1981 1556 2051 scelus,
1580 1989 1630 2043 aut
1645 1983 1709 2045 Fri·

422 2084 615 2144 dericborum
637 2089 665 2144 te
688 2085 850 2163 posteritati
868 2086 985 2154 insere,
1015 2084 1260 2154 clarissimorum,
1289 2103 1355 2145 cum
1379 2086 1471 2146 tusis
1494 2086 1709 2145 contaminatis·

421 2188 532 2255 simus,
557 2186 800 2256 fortissimorum,
825 2205 892 2247 cum
908 2189 995 2248 tusis
1011 2187 1229 2264 ignavissimus,
1253 2185 1563 2258 clementissimorum,
1588 2207 1655 2247 eum
1677 2195 1709 2247 tu

388 2299 412 2339 ¹⁵
423 2289 465 2348 sis
486 2289 714 2356 irrurritissimus;
738 2289 818 2365 atqui
840 2307 936 2367 neque
951 2288 988 2348 ab
1005 2288 1049 2348 lais
1065 2306 1158 2366 genus
1173 2290 1269 2359 ducis,
1292 2306 1388 2366 nuper
1403 2307 1518 2359 comcs,
1542 2308 1637 2368 neque
1653 2289 1707 2350 hu-

421 2390 502 2450 mani
525 2391 554 2449 in
576 2396 606 2450 te
627 2388 736 2467 aliquid
754 2391 951 2470 perspicitur:
974 2396 1089 2450 mutiam
1112 2390 1195 2451 abest
1216 2387 1357 2469 principis
1379 2398 1407 2451 te
1429 2391 1495 2451 loeo
1517 2399 1549 2451 ut
1570 2392 1740 2475 dignetur,
1825 2380 1828 2386 ’

422 2492 504 2569 quis,
527 2497 578 2551 aot
600 2490 739 2552 Germani
761 2493 912 2579 sanguinis
933 2492 1047 2570 prolem
1063 2500 1096 2553 ut
1109 2491 1279 2553 arbitretur.
1323 2492 1433 2553 Habuit
1448 2494 1604 2555 Germania
1620 2496 1696 2554 sieut
1710 2502 1776 2552 §.¹²⁰-

421 2573 488 2653 aliae
511 2594 645 2654 nationes
667 2595 787 2671 ignavos
809 2612 887 2672 saepe
902 2596 1066 2673 principes,
1091 2593 1192 2655 habuit
1208 2594 1321 2663 ebrios,
1345 2594 1539 2673 voluptarios,
1563 2595 1707 2666 imbelles,

420 2694 585 2774 superbos,
615 2713 719 2757 avaros
747 2715 781 2756 ac
814 2695 990 2765 insolentes;
1021 2704 1050 2756 at
1078 2714 1147 2756 vero
1168 2697 1322 2773 insigniter
1344 2696 1495 2757 crudelem
1517 2716 1577 2757 nou
1606 2697 1709 2758 babuit

384 2806 583 2876 soancequam
611 2805 643 2857 tu
670 2798 822 2876 prodires,
858 2798 968 2859 furiosa
1002 2815 1107 2875 pecus,
1142 2817 1250 2859 rrovum
1284 2800 1313 2858 in
1342 2799 1498 2859 Germania
1533 2807 1706 2867 monstrum,

420 2901 557 2960 luucstus
579 2900 682 2959 matris
705 2906 761 2959 tuae
782 2906 898 2978 partus,
929 2918 964 2960 ex
993 2902 1072 2960 oumi
1099 2899 1245 2962 scelerum
1276 2920 1311 2961 ae
1339 2900 1513 2976 flagitiorum
1543 2898 1724 2980 colluvione·

403 3009 536 3070 cretus,
565 3002 614 3080 qui
637 3003 825 3063 Germaniam
848 2999 1037 3062 clarissimam
1059 3020 1177 3080 semper
1205 3005 1329 3082 patriam
1358 3009 1526 3063 exterarum
1555 3005 1706 3063 nationum

420 3103 576 3164 calumniis
598 3104 794 3182 patefaceres:
823 3105 882 3164 iam
905 3105 982 3165 euim
1004 3106 1176 3165 reiicientur
1199 3107 1228 3164 in
1251 3107 1414 3166 Gernrauos
1442 3122 1506 3182 ‹prae
1529 3122 1582 3164 uos
1604 3107 1775 3183 priostum.

420 3207 538 3284 quotics
560 3206 735 3281 integritatis
763 3207 910 3269 contentio
940 3214 1030 3274 esset,
1063 3206 1214 3266 Gallorum
1242 3207 1404 3284 superbiae,
1434 3205 1573 3267 italorum
1602 3206 1708 3268 levitati

383 3307 553 3367 asobiicerc
575 3306 653 3367 soliti
673 3325 790 3369 sunaus:
826 3315 855 3368 et
876 3314 907 3367 tu
930 3307 1049 3384 quidem
1072 3307 1109 3367 de
1132 3308 1288 3368 Germania
1318 3310 1360 3367 sic
1388 3327 1419 3368 es
1448 3311 1581 3371 meritus:
1617 3327 1709 3387 quare

420 3409 491 3488 qnid
514 3409 569 3469 tibi
591 3409 750 3478 debeatur,
774 3427 835 3469 nou
857 3408 984 3470 obscure
1006 3409 1156 3487 intelligis,
1201 3412 1284 3470 cuius
1314 3429 1380 3470 curn
1409 3417 1488 3471 tanta
1510 3412 1547 3469 sit
1568 3411 1708 3490 improbi·

418 3521 480 3580 tas,
504 3511 577 3571 loris
600 3513 714 3588 cognita
737 3531 772 3572 ac
793 3511 989 3579 manifestata,
1018 3512 1088 3590 quid
1110 3511 1165 3571 sub
1188 3510 1237 3572 illo
1260 3512 1364 3577 corde,
1394 3520 1438 3572 tot
1464 3510 1609 3573 malorum
1638 3514 1707 3574 laci·

420 3632 529 3673 norum
552 3614 725 3682 seminario,
749 3610 841 3674 latere
863 3614 1027 3691 putandum
1042 3615 1104 3674 est‘t
1127 3612 1236 3682 Quodsi
1258 3620 1338 3674 tuarn
1355 3623 1484 3675 mentem
1499 3623 1775 3694 perscrutatustuaa.

419 3718 486 3794 qrris
509 3715 598 3797 luerit
620 3723 743 3793 tuasque
766 3716 959 3792 cogitationes
981 3717 1073 3794 possit
1095 3716 1132 3775 ad
1155 3717 1369 3778 confessionem
1392 3718 1527 3793 adigere,
1557 3723 1707 3795 quautum,
1771 3705 1774 3712 ’

383 3818 462 3877 anelii
484 3817 570 3885 boni,
592 3817 754 3887 scelernm,
779 3826 920 3896 quantum
943 3819 1136 3896 pessimorum
1159 3819 1335 3894 flagitiorum
1353 3839 1386 3878 ex
1402 3818 1463 3878 boe·
1475 3820 1593 3879 sinuoso
1609 3825 1708 3898 pecto·

419 3922 463 3980 ris
485 3920 528 3979 tui
550 3918 718 3999 labyrintho
740 3900 898 3996 acervatim
922 3919 1072 3979 ell'undes?
1094 3918 1184 3979 multa
1208 3922 1341 3996 cogitasti
1365 3922 1442 3981 euim
1466 3940 1530 3999 quac
1545 3939 1605 3980 uon
1621 3939 1709 3982 ausus

419 4042 452 4082 es
475 4024 589 4083 tacere:
618 4041 651 4082 oa
680 4027 730 4081 tua
753 4028 798 4081 est
819 4020 1054 4101 pusillanimitas,
1085 4019 1174 4081 velles
1202 4024 1316 4091 ornnia,
1345 4022 1412 4089 sed,
1444 4030 1476 4082 ut
1506 4022 1556 4083 tibi
1585 4023 1706 4091 videtur,

418 4143 529 4202 granea,
553 4129 585 4184 ut
606 4123 692 4183 nobis
713 4142 803 4198 uero,
824 4125 911 4183 nimis
933 4123 1022 4183 multa
1045 4123 1204 4203 perfecisti.
1240 4124 1270 4184 id
1294 4124 1372 4203 quod
1395 4125 1424 4183 in
1443 4126 1525 4184 istius
1540 4142 1612 4185 nece
1628 4143 1695 4203 per·
1708 4136 1774 4188 §.¹2³-

419 4233 554 4305 spectum
579 4233 637 4286 est:
660 4226 775 4302 quoties
798 4226 918 4286 timuisti
941 4229 1018 4286 enim
1043 4244 1079 4285 ne
1102 4232 1130 4287 te
1153 4227 1290 4304 superior
1317 4234 1408 4294 esset,
1439 4227 1462 4285 si
1492 4227 1605 4303 primus
1633 4228 1709 4286 ictus

384 4335 532 4407 captator
553 4345 636 4407 spem
660 4328 812 4389 cecidisset
835 4347 869 4387 ac
891 4329 954 4404 ipse
977 4327 1177 4411 ‹telensiouem
1200 4329 1244 4387 sni
1266 4327 1396 4388 iniisset?
1419 4325 1497 4404 quod
1521 4327 1629 4388 laetum
1652 4328 1705 4388 du-

419 4430 470 4491 bio
492 4429 598 4509 procul
621 4437 712 4490 esset:
736 4448 833 4508 neque
856 4431 933 4490 enim
956 4432 1125 4490 metuissem
1148 4428 1225 4488 illios
1247 4429 1328 4496 ritae,
1356 4429 1380 4487 si
1411 4428 1456 4487 rel
1479 4437 1581 4489 exerto
1604 4430 1707 4491 adsor-

418 4551 485 4593 sum
507 4539 538 4591 tc
561 4529 658 4608 gladio
680 4531 803 4593 salutem
825 4549 907 4592 suam
930 4534 1006 4592 tueri
1029 4533 1157 4592 monitus
1180 4531 1295 4591 luisset:
1318 4537 1349 4589 tu
1371 4530 1458 4606 igitur
1481 4530 1557 4592 illius
1573 4533 1708 4593 virtutem

418 4641 575 4701 metucns,
599 4639 657 4693 tuae
678 4631 870 4694 imbecillitati
892 4631 1028 4693 dillrdeus
1051 4633 1159 4693 iussisti
1177 4633 1287 4692 nudum
1311 4650 1375 4693 esse
1392 4630 1487 4703 illum,
1511 4635 1574 4712 ipse
1588 4640 1618 4694 te
1633 4634 1708 4695 clam

417 4737 510 4795 armis
533 4735 696 4803 munivisti;
719 4734 776 4794 boc
797 4734 943 4812 prodendi
965 4740 1135 4795 commento
1154 4742 1234 4795 tuam
1262 4736 1395 4813 ignaram
1423 4734 1605 4796 timiditatem
1628 4738 1706 4797 exci-

381 4839 503 4904 anasei,
534 4842 617 4896 tuum
644 4835 831 4915 desperatum
860 4833 1012 4896 consilium
1039 4843 1237 4914 1n·osoqoutus
1265 4853 1311 4905 es:
1341 4836 1479 4914 quodque
1507 4837 1569 4916 ipsa
1598 4846 1775 4901 osten-§.uc

487 5023 622 5074 ‘resana
640 5025 665 5072 2.
719 5021 740 5055 ¹²
756 5022 960 5074 Fridericortun
978 5025 1003 5074 2.
1037 5021 1057 5054 ²¹
1071 5058 1079 5073 .
1092 5020 1229 5073 Penestae
1248 5025 1272 5073 1.
1291 5038 1359 5073 corr.
1372 5028 1401 5074 11.
