4300 6059
554 675 690 711 ntentans
705 676 877 712 annuntium
892 678 926 711 Illi
941 677 1086 710 CONVENTV
1101 676 1273 710 antivarensi!
1288 673 1464 713 DESCRIPTIO·
1477 672 1503 709 Α.
1517 666 1574 710 lblsss
1632 643 1706 715 275

421 833 502 889 etiam
525 832 681 907 Dyrrhachii
704 852 734 889 ac
757 832 865 890 velena
887 831 1000 889 classem
1023 832 1168 910 multarum
1191 833 1296 890 riarium
1319 834 1404 889 indies
1427 832 1573 896 fabricare.
1596 850 1708 908 eosque,

419 934 481 974 cnm
504 935 584 975 vacua
607 918 742 992 praesidiis
765 918 845 973 maria
869 918 937 978 sint,
960 917 1096 974 uelocibus
1118 917 1288 991 praedatoriis
1303 917 1335 974 ad
1351 918 1506 974 Caietanum
1529 917 1606 976 littus
1626 927 1708 975 noctu

420 1001 594 1060 deseendisse
616 1010 697 1076 atque
719 1000 789 1059 ldola
819 1002 919 1076 oppido
947 1003 1057 1059 incenso
1086 1003 1249 1076 direptaque
1272 1011 1325 1060 tam
1348 1003 1486 1059 bominum
1509 1021 1588 1077 quam
1617 1020 1708 1060 rerum

422 1087 561 1161 Mentem
583 1104 675 1144 secum
697 1087 828 1162 praedam,
857 1086 959 1151 tribus,
988 1087 1059 1144 haud
1088 1087 1219 1161 amplius,
1248 1105 1361 1144 suorum
1389 1088 1511 1149 amissis,
1541 1082 1706 1162 asportasse.

397 1169 458 1228 alix
478 1169 619 1230 Pannonia
641 1180 746 1235 autem,
770 1172 840 1246 qnod
865 1172 946 1229 etiam
968 1171 1142 1247 sperantius,
1172 1173 1212 1228 vir
1233 1172 1339 1230 candidi
1361 1172 1477 1246 ingenii.
1507 1173 1572 1230 mihi
1602 1169 1706 1232 retulit.
1720 1176 1775 1225 ΜΒ

420 1257 576 1318 nunciatum
600 1266 642 1314 est
664 1257 833 1318 Thurcarum
853 1257 1047 1331 Imperatorem
1068 1255 1228 1330 belgradum
1256 1257 1429 1314 validissimis
1457 1258 1544 1332 cppiis
1568 1257 1709 1314 obsidione

418 1341 537 1399 cinxisse
560 1338 699 1417 (oppidmn
722 1342 753 1398 ad
775 1341 943 1399 confluentes
966 1341 1113 1398 Danubium
1137 1351 1165 1399 et
1187 1342 1282 1399 Sarum
1304 1343 1424 1417 positum
1442 1351 1498 1405 est.
1521 1343 1624 1416 antiqui
1642 1343 1710 1398 Tau·

419 1425 552 1482 raedarum
567 1422 749 1502 appellabant)
771 1427 938 1500 deiectisque
961 1428 1061 1501 passim
1083 1426 1217 1498 meandros
1240 1426 1281 1483 bis
1304 1428 1330 1483 iu
1347 1428 1497 1501 oppidanos
1520 1428 1648 1502 impetum
1672 1427 1710 1482 fe·

419 1510 506 1574 eissea
527 1511 669 1568 Pannoues
691 1521 796 1574 autem.
825 1512 873 1585 qui
896 1512 947 1568 toti
971 1529 1069 1586 regno.
1100 1513 1123 1568 si
1147 1512 1274 1587 oppidum
1302 1520 1460 1586 caperetur,
1488 1511 1640 1587 periculum
1662 1513 1711 1567 im·

386 1596 525 1658 nminem
547 1597 807 1660 animadverterant,
834 1606 992 1671 comparato
1015 1597 1158 1654 confestim
1187 1597 1322 1674 exercitu,
1351 1608 1469 1671 quantus
1497 1616 1554 1671 prae
1582 1598 1708 1670 angustia
1777 1658 1779 1663 .

421 1681 553 1755 temporis
575 1682 665 1756 parari
686 1690 811 1756 poterat.
835 1682 867 1738 ad
890 1699 969 1755 opem
991 1681 1110 1738 obsessis
1134 1682 1271 1738 ferendam
1294 1682 1410 1757 profecti
1431 1692 1503 1738 sunt.
1541 1681 1707 1739 incredibilis
1718 1688 1778 1737 §.oe

420 1766 531 1822 omnino
554 1765 719 1824 Thurcarum
743 1768 769 1822 in
793 1766 874 1827 rebus
897 1767 1067 1840 perficiendis
1090 1766 1229 1828 celeritas.
1260 1767 1305 1841 qni
1333 1767 1437 1823 deviem
1459 1766 1594 1841 rligypto.
1623 1766 1708 1841 Syria.

418 1847 573 1914 Phoenicia,
595 1850 743 1916 Palestina
766 1850 852 1912 Cale.
876 1851 1025 1926 fugatoque
1048 1869 1079 1908 ea
1102 1852 1225 1908 Armenia
1249 1852 1390 1908 Persarum
1414 1869 1491 1926 rege,
1517 1853 1542 1907 in
1564 1851 1709 1926 Europam.
1796 1876 1799 1882 ·

420 1935 592 2008 tempestatis
615 1955 645 1993 ac
666 1935 788 1993 fulminis
811 1954 900 1997 more,
924 1937 1081 2010 prinsquam
1105 1954 1153 1992 eos
1173 1936 1329 2011 Byzantium
1352 1936 1464 1993 rediisse
1487 1934 1709 2016 intellexerimus.

385 2032 483 2078 sucum
506 2020 626 2077 exercitu
648 2021 812 2077 traiecerint.
849 2021 905 2076 bini
927 2020 1006 2084 alibi,
1029 2020 1210 2084 multocius,
1234 2029 1340 2096 tempus
1363 2021 1422 2078 fore
1445 2031 1476 2078 nt
1497 2030 1598 2079 nostrae
1621 2022 1711 2094 segari·

422 2104 470 2160 tiei
492 2120 524 2161 ac
545 2106 655 2163 desidiae
678 2105 822 2180 aliquando
844 2106 991 2181 peniteat:
1015 2123 1076 2163 ecce
1100 2106 1152 2162 iarn
1175 2106 1290 2163 confinia
1313 2123 1460 2179 regnorum
1476 2115 1634 2162 nostrorum
1651 2105 1710 2180 pul·

420 2198 496 2251 sant,
521 2190 691 2264 victoresque
714 2192 828 2248 otmari
851 2200 879 2246 et
901 2200 973 2247 terra
997 2191 1022 2246 in
1046 2199 1232 2268 contemptum
1260 2191 1394 2265 superbia
1423 2200 1524 2248 nostrae
1553 2197 1710 2266 evagantur.

421 2275 468 2352 qui
491 2274 616 2332 refractis
637 2276 782 2333 Pannoniae
805 2275 960 2351 repagulis,
984 2276 1057 2349 ‹puod
1079 2275 1153 2332 brevi
1176 2278 1299 2334 futurum
1319 2285 1405 2358 puto,
1433 2276 1467 2334 ad
1489 2276 1619 2332 montium
1643 2292 1711 2349 qno·

421 2353 475 2433 que
497 2360 579 2416 anina
602 2361 796 2435 penetrabunt,
819 2358 886 2417 nulli
909 2361 1014 2435 parsuri
1039 2361 1090 2416 nisi
1114 2361 1146 2416 iis
1170 2362 1215 2436 qui
1238 2361 1318 2417 etiam
1340 2361 1480 2417 afortuna
1496 2361 1632 2426 contemni
1647 2377 1709 2435 pos·

387 2451 502 2507 sonuum
526 2443 628 2519 Reges.
651 2446 801 2520 principes,
831 2446 931 2521 quique
953 2463 984 2502 cr
1011 2443 1195 2519 elephantium
1223 2454 1303 2502 utero
1330 2445 1460 2501 oriundos
1489 2463 1517 2501 se
1548 2444 1777 2519 glorianturtnt.

422 2528 449 2584 in
472 2529 638 2603 triumphum
661 2539 771 2605 petunt:
796 2532 822 2586 in
845 2529 911 2586 viles
933 2531 1035 2586 animas
1058 2548 1113 2587 non
1135 2530 1241 2586 vibrant
1269 2528 1389 2604 gladios.
1418 2548 1463 2586 eas
1490 2531 1579 2586 vivere
1609 2529 1710 2591 nolunt.

422 2620 452 2671 ut
474 2614 563 2688 eapite
584 2623 761 2677 censeantur,
784 2615 1020 2689 deglubenturque
1042 2614 1075 2671 ad
1097 2616 1190 2672 cutim.
1227 2614 1260 2670 m
1283 2615 1355 2691 quod
1371 2607 1540 2671 miseriarum
1556 2622 1710 2673 nostrarum

423 2716 454 2754 ao
477 2698 633 2756 futurorum
656 2699 790 2758 malorum
812 2700 941 2756 indicium
963 2708 1018 2762 est.
1048 2701 1091 2756 rix
1114 2718 1186 2757 unus
1208 2708 1255 2757 aut
1277 2699 1346 2755 alter
1374 2697 1452 2755 fidem
1480 2699 1623 2756 adhibent:
1651 2717 1710 2755 cre·

421 2782 489 2839 dunt
510 2784 696 2842 commentitia
719 2803 792 2848 esse,
821 2803 905 2859 eaque
934 2785 960 2840 in
989 2785 1098 2858 vulgum
1129 2793 1232 2841 tantum
1262 2784 1310 2841 aedi
1341 2800 1401 2859 quae
1424 2785 1457 2840 ad
1479 2784 1622 2840 thesauros
1645 2784 1710 2840 Ger·

385 2868 520 2925 romaniae
542 2869 738 2927 exlranriendos
761 2869 837 2927 utilia
859 2869 1008 2926 videantur.
1051 2868 1109 2944 Ego
1138 2870 1201 2926 mihi
1230 2870 1380 2935 fortunisre
1408 2870 1474 2925 meis
1504 2878 1550 2925 aut
1573 2867 1638 2925 nihil
1661 2872 1779 2925 auti-⁸².

420 2968 518 3028 panum
541 2954 639 3018 time0;
662 2973 723 3011 cum
745 2954 812 3011 nibil
834 2953 960 3016 habeam,
990 2954 1057 3010 nihil
1080 2956 1101 3010 it
1123 2955 1272 3030 perditum.
1296 2962 1324 3010 et
1346 2954 1461 3029 quisque

770 3040 890 3097 cantabit
912 3057 1011 3096 vacuus
1033 3057 1124 3097 coram
1147 3040 1253 3096 latrone
1275 3040 1375 3103 viator;

420 3122 443 3178 si
467 3121 549 3180 etiam
571 3123 736 3181 immutanda
757 3125 810 3181 erit
832 3124 945 3199 religio,
967 3143 1062 3200 parum
1085 3125 1319 3182 lucri‘iacturave
1340 3122 1418 3181 nobis
1433 3123 1556 3182 amarint:
1580 3130 1711 3197 qnantum

420 3207 494 3264 enirn
517 3217 674 3266 nostrorum
699 3205 851 3284 temporum
874 3225 964 3266 mores
986 3229 1017 3266 ac
1039 3211 1141 3267 scelera
1157 3228 1172 3266 a
1188 3209 1302 3267 Themis
1317 3209 1436 3265 distant?
1459 3217 1506 3266 aut
1520 3213 1622 3283 quotus
1637 3207 1711 3283 quis·

378 3305 477 3368 ,toque
499 3302 542 3349 est
564 3294 610 3368 qui
633 3293 713 3350 fidem
735 3291 912 3351 Christianam
935 3293 975 3350 rel
998 3295 1112 3362 semisse
1133 3294 1222 3351 ‹lecies
1245 3294 1329 3350 indie
1346 3310 1401 3349 uon
1416 3292 1564 3350 abiiceret?
1587 3290 1710 3360 Sedbec

421 3393 485 3434 sero
508 3377 663 3451 querimur,
686 3389 713 3441 et
734 3380 907 3453 pharmacum
931 3380 1045 3437 animam
1067 3377 1255 3436 exhalantibus
1277 3377 1339 3453 plus
1355 3378 1451 3435 obesse
1466 3377 1537 3436 solet
1552 3393 1631 3453 quam
1646 3393 1711 3452 pro·

419 3459 509 3519 desse.
552 3463 688 3537 patiamur
709 3474 737 3520 ct
758 3473 856 3523 caetera
878 3482 957 3539 aequo
980 3464 1084 3527 animo,
1116 3464 1222 3539 quando
1250 3471 1344 3520 nostra
1374 3459 1446 3520 intr'a
1468 3462 1587 3538 parietes
1609 3462 1779 3520 iactante.

420 3544 459 3604 tia
483 3554 511 3604 ct
532 3545 613 3605 alteri
636 3548 707 3605 inter
735 3547 832 3625 pocula
853 3548 953 3606 Briarei
985 3549 1039 3606 duo
1069 3550 1195 3624 imperia,
1228 3548 1415 3624 Byzantiacum
1442 3556 1472 3605 et
1493 3547 1712 3623 Trapezuntium.

421 3648 505 3708 regna
527 3650 591 3690 vero
614 3633 757 3691 duodecim
778 3633 926 3691 amisimus.
963 3651 1018 3690 non
1047 3652 1143 3694 uereor
1171 3644 1259 3691 tamen
1288 3633 1311 3689 si
1340 3632 1422 3708 prisci
1452 3631 1491 3690 illi
1513 3632 1621 3689 rimatis
1644 3632 1713 3707 igni-

386 3714 492 3780 scuti.
521 3718 567 3793 qui
596 3735 668 3776 nune
696 3719 722 3775 in
752 3717 907 3775 mortalium
929 3719 1086 3793 pectoribus
1109 3720 1209 3776 mortui
1232 3726 1310 3781 sunt,
1337 3717 1483 3793 aliquando
1512 3717 1712 3778 reviviscerent.

422 3801 490 3877 quin
512 3802 641 3876 pietatem
665 3804 810 3878 imprimis.
834 3823 864 3861 ac
886 3805 993 3859 demum
1022 3802 1133 3860 Rotnani
1161 3803 1268 3881 imperii
1295 3800 1410 3877 gloriam
1438 3802 1587 3860 animosius
1609 3799 1709 3876 ample·

420 3894 568 3944 uterentur.
613 3888 758 3961 Principes
779 3892 873 3962 ipitrrr.
895 3905 958 3944 cum
980 3904 1142 3959 responsum
1163 3890 1237 3963 quod
1259 3890 1423 3945 Germnm'co
1445 3889 1597 3961 hitinuqne
1618 3889 1772 3960 marato

418 3971 507 4028 scribi
526 3975 677 4037 iusserant,
702 3974 809 4047 hepatis
832 3975 939 4029 tandem
963 3971 1098 4029 reddituri
1118 3980 1220 4044 essent,
1245 3974 1365 4031 Caesaris
1379 3975 1461 4045 prius
1476 3974 1585 4028 mma
1598 3988 1633 4027 oc
1646 3986 1710 4028 crn-

418 4071 498 4112 suroe
519 4075 601 4129 quom
623 4060 651 4113 in
673 4060 782 4131 nulnum
791 4060 934 4130 prodiret,
957 4058 1053 4113 subici
1067 4059 1216 4114 noluerunt
1254 4066 1383 4114 raetmnn
1404 4066 1536 4130 wantum
1555 4059 1712 4113 maiestras

384 4145 534 4215 arrotteqrri
550 4159 679 4214 poseium,
703 4152 730 4198 nt
751 4161 805 4199 nors
828 4152 982 4215 receptum.
1004 4145 1052 4214 ita¹
1064 4158 1100 4198 ne
1121 4146 1249 4198 reiectum
1272 4143 1377 4214 paridem
1399 4145 1427 4197 irs
1440 4150 1580 4213 posterum
1595 4145 1633 4197 itu
1648 4141 1712 4197 red·

419 4225 505 4281 ditum
528 4235 582 4289 rst,·
604 4228 699 4301 Lepnti
712 4227 897 4301 Oratoresque
918 4236 944 4283 et
962 4230 1099 4300 pontificis
1120 4235 1146 4283 et
1166 4229 1367 4301 reportatae,
1390 4226 1547 4284 cesariam·
1563 4241 1628 4284 sero
1644 4227 1712 4299 apa·

419 4327 523 4382 scopans
547 4312 722 4385 Terpestinur
743 4321 768 4368 et
790 4311 961 4385 Praepositae
987 4316 1014 4367 in
1043 4312 1231 4369 Waltirirehen
1259 4329 1319 4368 cnm
1347 4314 1429 4368 simui
1449 4314 1636 4368 conmnnserrt
1656 4312 1712 4367 ds’s·

489 4492 497 4527 ¹
518 4495 651 4560 Dyrrachii
670 4498 743 4546 1...3.
764 4496 889 4545 Durazzo.
953 4492 1078 4561 Veiorum]
1099 4496 1117 4543 i.
1132 4511 1156 4543 e.
1169 4493 1298 4555 Aulonm,
1316 4492 1425 4554 Awlon,
1446 4495 1547 4544 Amana
1564 4508 1586 4542 s.
1604 4494 1711 4544 Velorra.

419 4577 431 4608 ·'’
444 4576 586 4645 sperant]
600 4577 736 4629 Sebastiam
750 4578 857 4645 Sprerr:‚
873 4580 1042 4629 decretorum
1055 4579 1159 4636 doctor.
1180 4578 1282 4628 Cmsnri
1295 4594 1329 4627 ae
1342 4578 1476 4628 Gureensi
1489 4578 1625 4629 cardinali
1639 4594 1656 4629 e
1668 4593 1711 4628 se·

420 4664 516 4714 cretis.
536 4662 626 4727 (Deraia
638 4681 664 4730 p.
681 4661 749 4728 139.)
809 4662 841 4695 Μ
858 4663 1016 4713 Taurunum
1034 4671 1072 4713 ert
1084 4665 1143 4714 bod.
1157 4663 1269 4714 Samlin.
1289 4648 1419 4730 Belgrsdi
1436 4670 1506 4713 aetna
1518 4664 1656 4728 adpeffutio
1670 4668 1712 4713 est

418 4748 609 4815 Singidunum.
663 4746 684 4781 ¹⁰
702 4752 719 4800 i.
732 4765 756 4799 e.
769 4765 817 4799 nos
834 4744 905 4816 pren.
959 4747 978 4779 ¹⁸
997 4747 1051 4809 Qui
1070 4764 1087 4798 s
1106 4749 1215 4799 fortuna
1233 4750 1370 4799 contemni
1388 4753 1515 4814 possunt,
1535 4748 1556 4797 ii
1573 4747 1711 4798 fortunam

419 4824 506 4884 eitum
519 4837 695 4884 contemnere
706 4837 829 4899 possunt.
865 4832 888 4864 ²⁰
901 4849 933 4883 ex
947 4831 1037 4897 eleph.
1046 4830 1096 4899 nt]
1109 4839 1254 4899 magnates
1265 4835 1395 4900 stupidos.
1431 4831 1453 4864 ¹⁴
1466 4833 1625 4883 comentitie
1638 4835 1712 4883 1...a.

417 4914 442 4949 ²¹
454 4918 576 4982 lenset.
591 4918 674 4968 Ml.
721 4915 743 4949 ²⁹
753 4916 838 4982 tiarati
846 4921 870 4967 2.
918 4914 941 4947 ³³
952 4913 1091 4979 Baintttst.
1110 4918 1152 4965 De
1164 4917 1217 4967 hoc
1230 4919 1345 4968 Briareo
1359 4916 1395 4966 cf.
1409 4918 1529 4967 Peneon.
1543 4918 1578 4969 11.
1596 4917 1643 4976 l‚o.
1657 4918 1710 4977 lsi.

419 5002 622 5053 Corinthiae-or,
659 5003 679 5033 ⁷⁰
693 5004 783 5052 animo
796 5005 853 5051 suis
868 5006 917 5051 Η.
954 5000 977 5031 ³⁷
991 5001 1022 5050 ln
1032 5014 1046 5053 n
1055 5003 1255 5066 suprascriptum
1268 4999 1713 5067 esfnnseons10.cf.prsef.p.138.

1473 5085 1534 5147 18*
