4300 6059
466 678 537 751 196
618 707 809 746 CONSVLTA'HO
823 709 986 744 nannetica
999 708 1155 743 eneruem
1167 708 1202 743 An
1216 708 1408 743 ELECTOBIBVB
1422 709 1455 742 BT
1466 709 1490 742 C·
1504 708 1530 743 A.
1542 702 1601 744 lbl‘t'.

456 870 541 927 terit,
575 877 742 942 expugnatas
773 868 908 928 munient.
943 875 969 923 ct
997 867 1068 941 apud
1097 884 1143 922 ens
1166 876 1302 942 tamquam
1331 869 1357 922 in
1387 866 1547 923 antemurali
1578 867 1695 941 quedam
1724 883 1755 923 se

462 955 634 1009 continentes
656 960 768 1008 caeteras
792 951 918 1008 finitimas
941 953 1091 1008 Turcorum
1114 952 1256 1025 regiones,
1279 953 1431 1026 praesertim
1454 970 1514 1008 cuin
1537 953 1666 1013 Tartaris,
1690 951 1754 1027 Scy·

463 1039 516 1094 this
539 1047 565 1092 ct
590 1037 726 1098 Valnchis,
750 1037 849 1109 quihus
873 1039 898 1092 in
923 1038 965 1092 his
987 1036 1101 1093 urbibus
1124 1037 1289 1093 domicilium
1317 1039 1502 1097 constituent,
1531 1038 1684 1093 discurrent
1707 1037 1753 1094 tle·

461 1121 721 1197 praedabunturqne,
744 1130 772 1177 et
794 1123 846 1178 hoc
868 1130 947 1196 paeto
969 1122 1098 1179 exercitui
1122 1123 1283 1178 sustinendo
1305 1124 1445 1196 pecuniam
1469 1122 1662 1196 impetrabunt.
1700 1123 1753 1178 Ad·

460 1210 636 1280 nitunturque
665 1224 774 1267 oriiues,
805 1209 826 1263 si
856 1208 928 1263 lorte
951 1207 1152 1264 Chalcidensem
1181 1225 1229 1264 seu
1258 1208 1421 1281 Nigropenti
1450 1216 1497 1263 aut
1525 1209 1551 1262 in
1575 1226 1606 1264 ea
1629 1209 1776 1281 prorima⁵

460 1293 594 1349 niaritima
617 1310 664 1349 ora
688 1301 798 1366 qiortnm
827 1294 980 1367 qucuqiiunr
1008 1291 1150 1366 nequirem
1179 1292 1299 1366 possint,
1331 1294 1357 1348 in
1387 1310 1467 1366 quem
1493 1293 1617 1349 Africana
1645 1292 1750 1354 classis,

459 1396 520 1451 qun
548 1379 629 1434 tertio
651 1377 830 1451 expeditionis
853 1395 939 1439 anno,
962 1379 1092 1452 perlectis
1115 1378 1212 1433 lirion
1235 1377 1330 1439 rebus,
1354 1378 1386 1432 ad
1408 1398 1457 1433 cus
1477 1378 1639 1438 contendet,
1662 1377 1750 1434 delata

458 1464 607 1519 exercitum
630 1462 708 1519 laeile
732 1463 758 1518 in
782 1481 811 1517 ca
835 1461 894 1518 locu
916 1480 1052 1536 exponere
1075 1472 1102 1519 ct
1132 1463 1309 1518 terrestribus
1332 1462 1546 1518 Christianorum
1574 1462 1661 1537 copiis
1690 1479 1750 1519 sese

453 1549 604 1622 adiungere
627 1547 723 1622 possit.

541 1642 583 1694 33.
608 1634 700 1689 Tertio
723 1642 813 1689 antem
836 1651 921 1694 uranu,
945 1633 992 1706 qui
1015 1634 1067 1688 erit
1091 1633 1237 1705 vigesimus
1260 1643 1322 1706 post
1344 1633 1593 1706 quingentesimum
1616 1642 1643 1689 et
1660 1630 1784 1688 mille-¹⁰

457 1720 567 1781 simum,
590 1718 790 1775 sacratissimus
812 1719 964 1792 lmperutor
985 1727 1013 1772 ct
1028 1716 1205 1791 portugalliae
1220 1718 1288 1780 Rex,
1311 1717 1425 1773 liberata
1446 1718 1513 1779 iam,
1537 1727 1568 1773 ut
1583 1718 1746 1791 sperandum

456 1812 514 1864 est,
538 1804 626 1860 hiriee
639 1800 866 1878 'eapiiguatisque
890 1803 1002 1859 urbibus
1024 1802 1140 1876 Alcayro
1163 1812 1191 1859 ct
1213 1802 1386 1864 Alexandria,
1416 1803 1531 1876 lusaque
1553 1812 1582 1858 et
1602 1803 1744 1876 dissipata.

456 1900 486 1944 ut
508 1890 535 1944 in
558 1889 648 1945 animo
670 1898 726 1952 est,
751 1891 899 1945 ancurnru
921 1888 1021 1949 classe,
1051 1888 1185 1944 exercitus
1208 1907 1288 1950 siros,
1316 1906 1377 1944 cnm
1407 1888 1560 1962 praesertim
1583 1888 1744 1943 maritimam

455 1974 487 2029 nd
510 1992 567 2030 cam
591 1991 646 2029 reru
671 1969 859 2047 perficiendam
881 1972 994 2029 classem
1018 1973 1197 2029 subicientem
1221 1973 1374 2033 habebunt,
1397 1973 1424 2027 in
1447 1972 1576 2029 Crucium
1600 1973 1744 2033 traiicieul.

454 2059 674 2132 Francorumque
701 2077 732 2115 ae
753 2057 874 2114 l‘ulonim
896 2058 1014 2130 degibus
1042 2058 1161 2113 adiuncti
1188 2058 1294 2113 denium
1323 2059 1474 2114 'l'rircurum
1503 2057 1611 2132 tyranni
1640 2057 1778 2130 regiamss

454 2144 550 2200 urbem
573 2141 836 2216 Constantinopolim
859 2142 1038 2204 obsidebunt,
1062 2160 1148 2216 eaque
1169 2151 1247 2216 capta
1271 2144 1297 2198 in
1320 2143 1449 2199 llinorem
1472 2145 1561 2198 Asiam
1583 2143 1639 2199 sive
1662 2142 1744 2199 Natu·

453 2228 516 2285 liam
538 2237 706 2302 caeterasque
729 2228 891 2283 remotiores
914 2229 1064 2284 'lurcorum
1093 2228 1234 2299 regiones,
1263 2228 1406 2283 adiurante
1436 2237 1501 2284 tunc
1528 2229 1632 2301 absque
1660 2226 1743 2283 dubio

454 2313 537 2387 Sophi
560 2315 704 2370 Persarum
728 2313 812 2384 llegc,
836 2313 1031 2385 aggredientur
1052 2320 1080 2367 et
1101 2313 1198 2368 ditioni
1222 2331 1277 2368 suae
1300 2313 1459 2374 subiicieut,
1488 2324 1514 2369 ct
1543 2315 1569 2370 in
1592 2313 1664 2369 hune
1685 2330 1744 2368 mo·

452 2398 515 2454 dnm
537 2399 715 2454 sanctissume
738 2399 801 2452 huic
828 2398 992 2470 expeditioni
1020 2397 1132 2452 dericlis
1157 2398 1352 2470 dissipatisque
1380 2398 1524 2454 Christiani
1552 2398 1670 2454 numinis
1692 2397 1743 2454 ho·

453 2482 554 2538 stibus
577 2482 655 2539 hneni
679 2484 828 2556 imponent.
1572 2470 1576 2501 '
1750 2490 1776 2531 ²⁰

537 2575 579 2628 34.
602 2569 733 2623 l’uterunt
756 2575 845 2622 mitem
869 2568 911 2622 hic
935 2568 1051 2640 praemiis
1067 2567 1211 2622 Christiani
1235 2567 1414 2640 expeditionis
1436 2568 1518 2624 duces
1534 2569 1676 2623 Persarum
1692 2567 1743 2624 lle·

452 2671 513 2723 geni
537 2653 620 2726 Suphi
644 2653 722 2708 lacilc
745 2652 866 2713 allicere,
890 2653 911 2706 si
935 2670 995 2707 cum
1018 2671 1051 2707 eu
1074 2652 1264 2714 coiircnerint,
1295 2659 1325 2707 ut
1353 2654 1441 2726 captis
1469 2661 1496 2708 et
1527 2654 1553 2709 in
1576 2653 1741 2709 eleditiouem

453 2737 506 2793 illis
529 2739 676 2813 prouinciis
700 2737 815 2794 redactis
839 2736 878 2791 illi
893 2737 1006 2793 hatoliae
1029 2737 1175 2798 medietas,
1200 2738 1379 2810 universaque
1394 2740 1548 2794 Carainania
1571 2747 1600 2793 et
1614 2738 1741 2794 Armenia

450 2823 542 2884 cedat,
565 2832 663 2879 caetera
687 2841 750 2879 vero
774 2841 834 2896 qnae
858 2831 886 2877 ct
908 2823 934 2877 in
955 2823 1020 2885 alsia
1042 2832 1070 2878 et
1092 2823 1119 2877 iu
1142 2822 1231 2878 Africa
1254 2831 1332 2883 sunt,
1355 2831 1383 2878 et
1405 2825 1559 2896 praesertim
1580 2822 1741 2897 AEgyptum,

451 2917 570 2964 sanetum
593 2907 774 2970 llicrusalem,
798 2907 844 2963 ubi
867 2906 1041 2980 sepulchrum
1065 2907 1164 2963 Christi
1187 2916 1243 2968 est,
1266 2907 1427 2963 Christianis
1448 2909 1575 2964 dimittat.
1750 2917 1776 2956 ²⁵

535 2999 579 3052 35.
603 2993 648 3047 llis
677 3002 765 3048 mrtem
793 2992 963 3049 successibus
991 2992 1141 3047 Christiana
1171 2991 1323 3065 respublica
1352 2993 1379 3048 in
1409 2992 1519 3068 triplum
1548 2994 1605 3049 lere
1627 2992 1741 3050 adaucta

451 3096 577 3135 successu
602 3078 733 3151 teurpuris
755 3078 835 3133 etiam
858 3077 965 3132 Africus
988 3077 1074 3150 Reges
1104 3077 1136 3132 ad
1159 3077 1258 3132 Christi
1287 3078 1364 3133 sulem
1393 3079 1493 3135 sanctis
1516 3078 1741 3152 persuasionibus

450 3163 554 3237 poterit
575 3172 743 3219 convertere.

535 3254 578 3308 ³6.
600 3249 664 3315 brias
687 3266 750 3303 reru
773 3265 871 3321 regna,
894 3247 1053 3321 provinciae,
1076 3247 1194 3303 ditiones
1216 3266 1248 3303 er
1271 3249 1324 3304 hiis
1346 3257 1447 3305 sanetas
1461 3249 1543 3304 huius
1558 3248 1739 3323 expeditionis

449 3334 571 3391 victoriis
594 3342 669 3407 parta
694 3333 808 3392 luerint.
831 3351 861 3389 ea
883 3333 957 3388 ouini
978 3342 1082 3389 semota
1105 3332 1198 3388 lraude
1222 3333 1293 3388 inter
1313 3334 1482 3390 Christianos
1503 3335 1604 3406 Reges,
1633 3334 1774 3390 Prieni-³⁰

449 3437 497 3492 pes
520 3427 548 3475 et
571 3427 728 3492 potentatus
751 3418 865 3475 arbitrio
889 3418 1021 3480 iudicum,
1049 3418 1095 3491 qui
1119 3418 1299 3499 undequaque
1321 3436 1354 3474 ex
1370 3418 1494 3474 omuibus
1511 3412 1671 3474 Christianis
1688 3436 1739 3490 pe·

449 3503 599 3561 tentatibus
620 3503 838 3577 deputabuntur,
863 3503 1057 3577 superarbitris
1081 3502 1252 3558 sanctissimo
1274 3504 1384 3560 domino
1407 3513 1503 3560 nostro
1526 3512 1553 3560 et
1575 3522 1653 3561 sacro
1675 3503 1740 3559 Car·

447 3589 575 3645 diualium
597 3587 729 3660 collegio,
753 3606 830 3661 aequa
853 3589 980 3663 portione
1001 3588 1161 3644 dividentur.
1247 3656 1249 3663 Ι

533 3679 575 3733 37.
597 3674 739 3729 Postreniu
762 3683 864 3735 autom,
889 3682 918 3727 ut
942 3674 1030 3727 orunia
1052 3674 1133 3729 citius
1155 3672 1278 3729 concludi
1302 3691 1333 3728 ac
1355 3682 1460 3730 mature
1487 3674 1638 3730 executioni
1662 3691 1738 3729 man·

446 3758 504 3814 dari
527 3760 647 3834 possint,
671 3760 851 3815 necessarium
875 3758 993 3819 videtur,
1023 3767 1054 3814 ut
1082 3760 1280 3832 quamprimum
1302 3758 1445 3814 Christiani
1468 3759 1569 3832 Reges,
1596 3760 1736 3832 Principes
1747 3762 1773 3804 θ’·

448 3853 475 3900 et
496 3844 672 3906 l‘utentatus,
697 3845 758 3917 qui,
782 3852 812 3899 ut
834 3842 1018 3917 supradictum
1041 3852 1097 3903 est,
1127 3844 1154 3898 in
1181 3844 1306 3898 Africana
1335 3843 1508 3918 expeditione
1536 3861 1594 3900 eam
1622 3845 1737 3900 comita·

445 3928 561 3992 buntur,
586 3929 714 3985 Oratores
736 3947 801 3985 suos
824 3929 856 3984 ad
879 3946 982 3984 sacram
1005 3929 1152 3985 Caesaream
1172 3928 1337 3984 llaiestatem
1360 3929 1481 3991 mittant,
1506 3928 1682 4003 singulaque,
1705 3936 1737 3986 ut

514 4194 626 4262 ¹mun.]
645 4197 815 4247 nunciante.
851 4196 880 4245 in
898 4201 978 4246 antro
996 4196 1095 4246 murali
1109 4201 1133 4247 4.
1170 4199 1299 4246 scotor.
1334 4195 1564 4261 'Scythisunch
1609 4196 1735 4262 ³depru-

445 4279 582 4332 dabuntur
594 4283 654 4332 aive
668 4285 741 4332 2...‹t.
777 4281 852 4332 ⁴hoe
866 4281 989 4331 exercitu
1001 4285 1026 4330 2.
1045 4297 1094 4346 pro
1106 4282 1158 4332 hoe
1170 4284 1294 4332 exercitu
1308 4286 1334 4332 3.
1370 4297 1418 4346 pro
1429 4283 1551 4332 exercitu
1565 4286 1590 4332 t.
1626 4280 1735 4346 ⁴impe-

445 4368 559 4417 trabunt
571 4372 644 4418 t...3.
680 4367 917 4431 Admittenturque
930 4369 955 4416 2.
975 4367 1207 4431 admittenturque
1219 4370 1244 4417 3.
1263 4368 1473 4430 adintenturque
1487 4370 1512 4416 4.
1548 4365 1558 4397 ⁵
1576 4367 1695 4417 fortusse
1708 4370 1735 4416 2.

445 4451 708 4502 Coleidensem3.4.
743 4450 882 4516 scillini.
917 4451 1075 4502 ⁸otset4.
1111 4467 1232 4502 aereum.
1250 4456 1311 4503 23.
1348 4448 1366 4481 ¹¹
1380 4465 1452 4501 seer.
1464 4467 1512 4501 om.
1526 4454 1551 4500 4.
1587 4449 1734 4516 sper.]su·

444 4535 600 4599 pradictum
613 4540 687 4587 1...3.
736 4535 756 4568 ¹²
773 4536 994 4587 Alehaiero2.3.
1012 4535 1208 4602 Alehayerol,
1248 4535 1269 4569 ¹⁴
1287 4552 1373 4586 neves
1392 4536 1563 4600 classemque
1577 4539 1602 4586 4.
1645 4535 1666 4568 ¹⁵
1684 4536 1734 4586 ad·

445 4621 587 4671 iunetisd.
634 4620 655 4654 ¹⁸
673 4620 766 4687 Sophy
780 4625 806 4671 2.
825 4622 951 4686 sophye.
973 4628 999 4671 et
1015 4623 1052 4671 alc
1066 4625 1154 4685 paullo
1169 4628 1229 4685 post
1247 4625 1303 4675 24.
1349 4621 1488 4670 subiicent
1505 4625 1530 4670 2.
1561 4620 1734 4672 adiicientd.

444 4711 473 4757 et
489 4707 518 4755 iu
536 4705 563 4755 h.
573 4705 645 4757 mod.
657 4709 737 4758 eard.
773 4704 794 4737 ¹⁹
811 4702 888 4772 huie]
909 4706 973 4755 hine
986 4708 1010 4755 4.
1048 4701 1124 4771 [Cum
1139 4721 1201 4756 eum
1213 4707 1324 4757 taudem
1337 4707 1366 4756 in
1379 4707 1479 4756 itinere
1497 4705 1565 4766 sint,
1584 4720 1639 4754 uon
1650 4705 1734 4756 Indos

444 4790 725 4856 etismSineneesque
743 4789 797 4839 ribi
815 4772 997 4854 subiciunttl'
1045 4789 1066 4822 ²¹
1087 4790 1254 4842 Christianae
1271 4795 1346 4841 2...4.
1402 4789 1424 4823 ²⁴
1444 4790 1732 4856 quatentium.

441 4873 497 4908 ‘⁴¹²⁵
514 4877 652 4941 Egyptum
670 4881 699 4926 et
714 4873 890 4928 Jlierusalem
903 4878 927 4926 4.
978 4873 1000 4906 ²⁵
1018 4875 1155 4926 demittat.
1169 4880 1194 4926 2.
1240 4873 1263 4908 ¹⁸
1281 4879 1516 4940 eour.p0t.2...t.
1563 4874 1585 4906 ²⁹
1604 4877 1639 4925 iis
1659 4880 1733 4929 1...3.

442 4957 465 4991 ⁸⁰
481 4964 599 5024 parter.
634 4977 726 5012 enom.
741 4963 767 5011 4.
801 4958 824 4992 ⁸²
841 4964 972 5011 sanctor.
1008 4959 1030 4992 ³⁶
1049 4958 1156 5025 exped.]
1175 4961 1346 5025 profectione
1364 4964 1422 5035 ¹23.
1464 4960 1695 5012 comminabuntur
1705 4965 1732 5013 2.
