4300 6059
662 727 698 762 os
711 727 810 763 vrcrvs
824 727 981 763 susurrare
1000 730 1034 764 su
1047 728 1120 764 rsus.
1134 725 1177 764 rur
1189 727 1371 764 secessuum.
1583 703 1656 773 453

371 891 401 943 et
428 883 588 949 Diodorum
617 882 748 943 scribere
777 885 882 963 priscis
903 884 1053 964 Aegyptiis
1080 883 1189 946 herbas
1216 884 1389 964 radicesque
1417 886 1526 946 vicum
1557 886 1655 956 luisse,

371 1004 404 1045 ae
427 985 587 1046 Hesiodum
611 1003 732 1046 monere
754 985 846 1046 malva
869 993 898 1046 et
920 987 1081 1066 asphodelo
1103 987 1307 1057 victitandum,
1330 1005 1389 1066 quo
1413 989 1481 1048 item
1498 989 1589 1049 victus
1604 996 1665 1066 gei

372 1106 442 1148 nere
472 1095 641 1148 contentum
672 1088 799 1148 interdiu
827 1088 1029 1167 Epimenidem
1052 1089 1134 1150 Plato
1163 1091 1192 1149 in
1221 1088 1335 1167 legibus
1363 1090 1508 1151 meminit:
1538 1092 1562 1151 si
1591 1093 1712 1170 quisue.

371 1190 433 1251 haec
455 1189 512 1251 sibi
534 1196 697 1268 proponat,
728 1192 861 1269 iuquam,
891 1199 919 1251 ct
946 1191 1127 1261 consideret,
1156 1199 1218 1251 tum
1247 1210 1317 1251 vero
1347 1194 1474 1253 inveniet
1500 1191 1580 1254 laute
1603 1212 1657 1253 nos

347 1311 405 1353 serr
427 1274 483 1352 hnc
506 1292 582 1352 dieta
605 1293 701 1352 rivere
725 1301 753 1353 et
775 1310 859 1371 paene
882 1291 1057 1371 plusquam
1086 1311 1161 1372 opus
1189 1295 1227 1354 sit
1253 1295 1417 1355 adsumere.
1463 1293 1574 1364 Quodsi
1595 1314 1656 1356 ma·

369 1412 460 1472 gnum
483 1401 561 1455 esset
583 1396 671 1455 etiam
694 1394 838 1483 tantillum
861 1394 1009 1456 abstinere
1032 1415 1047 1455 a
1071 1395 1153 1466 cibo,
1185 1396 1251 1474 quis
1274 1405 1318 1456 est
1340 1396 1378 1456 ita
1402 1407 1499 1457 lamen
1522 1398 1656 1459 inimicus

369 1496 440 1566 sibi,
464 1497 513 1574 qni
535 1514 596 1556 non
618 1497 674 1557 hac
695 1496 829 1558 molestia
852 1497 975 1557 salutem
998 1497 1053 1558 sibi
1077 1498 1304 1577 comparandam
1328 1497 1428 1567 ducat,
1453 1501 1577 1578 quinon
1594 1519 1653 1561 ma·

369 1598 401 1658 lit
423 1599 541 1677 triginta
563 1598 626 1659 dies
648 1599 770 1667 famem,
795 1618 882 1679 quam
906 1601 935 1659 in
958 1603 1038 1661 omni
1061 1601 1115 1661 vita
1139 1600 1277 1661 morbum
1300 1601 1397 1668 serre,
1422 1607 1472 1660 aut
1493 1602 1591 1679 potins
1612 1608 1657 1662 tot

370 1700 500 1761 dieculas
522 1703 651 1771 esurim,
683 1709 715 1762 ut
742 1703 771 1762 in
800 1702 946 1781 reliquum
974 1705 1040 1763 vilae
1062 1710 1179 1782 tempus
1201 1702 1356 1763 incolumis
1379 1709 1407 1763 et
1428 1721 1517 1765 sanus
1540 1706 1653 1774 existat,

334 1821 458 1882 requam
481 1809 626 1883 perpetuo
649 1806 763 1881 magnis
789 1811 823 1865 ut
852 1803 1005 1865 doloribus
1032 1807 1182 1874 crucietur
1210 1824 1244 1865 ac
1270 1807 1351 1865 sanie
1380 1814 1408 1866 et
1434 1804 1503 1866 tabo
1532 1806 1654 1877 dillluat,

369 1907 503 1983 exiguam
528 1904 631 1984 lugere
661 1905 842 1966 molestiam?
870 1906 934 1968 Dixi
963 1914 1059 1968 autem
1090 1925 1149 1967 nou
1177 1926 1285 1969 novum
1314 1926 1379 1969 esse
1408 1908 1463 1968 hoc
1491 1911 1652 1971 curationis
1661 1919 1721 1970 tto.
1756 1891 1764 1909 ’

369 2024 477 2084 genus,
506 2025 624 2087 semper
654 2009 731 2085 enim
761 2010 862 2086 optimi
885 2010 990 2070 medici
1021 2010 1226 2071 abstinentiam
1255 2010 1423 2072 indixerunt
1450 2012 1556 2088 egris,
1578 2013 1655 2073 inter'

369 2129 444 2189 qiios
466 2111 668 2190 Asclepiades,
692 2119 724 2171 ut
746 2109 848 2172 Celsus
870 2113 981 2189 prodit,
1005 2110 1088 2172 febre
1111 2113 1173 2189 ipsa
1195 2113 1344 2191 praecipue
1366 2112 1403 2173 ad
1425 2112 1588 2173 remedium
1612 2115 1655 2174 uti

368 2232 400 2273 se
422 2212 574 2290 professus
597 2221 655 2284 est,
679 2213 894 2275 ‘conuellendas
916 2222 1023 2293 putans
1044 2216 1115 2291 egri
1137 2216 1215 2275 vires
1230 2214 1311 2284 luce,
1335 2214 1446 2293 vigilia,
1470 2214 1517 2274 siti
1532 2216 1654 2293 ingenti,

334 2316 411 2374 issic
434 2321 525 2375 utne
547 2333 581 2375 os
604 2315 720 2394 quidem
751 2315 871 2377 abluere
895 2318 996 2394 primis
1026 2316 1131 2378 diebus
1158 2317 1285 2378 sineret'.
1332 2315 1532 2377 ‘Continentia'
1562 2319 1723 2396 inquiten.

368 2417 526 2487 Eusebius,
556 2419 700 2496 ‘corporis
723 2417 915 2478 valetudinem
940 2425 1095 2478 conservat
1124 2426 1152 2479 et
1179 2420 1268 2479 animi
1290 2418 1478 2498 pudicitiam'.
1524 2416 1587 2487 Quo
1610 2438 1656 2479 ar·

368 2526 509 2598 grumento
526 2521 608 2580 carni
625 2519 710 2580 simul
728 2526 755 2581 et
778 2522 882 2580 anima
906 2519 1004 2580 utilem
1028 2538 1092 2581 esse
1114 2520 1263 2581 modicum
1287 2526 1317 2581 et
1338 2505 1533 2599 temperatum
1558 2520 1654 2582 cibum

369 2623 566 2697 cognoscitur,
590 2628 715 2683 testante
731 2623 895 2692 Timotheo,
919 2624 969 2700 qui
985 2641 1052 2681 curn
1069 2623 1146 2700 apud
1163 2621 1314 2683 Platonem
1330 2630 1474 2684 sonasset
1489 2623 1654 2702 aliquando,

368 2731 456 2802 atque
478 2726 502 2785 is
524 2742 577 2784 suo
601 2743 684 2785 more
708 2724 807 2786 eibuur
830 2726 1029 2804 apposuisset,
1053 2723 1090 2784 ad
1113 2742 1181 2784 suos
1203 2733 1270 2802 post
1290 2742 1450 2786 conversus
1471 2724 1578 2786 dixisse
1598 2728 1682 2786 ler··

333 2842 358 2880 :o
368 2835 416 2886 tur
440 2825 531 2896 ‘Quos
553 2845 635 2887 eoene
659 2828 808 2906 exceperit
830 2827 926 2896 Plato,
950 2827 978 2885 in
1001 2833 1152 2903 posterum
1175 2829 1262 2887 etiarn
1285 2825 1361 2886 berre
1384 2825 1512 2896 babent',
1535 2827 1592 2887 hoc
1614 2829 1657 2888 in

367 3075 417 3117 net
434 3072 483 3118 oon
501 3064 646 3129 mttorlltie
665 3065 704 3130 itt.
742 3064 809 3128 duo
828 3078 879 3118 men
898 3065 964 3117 sinet
980 3072 1006 3129 ns
1024 3064 1089 3129 [hon
1109 3064 1189 3129 [huet
1214 3064 1318 3129 luttere,
1342 3078 1390 3115 uer
1408 3063 1438 3127 ill
1457 3065 1512 3117 citt
1527 3067 1552 3117 ν’
1567 3072 1594 3128 bs
1613 3066 1652 3118 nit
1665 3071 1711 3120 §.t-

368 3150 441 3202 licite
459 3153 499 3203 ein
514 3152 561 3215 pit
580 3154 639 3213 lone
657 3151 718 3202 trini
737 3151 796 3212 soil,
813 3155 841 3203 oi
852 3151 884 3212 -lo
903 3153 961 3213 tene
977 3151 1024 3214 pis
1043 3151 1071 3212 io
1087 3156 1128 3201 ott
1146 3152 1232 3201 clenni
1250 3148 1385 3212 lhdhctirhi
1405 3146 1524 3212 hrdhhtit
1541 3150 1655 3226 beteihen,

365 3233 408 3298 nih
426 3236 457 3301 iit
476 3238 532 3297 oud
552 3236 609 3287 hein
626 3233 800 3298 neroniano,
824 3235 911 3295 lennes
934 3250 975 3288 ooo
998 3238 1087 3299 otiose}
1111 3234 1213 3298 hamelen
1234 3240 1261 3298 os
1277 3236 1315 3286 nit
1337 3238 1388 3290 otti
1411 3232 1577 3299 oondolltipi
1602 3243 1718 3300 ertatem

369 3321 416 3373 tait
435 3321 506 3383 lethi
525 3320 620 3384 atheo
637 3322 676 3372 nie
694 3320 845 3384 hroohhciti
870 3321 968 3385 attrito
991 3322 1063 3384 hohi,
1086 3328 1131 3372 oen
1155 3323 1193 3371 ote
1213 3318 1301 3381 delius
1320 3319 1425 3383 thatim,
1449 3317 1473 3381 [o
1497 3317 1655 3382 hot'gblhte-

333 3407 448 3468 rsoioes
465 3407 592 3469 sementim
610 3406 707 3467 obbaob
725 3405 840 3470 ushauhei
857 3413 899 3470 νη)
917 3406 980 3469 leber
996 3398 1026 3468 pi
1045 3405 1178 3468 oettreihi,
1197 3404 1249 3467 olle
1268 3406 1344 3457 rosim
1363 3420 1388 3456 ιτ
1405 3405 1452 3456 nait
1471 3407 1554 3469 uehi,
1572 3404 1656 3469 idere,

368 3487 480 3556 oinutlt
492 3497 543 3543 nero
559 3489 643 3542 liridi
663 3491 713 3554 [tio
734 3490 801 3553 htolt
820 3491 875 3542 τίν’
893 3481 923 3554 31⁰¹
941 3491 1026 3554 brion?
1042 3497 1069 3554 ν)
1088 3504 1112 3541 rt
1126 3491 1153 3541 in
1170 3493 1198 3542 oi
1217 3487 1286 3541 nithe
1306 3490 1365 3542 hum
1385 3487 1540 3553 meluitieh.
1577 3490 1725 3554 dulc-etr.
1778 3521 1787 3535 .

368 3575 426 3627 bins
445 3575 525 3639 [paint
541 3582 585 3629 noe
603 3574 698 3639 obtenti)
714 3576 763 3637 oie,
775 3575 911 3639 octembris
932 3582 973 3629 ose
997 3575 1058 3627 tribe
1082 3576 1160 3638 boholt
1184 3581 1232 3626 ono
1256 3572 1336 3638 hilde
1355 3582 1396 3626 ors
1417 3574 1532 3638 echios,
1556 3567 1603 3627 ool
1627 3575 1658 3640 ill

368 3662 425 3723 ouo
443 3658 535 3726 mellina
553 3657 617 3724 [pell
632 3666 673 3712 νττ
691 3659 782 3722 lteilhe
801 3662 839 3712 ein
858 3662 962 3725 nuntio
978 3667 1020 3724 oie
1037 3665 1065 3714 ni
1085 3660 1131 3712 teil
1149 3663 1188 3711 ets
1202 3657 1350 3723 hierotheus
1364 3659 1423 3724 lent,
1441 3665 1471 3711 oo
1489 3674 1513 3711 tr
1526 3661 1573 3712 nit
1586 3662 1660 3725 blato

366 3737 397 3810 31⁰1
415 3748 481 3809 nodet
500 3744 555 3810 uelli
574 3750 625 3808 het,
651 3751 700 3798 unt
718 3760 743 3802 tt
760 3746 816 3798 obst
839 3748 894 3811 nod)
920 3746 996 3813 [tinet
1018 3744 1132 3809 proiecit
1156 3741 1234 3809 melle
1253 3742 1297 3806 eh,
1324 3744 1374 3806 loni
1393 3758 1432 3807 et,
1455 3744 1660 3809 merulentus

437 3949 444 3982 ¹
464 3951 545 3999 Diod.
561 3951 615 4001 Sic.
630 3951 702 4000 Hist.
717 3951 738 4000 1.
752 3952 778 4000 8.
792 3954 820 4000 et
831 3949 872 4000 43.
926 3947 937 3980 ²
955 3947 1082 4016 Hesiod]
1098 3949 1167 4014 Opp.
1183 3953 1211 3997 cl
1229 3948 1254 3996 d.
1268 3945 1310 3996 40.
1325 3962 1382 4010 sqq.

605 4027 729 4101 Νὴπιοι·
751 4025 815 4087 οὐδ’
836 4034 931 4086 ἴσασιν
950 4072 1153 4086 ..........

606 4111 669 4171 Οὐδ
686 4110 753 4171 ὅσον
772 4113 803 4172 ἐν
820 4113 933 4188 μαλάχῃ
950 4115 980 4172 τὲ
999 4118 1048 4172 ναὶ
1066 4111 1217 4184 ἀσφοδέλῳ
1235 4108 1298 4182 μέγ’
1317 4106 1424 4179 ὄνειαρ,

605 4197 773 4270 Κρύψαντες
791 4198 845 4270 γὰρ
865 4201 960 4271 ἔχουσι
979 4203 1045 4256 θεοὶ
1064 4203 1129 4269 βίον
1146 4194 1335 4267 ἀνθρώποισι.

369 4292 380 4323 ³
400 4292 470 4341 Plat.
485 4291 518 4340 de
531 4291 588 4341 LL.
602 4291 652 4340 111.
666 4307 692 4355 p.
706 4289 764 4339 677.
785 4291 875 4352 (VIII.
889 4289 985 4355 p.·108.
1001 4291 1042 4341 ed.
1056 4289 1134 4354 Rip.)
1153 4287 1196 4337 Ol.
1209 4287 1351 4337 Plutarch.
1370 4291 1440 4352 sept.
1460 4289 1578 4353 sapient.
1600 4306 1661 4340 con·

368 4376 494 4427 viv.·157.
508 4377 567 4438 (VI.
582 4374 674 4447 phua.
690 4376 731 4425 ed.
746 4376 852 4439 Reisk.)
872 4381 900 4426 et
912 4377 953 4425 De
967 4376 1042 4425 lucie
1055 4376 1084 4424 in
1096 4374 1161 4423 orbe
1174 4373 1229 4421 lun.
1243 4389 1270 4437 p.
1278 4371 1336 4421 940.
1351 4373 1411 4434 (lx.
1426 4369 1484 4420 709.
1499 4373 1540 4423 ed.
1554 4374 1661 4437 Reisk.)

369 4462 478 4527 ⁵poane
498 4464 588 4511 3.δ.6.
643 4459 662 4493 ¹¹
682 4461 754 4510 Duxi
773 4462 831 4510 edd.
886 4458 906 4490 ¹³
926 4459 1009 4525 Cels]
1028 4461 1130 4510 Medic.
1143 4459 1195 4507 111.
1207 4458 1232 4506 4.
1251 4493 1294 4517 „..
1309 4457 1386 4506 lehre
1405 4472 1469 4506 vero
1488 4459 1549 4522 ipsa
1567 4462 1663 4524 praeoi·

369 4563 421 4610 pue
440 4563 470 4596 se
490 4547 525 4601 ad
544 4545 692 4595 remedium
717 4543 785 4609 [eius
803 4546 864 4593 add.
884 4543 957 4610 Aru]
982 4547 1023 4594 uti
1041 4545 1181 4611 professus
1200 4546 1242 4591 est
1261 4545 1304 4592 ...''
1375 4541 1452 4590 febre
1470 4545 1665 4596 om.8.10.sed

369 4631 455 4681 febris
478 4633 604 4680 dederont
626 4637 685 4679 ante
709 4631 757 4679 uti.
781 4636 889 4679 temere:
907 4631 941 4691 ef.
958 4630 1022 4679 Cels.
1094 4627 1115 4660 ¹⁸
1137 4624 1250 4691 Euseb]
1275 4642 1318 4691 op.
1338 4626 1413 4675 Stob.
1428 4626 1506 4676 llorll.
1519 4629 1606 4679 XVII.
1621 4631 1662 4680 4⁸2.

364 4707 532 4782 Ἕνννράτεια
550 4713 599 4767 καὶ
618 4708 725 4780 σώματι
743 4706 867 4779 ἀγαθόν.
888 4706 964 4779 Πρὸς
982 4707 1035 4780 peip
1054 4703 1166 4779 ὑγιείην
1184 4702 1261 4777 αὐτῷ
1279 4703 1469 4776 ξυμμάχεται,
1488 4709 1537 4764 nol
1556 4727 1663 4778 σωφρο-

370 4794 461 4867 σύνην
479 4794 512 4851 ἐν
528 4799 607 4867 ψυχῇ
624 4800 722 4851 τίκτει.
778 4799 799 4831 ¹⁶
817 4799 961 4848 Timotheo
980 4796 1039 4863 ete]
1052 4789 1159 4862 Ὥσπερ
1178 4789 1274 4863 ἀμέλει
1293 4787 1504 4860 sulmeriacus
1522 4793 1614 4849 εἰπεῖν
1632 4799 1667 4866 τῇ
1721 4809 1723 4812 ’

369 4885 526 4952 προτεραίᾳ
544 4877 754 4951 δεδειπνηκότα
774 4875 805 4935 ἓν
815 4876 969 4950 Ἀκαδημίᾳ
986 4876 1064 4947 παρὰ
1083 4875 1216 4934 Πλάτωνι
1234 4871 1372 4948 μουσικὸν
1383 4877 1432 4931 καὶ
1445 4874 1523 4933 λιτὸν
1535 4880 1664 4947 δεῖπνον,

367 4960 416 5031 Ὦς
434 4965 465 5022 ol
480 4963 559 5035 nolo&
578 4964 709 5022 Πλάτωνι
727 4961 934 5034 δειπνήσαντες
951 4966 1001 5020 sol
1015 4964 1056 5027 ele
1068 4957 1170 5032 αὔριον
1181 4959 1273 5034 ἡδέως
1290 4965 1428 5030 γίνονται.
1448 4966 1519 5015 Plut.
1534 4968 1568 5017 de
1581 4969 1664 5018 sunit.

369 5071 452 5122 proec.
466 5053 491 5103 o.
505 5055 565 5118 (127
579 5055 618 5119 a.)
638 5056 674 5105 el.
688 5055 792 5117 Quaest.
806 5055 912 5104 couviv.
927 5055 973 5104 VI.
987 5069 1100 5119 prooem.
1115 5052 1138 5102 1.
1151 5069 1177 5117 p.
1190 5050 1241 5102 686
1254 5068 1278 5102 o.
1330 5048 1352 5082 '⁰
1370 5049 1474 5116 gemo'htt
1492 5067 1518 5104 a.
