4300 6059
561 699 685 734 BVTTENI
704 699 734 733 nt
752 700 845 734 DVCEM
864 699 1142 734 wutriturnnunusnu
1161 700 1262 735 ORATIO
1282 701 1314 735 11.
1334 701 1446 737 lltnvltr.
1460 700 1486 736 A.
1503 694 1559 738 1517.
1655 671 1702 744 33

417 851 502 915 facile
516 855 714 932 suspicionem
729 853 923 915 descendisse.
956 853 1033 932 qnod
1051 852 1143 932 siquis
1162 855 1258 915 adlruc
1272 864 1408 934 repertus
1424 864 1514 926 esset,
1537 860 1587 936 qui
1604 875 1700 937 mqua-
1711 872 1772 922 tas.

416 953 455 1015 lia
471 956 709 1018 istiusamentiae
724 957 935 1025 commisisset,
959 956 1046 1035 (nego
1068 957 1146 1017 enim
1164 963 1315 1035 repertum
1338 958 1382 1018 rel
1403 961 1432 1018 in
1453 960 1488 1018 iis
1507 977 1632 1038 quorum
1650 963 1704 1020 im-

417 1075 519 1118 mensa
541 1057 595 1118 luit
617 1058 789 1128 crudelitas,
813 1059 863 1137 qui
882 1057 918 1119 ad
940 1077 1088 1119 summum
1110 1060 1295 1121 immanitatis
1317 1061 1441 1138 gradum
1458 1063 1702 1131 conscenderunt,
1790 1057 1794 1064 ’

416 1162 468 1236 qni
491 1161 520 1219 in
544 1179 613 1221 arce
635 1162 745 1223 luroris
766 1180 801 1221 ac
821 1159 994 1238 pestilentiae
1015 1161 1226 1242 praesederunt)
1243 1163 1335 1238 siquis
1350 1170 1445 1222 tamen
1462 1171 1702 1241 repertusesset,

389 1258 561 1339 aquensem
582 1265 612 1323 in
636 1282 671 1324 eo
692 1262 888 1324 describendo
909 1262 1074 1332 literarum,
1098 1271 1238 1341 quantum
1253 1283 1428 1342 magnorum
1443 1264 1624 1326 voluminum
1641 1268 1721 1328 edi»

416 1363 528 1424 dissent
550 1362 684 1442 praeclari
708 1365 867 1427 authores?
888 1367 1016 1443 quinon
1037 1365 1172 1435 annales,
1193 1384 1258 1445 quae
1278 1385 1336 1426 nen
1358 1366 1486 1427 historiae
1506 1368 1541 1427 ad
1564 1386 1701 1446 quecun-

416 1483 476 1544 que
505 1464 581 1526 mala
612 1462 790 1528 'eiuscemodi
816 1467 945 1528 huminis
974 1469 1284 1528 commemorationem
1310 1467 1485 1544 llerissent‘l
1513 1469 1610 1539 Quare
1640 1478 1770 1533 nenton.

415 1585 524 1629 recuso
547 1570 585 1628 ita
608 1569 704 1628 audiri
729 1588 744 1628 a
768 1569 866 1638 nobie,
889 1579 921 1630 ut
940 1571 965 1629 si
990 1571 1127 1648 cuiqnam
1150 1571 1204 1631 iste
1226 1573 1373 1649 pepercit,
1396 1579 1446 1632 aut
1464 1565 1489 1632 si
1509 1572 1585 1651 quod
1608 1573 1704 1634 scelus
1724 1579 1733 1598 ³

417 1676 463 1730 est
492 1671 570 1748 qnod
593 1678 721 1731 autnon
743 1671 873 1750 suscepit
898 1679 947 1731 aut
965 1689 1035 1730 -non
1063 1671 1219 1750 aliquando
1247 1674 1401 1734 meditatus
1428 1675 1558 1744 ridetur,
1591 1675 1662 1734 nihil
1687 1695 1701 1735 a

383 1772 502 1833 tombis
522 1775 693 1851 impetrem,
716 1775 815 1832 omnia
837 1773 946 1834 trustra
968 1780 1090 1834 conatus
1113 1775 1177 1833 sim.
1216 1791 1311 1853 neque
1335 1795 1368 1836 ea
1390 1783 1458 1836 sunt
1479 1779 1563 1837 istius
1582 1777 1702 1847 scelera,

347 1903 356 1921 .
416 1883 451 1934 ut
472 1873 542 1935 dum
564 1893 655 1935 unum
679 1875 759 1942 dico,
782 1875 817 1935 de
838 1875 960 1952 reliquis
975 1877 1174 1935 coniecturam
1189 1894 1240 1936 rus
1256 1877 1354 1938 lacere
1370 1877 1499 1939 iubeam:
1523 1881 1703 1958 omniaque

347 1997 349 2000 ·
377 1985 381 1995 “
416 1977 448 2035 in
471 1977 670 2054 suspicionem
690 1975 809 2036 humani
832 1996 936 2038 sensus
958 1977 1057 2038 uenire
1080 1986 1217 2054 possunt,
1242 1980 1295 2038 istc
1318 1977 1474 2057 aliquando
1498 1988 1547 2041 aut
1568 1980 1636 2042 iecit
1654 1990 1703 2041 aut

416 2085 542 2138 conatus
562 2084 615 2139 est.
660 2078 757 2150 Quare
778 2079 851 2140 nilril
874 2081 1025 2146 conficite:
1050 2078 1160 2139 nullam
1176 2081 1368 2158 suspitionem
1386 2080 1507 2150 tralrlte;
1532 2086 1629 2143 omnia
1647 2083 1771 2144 (lu-teo.

415 2179 466 2240 bia
489 2182 651 2259 preterire:
681 2199 749 2241 uera
772 2189 855 2249 sunt,
885 2180 1055 2249 manilesta,
1084 2182 1115 2239 in
1138 2180 1231 2242 oculis
1259 2201 1293 2242 ac
1321 2182 1441 2243 auribus
1463 2186 1595 2245 omnium
1617 2204 1703 2265 repo·

384 2284 474 2342 usna
497 2300 562 2360 quae
585 2300 707 2344 accuso:
730 2302 763 2344 ea
787 2285 817 2342 in
839 2267 979 2342 iudicium
1002 2284 1117 2361 ponite;
1147 2283 1191 2343 bis
1214 2283 1398 2344 lineamentis
1421 2284 1570 2347 hominem
1594 2287 1703 2348 descri-

415 2371 494 2445 bite:
517 2402 685 2464 quanquam
706 2385 819 2463 qum'in
841 2383 905 2445 aliis
919 2386 1049 2463 peccarit
1063 2384 1098 2444 ad
1120 2403 1166 2445 me
1186 2383 1257 2444 nibil
1274 2388 1437 2463 pertinent,
1461 2389 1592 2467 quaedam
1609 2388 1703 2449 obiter

416 2494 702 2555 commemorantur,
726 2496 758 2546 ut
782 2505 865 2548 casus
888 2486 993 2563 aliquis
1015 2488 1165 2546 memoriae
1187 2490 1419 2564 suggessit,·.sic
1443 2495 1540 2550 tamen
1563 2498 1595 2550 ut
1623 2509 1702 2550 com-

416 2595 636 2657 memorentur,
658 2606 717 2647 non
738 2596 769 2648 nt
788 2590 981 2649 accusationis
1005 2606 1077 2648 meae
1099 2594 1269 2664 argumenta
1298 2591 1364 2649 sint.
1407 2590 1463 2650 hoc
1484 2592 1626 2652 eiusmodi
1648 2601 1699 2661 cst,
1712 2598 1770 2648 §.st

416 2690 623 2768 quotiesdico
644 2709 711 2752 eum
734 2710 782 2760 me
804 2708 888 2750 reum
911 2690 1074 2754 adducere.
1104 2690 1140 2750 de
1169 2708 1228 2767 qno
1251 2691 1489 2769 profligatissimo
1518 2696 1614 2753 omma
1635 2714 1689 2773 pro

380 2792 478 2851 aedita
502 2800 585 2861 sunt,
619 2795 670 2869 qui
698 2793 770 2859 cleos
798 2803 883 2871 atque
911 2791 1046 2852 homiues
1079 2794 1269 2871 contempsit,
1303 2796 1352 2871 qui
1380 2797 1472 2854 saeris
1496 2814 1614 2855 inanum
1643 2815 1702 2856 nnn

416 2893 573 2964 abstinuit,
603 2897 762 2955 amicitiam
784 2894 927 2974 prodidit,
953 2878 1040 2954 iidem
1063 2913 1122 2954 non
1147 2898 1251 2965 tenuit,
1279 2897 1328 2973 qui
1349 2896 1483 2964 andacia,
1513 2899 1555 2965 ri,
1588 2901 1701 2976 rapina,

416 2995 589 3057 erudelitate
615 3016 649 3057 ac
678 2999 784 3061 saevitia
808 2997 970 3059 Succorum
999 3003 1107 3057 terram
1135 2996 1213 3057 velut
1240 2996 1357 3056 horrida
1386 2997 1517 3073 qnaedam
1546 3005 1703 3076 tempestas

417 3105 592 3176 pervagatus
615 3105 673 3166 est,
697 3101 748 3177 qul
769 3101 856 3159 toties
878 3101 1065 3159 innocentem
1088 3099 1259 3176 sangninem
1282 3099 1369 3166 ludit,
1396 3092 1655 3175 qui'tantum‘sibi
1673 3103 1702 3161 in

416 3201 583 3262 Germanos
604 3207 744 3278 quantum
765 3201 794 3260 in
818 3209 934 3261 exteros
956 3219 1041 3260 neruo
1064 3199 1154 3260 licere
1177 3199 1282 3270 voluit,
1316 3202 1366 3279 qui
1386 3200 1528 3260 seditione
1552 3219 1586 3261 ae
1608 3203 1703 3263 turbis

383 3303 608 3363 esGermaniam
630 3305 799 3369 commosin
830 3305 880 3380 qni
906 3284 987 3363 suam
1011 3304 1166 3377 coniugem
1196 3302 1431 3362 honestissimam
1452 3302 1599 3362 seminam
1623 3305 1703 3363 omni

415 3406 574 3483 asperitate
589 3423 623 3464 ac
638 3404 746 3465 duritie
762 3404 900 3473 habitam,
920 3406 999 3464 ornni
1016 3402 1194 3464 contumelia
1211 3403 1372 3463 discretam
1392 3405 1538 3464 ementitis
1553 3413 1702 3482 postremo

417 3504 593 3566 criminibus
618 3507 760 3567 inlamare
785 3524 818 3566 ac
846 3512 941 3565 morte
967 3507 1115 3583 perimere
1144 3521 1299 3582 aggressus
1329 3512 1387 3573 est,
1415 3503 1524 3565 nullam
1553 3505 1638 3566 aliam
1663 3507 1700 3566 ob

416 3606 550 3686 culpam,
578 3626 665 3687 quam
689 3609 760 3687 quia.
779 3607 865 3668 talem
894 3608 1042 3685 cognovit,
1071 3613 1101 3666 et
1129 3608 1196 3685 quia
1224 3608 1254 3666 in
1277 3624 1372 3670 suam,
1388 3606 1596 3683 turpitudinem
1618 3626 1701 3667 suos·

417 3727 475 3787 que
499 3727 599 3770 mores
621 3711 858 3788 perversissimas
880 3709 1035 3769 traducere
1056 3727 1117 3768 non
1138 3708 1247 3786 potuit,
1271 3709 1469 3786 quoniamque
1490 3707 1573 3767 tortis
1596 3708 1701 3769 mulier

383 3813 520 3899 aonecari
546 3811 649 3871 maluit
670 3829 757 3891 quam
780 3830 813 3871 ea
834 3812 866 3870 in
889 3828 920 3871 se
941 3810 1025 3870 lateri
1048 3828 1174 3887 quorum
1190 3809 1245 3870 sibi
1263 3811 1380 3871 conseia
1396 3828 1455 3869 uon
1472 3817 1556 3871 esset.
1590 3810 1700 3869 lterum
1711 3819 1768 3868 §.ot

417 3932 464 3973 me
486 3915 644 3975 contineo:
668 3931 732 3991 qma
754 3912 841 3972 buius
864 3918 908 3972 est
930 3910 1068 3980 felicitas,
1100 3912 1177 3990 quod
1201 3929 1234 3972 ea
1258 3913 1403 3972 commisit
1425 3929 1489 3991 quae
1511 3911 1567 3971 nisi
1589 3910 1625 3970 ab
1649 3912 1701 3971 im·

416 4015 526 4093 pudico
549 4014 639 4074 obiici
662 4033 720 4074 non
742 4019 870 4083 metuat,
893 4018 995 4073 contra
1017 4012 1063 4073 dci
1085 4014 1187 4092 optimi
1210 4014 1327 4073 nranimi
1355 4013 1537 4091 benignitas,
1566 4012 1644 4091 quod
1668 4032 1701 4072 ca

417 4134 537 4196 qunque
564 4134 630 4195 qum
657 4133 714 4176 non
738 4116 889 4182 dicuntur,
920 4123 987 4175 nota
1009 4122 1107 4175 tamen
1137 4121 1220 4182 sunt;
1248 4131 1303 4174 nec
1325 4117 1382 4174 ianr
1410 4116 1563 4194 qnisquam
1587 4115 1702 4192 estqui

417 4220 536 4295 ignoret
558 4226 586 4278 ct
607 4217 754 4297 quomodo
776 4217 852 4277 lrane
874 4219 930 4277 iste
951 4215 1101 4287 babuerit,
1132 4224 1161 4277 et
1188 4215 1251 4275 lraee
1272 4217 1359 4276 istum
1389 4216 1636 4293 quemadmodum
1657 4217 1700 4276 lu·

383 4321 504 4397 ugerii.
548 4318 589 4380 De
612 4338 669 4399 qua
692 4338 726 4379 re
749 4317 874 4379 libenter
896 4319 977 4389 dico,
1001 4321 1067 4398 quia
1094 4324 1123 4379 et
1144 4336 1177 4377 ea
1199 4326 1243 4377 est
1265 4316 1465 4377 illustrissime
1488 4316 1619 4378 mulieris
1642 4316 1768 4378 ior-§.cs
1820 4364 1822 4369 .

418 4428 504 4489 tuna,
539 4423 848 4499 quaemiscraticnem
873 4420 958 4482 lacile
986 4428 1117 4488 mereat,
1152 4428 1180 4480 et
1208 4421 1245 4478 ita
1274 4419 1336 4477 eius
1361 4417 1509 4479 calamitas
1536 4419 1643 4478 nostris
1670 4437 1702 4479 se

418 4521 536 4582 casibus
558 4521 701 4592 adiunxit,
723 4529 755 4582 ut
772 4540 827 4600 pro
843 4523 992 4583 communi
1011 4521 1114 4583 haberi
1134 4527 1297 4587 mereatur;
1321 4538 1379 4598 quo
1398 4519 1467 4579 illud
1484 4539 1600 4598 quoque
1619 4539 1702 4580 anee-

419 4624 476 4693 dit,
497 4623 577 4702 quod
597 4642 746 4704 nunquam
768 4627 799 4684 in
821 4625 908 4686 buius
930 4625 1107 4684 mentionem
1126 4622 1240 4689 incido,
1266 4623 1335 4699 quin
1350 4641 1401 4681 ros
1419 4621 1606 4683 vehementer
1623 4641 1701 4681 com·
1760 4698 1762 4703 Ι

418 4726 532 4787 moveri
553 4726 692 4795 sentiam;
716 4726 785 4804 quid
807 4726 934 4785 mirum?
956 4725 985 4784 in
1005 4732 1113 4784 tantam
1133 4724 1303 4791 fortunam,
1318 4722 1405 4783 talem
1425 4726 1622 4783 innocentiam
1640 4731 1701 4783 tur·

387 4829 483 4904 upia,
505 4826 597 4895 teda,
621 4829 729 4888 atrocia
748 4847 781 4887 ae
797 4827 859 4887 dira
879 4828 975 4885 omnia
993 4826 1149 4894 recidisse,
1172 4844 1219 4887 me
1237 4825 1354 4903 quidem
1374 4833 1454 4884 extra
1470 4844 1563 4885 meam
1585 4844 1700 4885 causam

419 4929 620 5012 vehementius
643 4927 713 4988 nilril
734 4936 843 4996 movet,
872 4937 901 4988 et
923 4930 990 5006 quia
1011 4929 1136 4987 nraxima
1158 4933 1226 4988 sunt
1253 4944 1317 5003 quae
1340 4925 1404 4985 tulit
1425 4929 1547 4989 misera,
1582 4934 1609 4984 et
1634 4929 1699 5004 quia

420 5033 482 5093 eius
500 5032 606 5090 virtute
622 5029 836 5108 indignissima:
854 5047 920 5089 cum
938 5028 1073 5089 inn'ctam
1090 5029 1168 5088 enim
1184 5028 1264 5088 istius
1279 5026 1432 5096 malitiam,
1455 5044 1600 5088 summam
1617 5045 1699 5106 aspe·
1710 5037 1769 5089 toa.
1848 5032 1852 5041 ·

479 5131 613 5184 Hvrraux
631 5129 699 5181 Ore.
718 5145 781 5181 voa.
800 5129 832 5180 V.
1370 5131 1373 5135 ’
1463 5127 1482 5188 3
