<?xml version="1.0" encoding="UTF-8"?>
<!DOCTYPE html PUBLIC "-//W3C//DTD XHTML 1.0 Transitional//EN"
    "http://www.w3.org/TR/xhtml1/DTD/xhtml1-transitional.dtd">
<html xmlns="http://www.w3.org/1999/xhtml" xml:lang="en" lang="en">
 <head>
  <title>
</title>
<meta http-equiv="Content-Type" content="text/html;charset=utf-8" />
  <meta name='ocr-system' content='tesseract 3.04.00' />
  <meta name='ocr-capabilities' content='ocr_page ocr_carea ocr_par ocr_line ocrx_word'/>
</head>
<body>
  <div class='ocr_page' id='page_1' title='image "./ulrichihuttenie01huttgoog/ulrichihuttenie01huttgoog_0512.png"; bbox 0 0 4300 6059; ppageno 0'>
   <div class='ocr_carea' id='block_1_1' title="bbox 382 703 1459 775">
    <p class='ocr_par' dir='ltr' id='par_1_1' title="bbox 382 703 1459 775">
     <span class='ocr_line' id='line_1_1' title="bbox 382 703 1459 775; baseline -0.001 -8"><span class='ocrx_word' id='word_1_1' title='bbox 382 703 454 775; x_wconf 77' lang='grc'><strong>502</strong></span> <span class='ocrx_word' id='word_1_2' title='bbox 578 731 705 769; x_wconf 74' lang='lat' dir='ltr'><strong>stuvenu</strong></span> <span class='ocrx_word' id='word_1_3' title='bbox 720 731 825 767; x_wconf 72' lang='lat' dir='ltr'><strong>riom</strong></span> <span class='ocrx_word' id='word_1_4' title='bbox 839 732 954 767; x_wconf 65' lang='lat' dir='ltr'><strong>BBLEC&#39;PI</strong></span> <span class='ocrx_word' id='word_1_5' title='bbox 969 732 1021 767; x_wconf 66' lang='lat' dir='ltr'><strong>PER</strong></span> <span class='ocrx_word' id='word_1_6' title='bbox 1034 732 1195 770; x_wconf 71' lang='grc' dir='ltr'><strong>ΗΨΠῚΙΥΙ.</strong></span> <span class='ocrx_word' id='word_1_7' title='bbox 1214 733 1250 768; x_wconf 81' lang='lat' dir='ltr'>u</span> <span class='ocrx_word' id='word_1_8' title='bbox 1263 731 1459 767; x_wconf 75' lang='lat' dir='ltr'><strong>ontrromvs.</strong></span> 
     </span>
    </p>
   </div>
   <div class='ocr_carea' id='block_1_2' title="bbox 771 907 1283 1117">
    <p class='ocr_par' dir='ltr' id='par_1_2' title="bbox 771 907 1283 1117">
     <span class='ocr_line' id='line_1_2' title="bbox 771 907 1283 965; baseline 0 -2"><span class='ocrx_word' id='word_1_9' title='bbox 771 907 813 963; x_wconf 78' lang='lat' dir='ltr'><strong>ux</strong></span> <span class='ocrx_word' id='word_1_10' title='bbox 835 907 1000 964; x_wconf 83' lang='lat' dir='ltr'><strong>ORATlONE</strong></span> <span class='ocrx_word' id='word_1_11' title='bbox 1022 908 1126 965; x_wconf 74' lang='lat' dir='ltr'><strong>tuctu}</strong></span> <span class='ocrx_word' id='word_1_12' title='bbox 1149 908 1191 963; x_wconf 85' lang='lat' dir='ltr'><strong>All</strong></span> <span class='ocrx_word' id='word_1_13' title='bbox 1212 909 1283 965; x_wconf 84' lang='lat' dir='ltr'><strong>POP.</strong></span> 
     </span>
     <span class='ocr_line' id='line_1_3' title="bbox 840 988 1209 1040; baseline 0.005 -2"><span class='ocrx_word' id='word_1_14' title='bbox 840 989 889 1038; x_wconf 84' lang='lat' dir='ltr'><strong>EX</strong></span> <span class='ocrx_word' id='word_1_15' title='bbox 908 988 1072 1040; x_wconf 76' lang='lat' dir='ltr'><strong>Snuvsun</strong></span> <span class='ocrx_word' id='word_1_16' title='bbox 1091 989 1209 1040; x_wconf 84' lang='lat' dir='ltr'><strong>HISTO.</strong></span> 
     </span>
     <span class='ocr_line' id='line_1_4' title="bbox 941 1059 1114 1117; baseline 0 -1"><span class='ocrx_word' id='word_1_17' title='bbox 941 1059 1114 1117; x_wconf 85' lang='lat' dir='ltr'><strong>Intestabilis.</strong></span> 
     </span>
    </p>
   </div>
   <div class='ocr_carea' id='block_1_3' title="bbox 381 1145 1691 1918">
    <p class='ocr_par' dir='ltr' id='par_1_3' title="bbox 381 1145 1691 1918">
     <span class='ocr_line' id='line_1_5' title="bbox 466 1145 1669 1222; baseline -0.001 -20"><span class='ocrx_word' id='word_1_18' title='bbox 466 1145 557 1219; x_wconf 80' lang='lat' dir='ltr'>Neque</span> <span class='ocrx_word' id='word_1_19' title='bbox 581 1164 609 1201; x_wconf 90' lang='lat' dir='ltr'><strong>sc</strong></span> <span class='ocrx_word' id='word_1_20' title='bbox 632 1146 711 1201; x_wconf 87' lang='lat' dir='ltr'><strong>aliter</strong></span> <span class='ocrx_word' id='word_1_21' title='bbox 735 1154 821 1201; x_wconf 87' lang='lat' dir='ltr'><strong>tutum</strong></span> <span class='ocrx_word' id='word_1_22' title='bbox 844 1153 936 1220; x_wconf 91' lang='lat' dir='ltr'><strong>putet,</strong></span> <span class='ocrx_word' id='word_1_23' title='bbox 965 1164 1044 1219; x_wconf 85' lang='lat' dir='ltr'><strong>quarn</strong></span> <span class='ocrx_word' id='word_1_24' title='bbox 1067 1147 1089 1201; x_wconf 92' lang='lat' dir='ltr'><strong>si</strong></span> <span class='ocrx_word' id='word_1_25' title='bbox 1114 1149 1192 1220; x_wconf 85' lang='lat' dir='ltr'><strong>peior</strong></span> <span class='ocrx_word' id='word_1_26' title='bbox 1220 1155 1301 1222; x_wconf 89' lang='lat' dir='ltr'><strong>atque</strong></span> <span class='ocrx_word' id='word_1_27' title='bbox 1325 1145 1508 1202; x_wconf 76' lang='lat' dir='ltr'><strong>intestabilior</strong></span> <span class='ocrx_word' id='word_1_28' title='bbox 1530 1153 1603 1202; x_wconf 87' lang='lat' dir='ltr'><strong>metu</strong></span> <span class='ocrx_word' id='word_1_29' title='bbox 1625 1162 1669 1201; x_wconf 83' lang='lat' dir='ltr'><strong>ve·</strong></span> 
     </span>
     <span class='ocr_line' id='line_1_6' title="bbox 381 1231 1691 1288; baseline -0.005 -1"><span class='ocrx_word' id='word_1_30' title='bbox 381 1240 439 1288; x_wconf 90' lang='lat' dir='ltr'><strong>stro</strong></span> <span class='ocrx_word' id='word_1_31' title='bbox 463 1231 553 1287; x_wconf 89' lang='lat' dir='ltr'><strong>luerit.</strong></span> <span class='ocrx_word' id='word_1_32' title='bbox 1677 1244 1691 1280; x_wconf 78' lang='lat' dir='ltr'><strong>s</strong></span> 
     </span>
     <span class='ocr_line' id='line_1_7' title="bbox 901 1316 1144 1390; baseline 0 -20"><span class='ocrx_word' id='word_1_33' title='bbox 901 1316 993 1372; x_wconf 85' lang='lat' dir='ltr'><strong>&#39;lutari</strong></span> <span class='ocrx_word' id='word_1_34' title='bbox 1016 1317 1144 1390; x_wconf 89' lang='lat' dir='ltr'><strong>pericula.</strong></span> 
     </span>
     <span class='ocr_line' id='line_1_8' title="bbox 467 1401 1616 1475; baseline -0.002 -18"><span class='ocrx_word' id='word_1_35' title='bbox 467 1402 494 1457; x_wconf 88' lang='lat' dir='ltr'><strong>Si</strong></span> <span class='ocrx_word' id='word_1_36' title='bbox 518 1402 706 1475; x_wconf 86' lang='lat' dir='ltr'><strong>provideritis,</strong></span> <span class='ocrx_word' id='word_1_37' title='bbox 731 1401 756 1455; x_wconf 92' lang='lat' dir='ltr'><strong>in</strong></span> <span class='ocrx_word' id='word_1_38' title='bbox 782 1401 900 1456; x_wconf 76' lang='lat' dir='ltr'><strong>tutandis</strong></span> <span class='ocrx_word' id='word_1_39' title='bbox 922 1401 1050 1474; x_wconf 85' lang='lat' dir='ltr'><strong>periculis</strong></span> <span class='ocrx_word' id='word_1_40' title='bbox 1073 1403 1158 1475; x_wconf 80' lang='lat' dir='ltr'><strong>magis</strong></span> <span class='ocrx_word' id='word_1_41' title='bbox 1182 1420 1262 1475; x_wconf 86' lang='lat' dir='ltr'><strong>quam</strong></span> <span class='ocrx_word' id='word_1_42' title='bbox 1286 1401 1440 1459; x_wconf 82' lang='lat' dir='ltr'><strong>ulciscendo</strong></span> <span class='ocrx_word' id='word_1_43' title='bbox 1463 1402 1616 1458; x_wconf 88' lang='lat' dir='ltr'><strong>teneamini.</strong></span> 
     </span>
     <span class='ocr_line' id='line_1_9' title="bbox 724 1513 1325 1571; baseline 0.007 -6"><span class='ocrx_word' id='word_1_44' title='bbox 724 1517 772 1565; x_wconf 85' lang='lat' dir='ltr'><strong>EX</strong></span> <span class='ocrx_word' id='word_1_45' title='bbox 791 1513 978 1567; x_wconf 78' lang='lat' dir='ltr'><strong>ORATIONE</strong></span> <span class='ocrx_word' id='word_1_46' title='bbox 997 1517 1161 1568; x_wconf 87' lang='lat' dir='ltr'><strong>PHILIPPI</strong></span> <span class='ocrx_word' id='word_1_47' title='bbox 1180 1517 1325 1571; x_wconf 80' lang='lat' dir='ltr'><strong>SALVST.</strong></span> 
     </span>
     <span class='ocr_line' id='line_1_10' title="bbox 938 1588 1110 1645; baseline 0 -1"><span class='ocrx_word' id='word_1_48' title='bbox 938 1588 1018 1645; x_wconf 77' lang='lat' dir='ltr'><strong>Noxae</strong></span> <span class='ocrx_word' id='word_1_49' title='bbox 1040 1607 1110 1645; x_wconf 87' lang='lat' dir='ltr'><strong>esse.</strong></span> 
     </span>
     <span class='ocr_line' id='line_1_11' title="bbox 467 1672 1105 1730; baseline -0.002 -1"><span class='ocrx_word' id='word_1_50' title='bbox 467 1674 548 1729; x_wconf 90' lang='lat' dir='ltr'><strong>Prava</strong></span> <span class='ocrx_word' id='word_1_51' title='bbox 571 1672 685 1729; x_wconf 90' lang='lat' dir='ltr'><strong>consilia</strong></span> <span class='ocrx_word' id='word_1_52' title='bbox 707 1672 912 1730; x_wconf 83' lang='lat' dir='ltr'><strong>consultoribus</strong></span> <span class='ocrx_word' id='word_1_53' title='bbox 935 1691 1012 1730; x_wconf 71' lang='lat' dir='ltr'><strong>nonae</strong></span> <span class='ocrx_word' id='word_1_54' title='bbox 1035 1692 1105 1730; x_wconf 88' lang='lat' dir='ltr'><strong>esse.</strong></span> 
     </span>
     <span class='ocr_line' id='line_1_12' title="bbox 944 1759 1109 1816; baseline -0.006 -2"><span class='ocrx_word' id='word_1_55' title='bbox 944 1759 1109 1816; x_wconf 80' lang='lat' dir='ltr'><strong>Postremus.</strong></span> 
     </span>
     <span class='ocr_line' id='line_1_13' title="bbox 469 1842 1231 1918; baseline 0.004 -20"><span class='ocrx_word' id='word_1_56' title='bbox 469 1843 500 1898; x_wconf 86' lang='lat' dir='ltr'><strong>ll.</strong></span> <span class='ocrx_word' id='word_1_57' title='bbox 525 1844 663 1917; x_wconf 82' lang='lat' dir='ltr'><strong>Aemylius</strong></span> <span class='ocrx_word' id='word_1_58' title='bbox 687 1846 807 1899; x_wconf 89' lang='lat' dir='ltr'><strong>omnium</strong></span> <span class='ocrx_word' id='word_1_59' title='bbox 830 1842 1027 1916; x_wconf 78' lang='lat' dir='ltr'><strong>llagitiusorum</strong></span> <span class='ocrx_word' id='word_1_60' title='bbox 1052 1852 1231 1918; x_wconf 76' lang='lat' dir='ltr'><strong>postremus</strong></span> 
     </span>
    </p>
   </div>
   <div class='ocr_carea' id='block_1_4' title="bbox 386 1957 1706 2444">
    <p class='ocr_par' dir='ltr' id='par_1_4' title="bbox 386 1957 1706 2444">
     <span class='ocr_line' id='line_1_14' title="bbox 704 1957 1352 2009; baseline 0.003 -3"><span class='ocrx_word' id='word_1_61' title='bbox 704 1958 751 2006; x_wconf 81' lang='lat' dir='ltr'><strong>EX</strong></span> <span class='ocrx_word' id='word_1_62' title='bbox 771 1957 957 2007; x_wconf 83' lang='lat' dir='ltr'><strong>ORATIONE</strong></span> <span class='ocrx_word' id='word_1_63' title='bbox 977 1957 1008 2006; x_wconf 86' lang='lat' dir='ltr'><strong>C.</strong></span> <span class='ocrx_word' id='word_1_64' title='bbox 1028 1957 1160 2008; x_wconf 82' lang='lat' dir='ltr'>COTTAE</span> <span class='ocrx_word' id='word_1_65' title='bbox 1179 1959 1352 2009; x_wconf 79' lang='lat' dir='ltr'><strong>SALVSTII.</strong></span> 
     </span>
     <span class='ocr_line' id='line_1_15' title="bbox 933 2030 1131 2103; baseline 0 -19"><span class='ocrx_word' id='word_1_66' title='bbox 933 2030 999 2086; x_wconf 83' lang='lat' dir='ltr'><strong>Aliae</strong></span> <span class='ocrx_word' id='word_1_67' title='bbox 1023 2031 1131 2103; x_wconf 88' lang='lat' dir='ltr'><strong>partim.</strong></span> 
     </span>
     <span class='ocr_line' id='line_1_16' title="bbox 468 2114 1706 2189; baseline 0.001 -18"><span class='ocrx_word' id='word_1_68' title='bbox 468 2114 587 2182; x_wconf 82' lang='lat' dir='ltr'><strong>Quorum</strong></span> <span class='ocrx_word' id='word_1_69' title='bbox 611 2115 661 2170; x_wconf 86' lang='lat' dir='ltr'><strong>alia</strong></span> <span class='ocrx_word' id='word_1_70' title='bbox 686 2115 813 2176; x_wconf 73' lang='lat' dir='ltr'><strong>toleravi,</strong></span> <span class='ocrx_word' id='word_1_71' title='bbox 836 2117 934 2188; x_wconf 88' lang='lat' dir='ltr'><strong>partim</strong></span> <span class='ocrx_word' id='word_1_72' title='bbox 957 2114 1045 2189; x_wconf 88' lang='lat' dir='ltr'><strong>repuli</strong></span> <span class='ocrx_word' id='word_1_73' title='bbox 1068 2117 1183 2172; x_wconf 82' lang='lat' dir='ltr'><strong>Deorum</strong></span> <span class='ocrx_word' id='word_1_74' title='bbox 1206 2116 1328 2178; x_wconf 75' lang='lat' dir='ltr'><strong>auxiliis,</strong></span> <span class='ocrx_word' id='word_1_75' title='bbox 1352 2125 1380 2172; x_wconf 93' lang='lat' dir='ltr'><strong>et</strong></span> <span class='ocrx_word' id='word_1_76' title='bbox 1402 2118 1501 2173; x_wconf 83' lang='lat' dir='ltr'><strong>virtute</strong></span> <span class='ocrx_word' id='word_1_77' title='bbox 1524 2135 1591 2174; x_wconf 89' lang='lat' dir='ltr'><strong>mea.</strong></span> <span class='ocrx_word' id='word_1_78' title='bbox 1683 2128 1706 2166; x_wconf 80' lang='lat'><strong>¹⁵</strong></span> 
     </span>
     <span class='ocr_line' id='line_1_17' title="bbox 936 2199 1119 2273; baseline 0.005 -20"><span class='ocrx_word' id='word_1_79' title='bbox 936 2199 978 2254; x_wconf 86' lang='lat' dir='ltr'><strong>Bis</strong></span> <span class='ocrx_word' id='word_1_80' title='bbox 1001 2200 1119 2273; x_wconf 81' lang='lat' dir='ltr'><strong>genitus.</strong></span> 
     </span>
     <span class='ocr_line' id='line_1_18' title="bbox 469 2284 1671 2362; baseline 0.002 -21"><span class='ocrx_word' id='word_1_81' title='bbox 469 2284 533 2341; x_wconf 90' lang='lat' dir='ltr'><strong>Nam</strong></span> <span class='ocrx_word' id='word_1_82' title='bbox 557 2286 578 2340; x_wconf 89' lang='lat' dir='ltr'><strong>si</strong></span> <span class='ocrx_word' id='word_1_83' title='bbox 603 2284 734 2340; x_wconf 81' lang='lat' dir='ltr'><strong>Parricida</strong></span> <span class='ocrx_word' id='word_1_84' title='bbox 761 2286 842 2339; x_wconf 79' lang='lat' dir='ltr'><strong>uestri</strong></span> <span class='ocrx_word' id='word_1_85' title='bbox 865 2303 940 2347; x_wconf 82' lang='lat' dir='ltr'><strong>suni,</strong></span> <span class='ocrx_word' id='word_1_86' title='bbox 963 2292 991 2339; x_wconf 91' lang='lat' dir='ltr'><strong>et</strong></span> <span class='ocrx_word' id='word_1_87' title='bbox 1014 2284 1054 2339; x_wconf 91' lang='lat' dir='ltr'><strong>bis</strong></span> <span class='ocrx_word' id='word_1_88' title='bbox 1078 2286 1187 2358; x_wconf 74' lang='lat' dir='ltr'><strong>genitus</strong></span> <span class='ocrx_word' id='word_1_89' title='bbox 1210 2287 1266 2348; x_wconf 83' lang='lat' dir='ltr'><strong>liic,</strong></span> <span class='ocrx_word' id='word_1_90' title='bbox 1290 2286 1356 2342; x_wconf 86' lang='lat' dir='ltr'><strong>beos</strong></span> <span class='ocrx_word' id='word_1_91' title='bbox 1379 2287 1492 2342; x_wconf 80' lang='lat' dir='ltr'><strong>Penates</strong></span> <span class='ocrx_word' id='word_1_92' title='bbox 1517 2305 1600 2353; x_wconf 87' lang='lat' dir='ltr'><strong>meos,</strong></span> <span class='ocrx_word' id='word_1_93' title='bbox 1624 2306 1671 2362; x_wconf 80' lang='lat' dir='ltr'><strong>pa·</strong></span> 
     </span>
     <span class='ocr_line' id='line_1_19' title="bbox 386 2367 1160 2444; baseline 0 -18"><span class='ocrx_word' id='word_1_94' title='bbox 386 2373 519 2444; x_wconf 86' lang='lat' dir='ltr'><strong>triamque</strong></span> <span class='ocrx_word' id='word_1_95' title='bbox 543 2379 570 2425; x_wconf 87' lang='lat' dir='ltr'><strong>et</strong></span> <span class='ocrx_word' id='word_1_96' title='bbox 593 2387 726 2424; x_wconf 89' lang='lat' dir='ltr'><strong>summum</strong></span> <span class='ocrx_word' id='word_1_97' title='bbox 751 2370 892 2443; x_wconf 87' lang='lat' dir='ltr'><strong>imperium</strong></span> <span class='ocrx_word' id='word_1_98' title='bbox 916 2369 977 2424; x_wconf 83' lang='lat' dir='ltr'><strong>vilia</strong></span> <span class='ocrx_word' id='word_1_99' title='bbox 1000 2369 1087 2425; x_wconf 87' lang='lat' dir='ltr'><strong>habeo</strong></span> <span class='ocrx_word' id='word_1_100' title='bbox 1111 2367 1160 2426; x_wconf 77' lang='lat' dir='ltr'><strong>dic.</strong></span> 
     </span>
    </p>
   </div>
   <div class='ocr_carea' id='block_1_5' title="bbox 620 2483 1707 2630">
    <p class='ocr_par' dir='ltr' id='par_1_5' title="bbox 620 2483 1707 2630">
     <span class='ocr_line' id='line_1_20' title="bbox 620 2483 1435 2612; baseline 0.004 -79"><span class='ocrx_word' id='word_1_101' title='bbox 620 2485 667 2533; x_wconf 80' lang='lat' dir='ltr'><strong>EX</strong></span> <span class='ocrx_word' id='word_1_102' title='bbox 686 2483 872 2534; x_wconf 81' lang='lat' dir='ltr'><strong>ORATIONE</strong></span> <span class='ocrx_word' id='word_1_103' title='bbox 892 2484 1005 2612; x_wconf 58' lang='lat' dir='ltr'><strong>MMiRl</strong></span> <span class='ocrx_word' id='word_1_104' title='bbox 1023 2485 1118 2534; x_wconf 86' lang='lat' dir='ltr'><strong>TRIB.</strong></span> <span class='ocrx_word' id='word_1_105' title='bbox 1139 2486 1243 2535; x_wconf 86' lang='lat' dir='ltr'><strong>PLEB.</strong></span> <span class='ocrx_word' id='word_1_106' title='bbox 1262 2487 1435 2536; x_wconf 81' lang='lat' dir='ltr'><strong>SALVSTII.</strong></span> 
     </span>
     <span class='ocr_line' id='line_1_21' title="bbox 968 2566 1707 2630; baseline 0.001 -18"><span class='ocrx_word' id='word_1_107' title='bbox 968 2566 1101 2630; x_wconf 89' lang='lat' dir='ltr'><strong>mpotens.</strong></span> <span class='ocrx_word' id='word_1_108' title='bbox 1681 2575 1707 2613; x_wconf 76' lang='lat' dir='ltr'><strong>ao</strong></span> 
     </span>
    </p>
   </div>
   <div class='ocr_carea' id='block_1_6' title="bbox 389 2641 1673 2973">
    <p class='ocr_par' dir='ltr' id='par_1_6' title="bbox 389 2641 1673 2973">
     <span class='ocr_line' id='line_1_22' title="bbox 470 2641 1673 2719; baseline 0.003 -22"><span class='ocrx_word' id='word_1_109' title='bbox 470 2643 561 2717; x_wconf 87' lang='lat' dir='ltr'><strong>Neque</strong></span> <span class='ocrx_word' id='word_1_110' title='bbox 584 2660 626 2697; x_wconf 83' lang='lat' dir='ltr'><strong>ure</strong></span> <span class='ocrx_word' id='word_1_111' title='bbox 651 2641 781 2714; x_wconf 75' lang='lat' dir='ltr'><strong>praeterit,</strong></span> <span class='ocrx_word' id='word_1_112' title='bbox 806 2650 919 2715; x_wconf 86' lang='lat' dir='ltr'><strong>quantas</strong></span> <span class='ocrx_word' id='word_1_113' title='bbox 942 2659 1009 2715; x_wconf 88' lang='lat' dir='ltr'><strong>opes</strong></span> <span class='ocrx_word' id='word_1_114' title='bbox 1026 2641 1180 2705; x_wconf 87' lang='lat' dir='ltr'><strong>nobilitati,</strong></span> <span class='ocrx_word' id='word_1_115' title='bbox 1204 2641 1294 2706; x_wconf 90' lang='lat' dir='ltr'><strong>solus,</strong></span> <span class='ocrx_word' id='word_1_116' title='bbox 1317 2646 1466 2718; x_wconf 90' lang='lat' dir='ltr'><strong>impotens,</strong></span> <span class='ocrx_word' id='word_1_117' title='bbox 1491 2645 1561 2701; x_wconf 87' lang='lat' dir='ltr'><strong>inani</strong></span> <span class='ocrx_word' id='word_1_118' title='bbox 1583 2648 1673 2719; x_wconf 87' lang='lat' dir='ltr'><strong>specie</strong></span> 
     </span>
     <span class='ocr_line' id='line_1_23' title="bbox 389 2726 1051 2802; baseline -0.006 -17"><span class='ocrx_word' id='word_1_119' title='bbox 389 2729 564 2802; x_wconf 78' lang='lat' dir='ltr'><strong>magistratus</strong></span> <span class='ocrx_word' id='word_1_120' title='bbox 588 2726 689 2800; x_wconf 85' lang='lat' dir='ltr'><strong>pellere.</strong></span> <span class='ocrx_word' id='word_1_121' title='bbox 711 2727 895 2783; x_wconf 86' lang='lat' dir='ltr'><strong>dominatione</strong></span> <span class='ocrx_word' id='word_1_122' title='bbox 919 2727 1051 2800; x_wconf 87' lang='lat' dir='ltr'><strong>incipiam.</strong></span> 
     </span>
     <span class='ocr_line' id='line_1_24' title="bbox 911 2811 1153 2868; baseline 0 -2"><span class='ocrx_word' id='word_1_123' title='bbox 911 2811 1024 2867; x_wconf 79' lang='lat' dir='ltr'><strong>Militare</strong></span> <span class='ocrx_word' id='word_1_124' title='bbox 1048 2830 1153 2868; x_wconf 87' lang='lat' dir='ltr'><strong>nomeu.</strong></span> 
     </span>
     <span class='ocr_line' id='line_1_25' title="bbox 468 2896 1671 2973; baseline 0 -19"><span class='ocrx_word' id='word_1_125' title='bbox 468 2898 518 2966; x_wconf 78' lang='lat' dir='ltr'><strong>Qui</strong></span> <span class='ocrx_word' id='word_1_126' title='bbox 535 2916 584 2972; x_wconf 87' lang='lat' dir='ltr'><strong>per</strong></span> <span class='ocrx_word' id='word_1_127' title='bbox 599 2896 714 2952; x_wconf 87' lang='lat' dir='ltr'><strong>militare</strong></span> <span class='ocrx_word' id='word_1_128' title='bbox 731 2914 845 2957; x_wconf 89' lang='lat' dir='ltr'><strong>nomon,</strong></span> <span class='ocrx_word' id='word_1_129' title='bbox 868 2896 1006 2957; x_wconf 85' lang='lat' dir='ltr'><strong>aerarium,</strong></span> <span class='ocrx_word' id='word_1_130' title='bbox 1030 2898 1173 2958; x_wconf 81' lang='lat' dir='ltr'><strong>exercitus,</strong></span> <span class='ocrx_word' id='word_1_131' title='bbox 1197 2915 1288 2971; x_wconf 84' lang='lat' dir='ltr'><strong>regna.</strong></span> <span class='ocrx_word' id='word_1_132' title='bbox 1313 2898 1473 2972; x_wconf 87' lang='lat' dir='ltr'><strong>provincias,</strong></span> <span class='ocrx_word' id='word_1_133' title='bbox 1497 2917 1671 2973; x_wconf 79' lang='lat' dir='ltr'><strong>occupavere.</strong></span> 
     </span>
    </p>
   </div>
   <div class='ocr_carea' id='block_1_7' title="bbox 661 3011 1707 3139">
    <p class='ocr_par' dir='ltr' id='par_1_7' title="bbox 661 3011 1707 3139">
     <span class='ocr_line' id='line_1_26' title="bbox 661 3011 1707 3138; baseline -0.004 -77"><span class='ocrx_word' id='word_1_134' title='bbox 661 3013 708 3061; x_wconf 83' lang='lat' dir='ltr'><strong>EX</strong></span> <span class='ocrx_word' id='word_1_135' title='bbox 728 3011 906 3061; x_wconf 76' lang='lat' dir='ltr'><strong>EPISTOLA</strong></span> <span class='ocrx_word' id='word_1_136' title='bbox 927 3011 1158 3138; x_wconf 50' lang='grc' dir='ltr'>ΟΝᾸῇΟΜΡΕΙΙ</span> <span class='ocrx_word' id='word_1_137' title='bbox 1177 3014 1224 3061; x_wconf 88' lang='lat' dir='ltr'><strong>Al)</strong></span> <span class='ocrx_word' id='word_1_138' title='bbox 1244 3013 1295 3062; x_wconf 82' lang='lat' dir='ltr'><strong>SE.</strong></span> <span class='ocrx_word' id='word_1_139' title='bbox 1316 3012 1395 3062; x_wconf 79' lang='lat' dir='ltr'><strong>sm..-</strong></span> <span class='ocrx_word' id='word_1_140' title='bbox 1681 3019 1707 3057; x_wconf 77' lang='lat' dir='ltr'><strong>ta</strong></span> 
     </span>
     <span class='ocr_line' id='line_1_27' title="bbox 1034 3102 1074 3139; baseline -0.05 0"><span class='ocrx_word' id='word_1_141' title='bbox 1034 3102 1074 3139; x_wconf 85' lang='lat' dir='ltr'><strong>uc.</strong></span> 
     </span>
    </p>
   </div>
   <div class='ocr_carea' id='block_1_8' title="bbox 468 3168 1582 3413">
    <p class='ocr_par' dir='ltr' id='par_1_8' title="bbox 468 3168 1582 3413">
     <span class='ocr_line' id='line_1_28' title="bbox 469 3168 1582 3244; baseline -0.001 -17"><span class='ocrx_word' id='word_1_142' title='bbox 469 3172 538 3227; x_wconf 88' lang='lat' dir='ltr'><strong>Nihil</strong></span> <span class='ocrx_word' id='word_1_143' title='bbox 562 3171 677 3244; x_wconf 85' lang='lat' dir='ltr'><strong>amplius</strong></span> <span class='ocrx_word' id='word_1_144' title='bbox 701 3173 726 3226; x_wconf 91' lang='lat' dir='ltr'><strong>in</strong></span> <span class='ocrx_word' id='word_1_145' title='bbox 750 3169 888 3223; x_wconf 83' lang='lat' dir='ltr'><strong>absentem</strong></span> <span class='ocrx_word' id='word_1_146' title='bbox 912 3186 953 3223; x_wconf 91' lang='lat' dir='ltr'><strong>me</strong></span> <span class='ocrx_word' id='word_1_147' title='bbox 976 3168 1155 3230; x_wconf 87' lang='lat' dir='ltr'><strong>statuissetis,</strong></span> <span class='ocrx_word' id='word_1_148' title='bbox 1180 3187 1259 3243; x_wconf 87' lang='lat' dir='ltr'><strong>quarn</strong></span> <span class='ocrx_word' id='word_1_149' title='bbox 1282 3170 1369 3225; x_wconf 87' lang='lat' dir='ltr'><strong>adhuc</strong></span> <span class='ocrx_word' id='word_1_150' title='bbox 1391 3171 1478 3243; x_wconf 83' lang='lat' dir='ltr'><strong>agitis.</strong></span> <span class='ocrx_word' id='word_1_151' title='bbox 1502 3169 1531 3224; x_wconf 90' lang='lat' dir='ltr'><strong>P.</strong></span> <span class='ocrx_word' id='word_1_152' title='bbox 1555 3171 1582 3226; x_wconf 73' lang='lat' dir='ltr'>ss</span> 
     </span>
     <span class='ocr_line' id='line_1_29' title="bbox 656 3254 1146 3331; baseline 0.002 -23"><span class='ocrx_word' id='word_1_153' title='bbox 656 3326 658 3331; x_wconf 28' lang='grc' dir='ltr'>Ι</span> <span class='ocrx_word' id='word_1_154' title='bbox 907 3254 1006 3308; x_wconf 81' lang='lat' dir='ltr'><strong>Contra</strong></span> <span class='ocrx_word' id='word_1_155' title='bbox 1029 3261 1146 3309; x_wconf 73' lang='lat' dir='ltr'><strong>aetatem.</strong></span> 
     </span>
     <span class='ocr_line' id='line_1_30' title="bbox 468 3337 1504 3413; baseline -0.001 -17"><span class='ocrx_word' id='word_1_156' title='bbox 468 3340 551 3408; x_wconf 83' lang='lat' dir='ltr'><strong>Quem</strong></span> <span class='ocrx_word' id='word_1_157' title='bbox 573 3349 668 3398; x_wconf 92' lang='lat' dir='ltr'><strong>contra</strong></span> <span class='ocrx_word' id='word_1_158' title='bbox 690 3342 811 3395; x_wconf 77' lang='lat' dir='ltr'><strong>Aetatem</strong></span> <span class='ocrx_word' id='word_1_159' title='bbox 835 3339 985 3413; x_wconf 81' lang='lat' dir='ltr'><strong>proiectum</strong></span> <span class='ocrx_word' id='word_1_160' title='bbox 1007 3338 1039 3393; x_wconf 91' lang='lat' dir='ltr'><strong>ad</strong></span> <span class='ocrx_word' id='word_1_161' title='bbox 1063 3338 1163 3393; x_wconf 87' lang='lat' dir='ltr'><strong>bellum</strong></span> <span class='ocrx_word' id='word_1_162' title='bbox 1187 3340 1362 3395; x_wconf 70' lang='lat' dir='ltr'><strong>saevissimum</strong></span> <span class='ocrx_word' id='word_1_163' title='bbox 1385 3337 1435 3396; x_wconf 80' lang='lat' dir='ltr'><strong>dcc.</strong></span> <span class='ocrx_word' id='word_1_164' title='bbox 1499 3383 1504 3395; x_wconf 81' lang='grc'>.</span> 
     </span>
    </p>
   </div>
   <div class='ocr_carea' id='block_1_9' title="bbox 1031 3422 1661 3431">
    <p class='ocr_par' dir='ltr' id='par_1_9' title="bbox 1031 3422 1661 3431">
     <span class='ocr_line' id='line_1_31' title="bbox 1031 3422 1661 3431; baseline 0.005 -4"><span class='ocrx_word' id='word_1_165' title='bbox 1031 3422 1128 3427; x_wconf 81' lang='lat'><strong>—...—.</strong></span> <span class='ocrx_word' id='word_1_166' title='bbox 1174 3424 1261 3428; x_wconf 75' lang='lat'><strong>-.—..</strong></span> <span class='ocrx_word' id='word_1_167' title='bbox 1288 3424 1475 3428; x_wconf 74' lang='lat'><strong>-—--..—.-</strong></span> <span class='ocrx_word' id='word_1_168' title='bbox 1499 3424 1661 3431; x_wconf 78' lang='lat'>--——.-·</span> 
     </span>
    </p>
   </div>
   <div class='ocr_carea' id='block_1_10' title="bbox 546 3425 1708 3580">
    <p class='ocr_par' dir='ltr' id='par_1_10' title="bbox 546 3425 1708 3580">
     <span class='ocr_line' id='line_1_32' title="bbox 546 3425 1708 3580; baseline -0.008 -75"><span class='ocrx_word' id='word_1_169' title='bbox 546 3428 902 3506; x_wconf 63' lang='lat' dir='ltr'><strong>ux&#39;aououmrioua</strong></span> <span class='ocrx_word' id='word_1_170' title='bbox 921 3452 1018 3580; x_wconf 49' lang='lat' dir='ltr'><strong>Mitto</strong></span> <span class='ocrx_word' id='word_1_171' title='bbox 1038 3451 1218 3503; x_wconf 82' lang='lat' dir='ltr'><strong>CAESAREM</strong></span> <span class='ocrx_word' id='word_1_172' title='bbox 1237 3425 1285 3502; x_wconf 70' lang='lat' dir='ltr'><strong>nu</strong></span> <span class='ocrx_word' id='word_1_173' title='bbox 1305 3454 1384 3504; x_wconf 77' lang='lat' dir='ltr'><strong>nce.</strong></span> <span class='ocrx_word' id='word_1_174' title='bbox 1404 3425 1502 3504; x_wconf 74' lang='lat' dir='ltr'><strong>oroi.</strong></span> <span class='ocrx_word' id='word_1_175' title='bbox 1682 3456 1708 3496; x_wconf 72' lang='lat' dir='ltr'><strong>ao</strong></span> 
     </span>
     <span class='ocr_line' id='line_1_33' title="bbox 997 3526 1092 3579; baseline 0 0"><span class='ocrx_word' id='word_1_176' title='bbox 997 3526 1092 3579; x_wconf 84' lang='lat' dir='ltr'><strong>tinore.</strong></span> 
     </span>
    </p>
   </div>
   <div class='ocr_carea' id='block_1_11' title="bbox 383 3609 1705 3942">
    <p class='ocr_par' dir='ltr' id='par_1_11' title="bbox 383 3609 1705 3942">
     <span class='ocr_line' id='line_1_34' title="bbox 468 3609 1576 3684; baseline -0.005 -14"><span class='ocrx_word' id='word_1_177' title='bbox 468 3615 515 3671; x_wconf 90' lang='lat' dir='ltr'><strong>Po.</strong></span> <span class='ocrx_word' id='word_1_178' title='bbox 537 3614 585 3669; x_wconf 87' lang='lat' dir='ltr'><strong>llo.</strong></span> <span class='ocrx_word' id='word_1_179' title='bbox 609 3621 688 3669; x_wconf 88' lang='lat' dir='ltr'><strong>antea</strong></span> <span class='ocrx_word' id='word_1_180' title='bbox 712 3610 865 3671; x_wconf 88' lang='lat' dir='ltr'><strong>obtinebat,</strong></span> <span class='ocrx_word' id='word_1_181' title='bbox 893 3627 977 3683; x_wconf 81' lang='lat' dir='ltr'><strong>regna</strong></span> <span class='ocrx_word' id='word_1_182' title='bbox 999 3618 1081 3682; x_wconf 88' lang='lat' dir='ltr'><strong>atque</strong></span> <span class='ocrx_word' id='word_1_183' title='bbox 1106 3609 1216 3684; x_wconf 78' lang='lat' dir='ltr'><strong>imperia</strong></span> <span class='ocrx_word' id='word_1_184' title='bbox 1241 3610 1385 3665; x_wconf 84' lang='lat' dir='ltr'><strong>Fortunam</strong></span> <span class='ocrx_word' id='word_1_185' title='bbox 1409 3610 1481 3667; x_wconf 88' lang='lat' dir='ltr'><strong>dono</strong></span> <span class='ocrx_word' id='word_1_186' title='bbox 1503 3611 1576 3667; x_wconf 87' lang='lat' dir='ltr'><strong>dare.</strong></span> 
     </span>
     <span class='ocr_line' id='line_1_35' title="bbox 953 3694 1097 3768; baseline -0.007 -19"><span class='ocrx_word' id='word_1_187' title='bbox 953 3694 1097 3768; x_wconf 73' lang='lat' dir='ltr'><strong>Praegredi.</strong></span> 
     </span>
     <span class='ocr_line' id='line_1_36' title="bbox 469 3779 1697 3854; baseline -0.001 -15"><span class='ocrx_word' id='word_1_188' title='bbox 469 3784 519 3850; x_wconf 77' lang='lat' dir='ltr'><strong>um</strong></span> <span class='ocrx_word' id='word_1_189' title='bbox 543 3792 645 3839; x_wconf 85' lang='lat' dir='ltr'><strong>tantum</strong></span> <span class='ocrx_word' id='word_1_190' title='bbox 670 3782 737 3839; x_wconf 86' lang='lat' dir='ltr'><strong>alios</strong></span> <span class='ocrx_word' id='word_1_191' title='bbox 761 3798 928 3854; x_wconf 69' lang='lat' dir='ltr'><strong>praegressus</strong></span> <span class='ocrx_word' id='word_1_192' title='bbox 951 3788 993 3840; x_wconf 90' lang='lat' dir='ltr'><strong>et,</strong></span> <span class='ocrx_word' id='word_1_193' title='bbox 1024 3788 1054 3835; x_wconf 97' lang='lat' dir='ltr'><strong>ut</strong></span> <span class='ocrx_word' id='word_1_194' title='bbox 1081 3780 1157 3853; x_wconf 88' lang='lat' dir='ltr'><strong>prius</strong></span> <span class='ocrx_word' id='word_1_195' title='bbox 1184 3779 1281 3835; x_wconf 76' lang='lat' dir='ltr'><strong>defessi</strong></span> <span class='ocrx_word' id='word_1_196' title='bbox 1311 3780 1367 3835; x_wconf 89' lang='lat' dir='ltr'><strong>sint</strong></span> <span class='ocrx_word' id='word_1_197' title='bbox 1395 3780 1517 3836; x_wconf 86' lang='lat' dir='ltr'><strong>homines</strong></span> <span class='ocrx_word' id='word_1_198' title='bbox 1539 3780 1672 3838; x_wconf 88' lang='lat' dir='ltr'><strong>laudando</strong></span> <span class='ocrx_word' id='word_1_199' title='bbox 1695 3789 1697 3793; x_wconf 84' lang='lat'>&#39;</span> 
     </span>
     <span class='ocr_line' id='line_1_37' title="bbox 383 3865 1705 3942; baseline -0.011 -16"><span class='ocrx_word' id='word_1_200' title='bbox 383 3872 453 3926; x_wconf 85' lang='lat' dir='ltr'><strong>lacta</strong></span> <span class='ocrx_word' id='word_1_201' title='bbox 476 3878 535 3930; x_wconf 88' lang='lat' dir='ltr'><strong>tua,</strong></span> <span class='ocrx_word' id='word_1_202' title='bbox 559 3887 639 3942; x_wconf 85' lang='lat' dir='ltr'><strong>quarn</strong></span> <span class='ocrx_word' id='word_1_203' title='bbox 664 3875 692 3923; x_wconf 93' lang='lat' dir='ltr'><strong>tu</strong></span> <span class='ocrx_word' id='word_1_204' title='bbox 716 3867 792 3923; x_wconf 87' lang='lat' dir='ltr'><strong>laude</strong></span> <span class='ocrx_word' id='word_1_205' title='bbox 815 3866 894 3938; x_wconf 79' lang='lat' dir='ltr'><strong>digna</strong></span> <span class='ocrx_word' id='word_1_206' title='bbox 918 3865 1049 3920; x_wconf 88' lang='lat' dir='ltr'><strong>laciendo.</strong></span> <span class='ocrx_word' id='word_1_207' title='bbox 1680 3878 1705 3918; x_wconf 69' lang='lat' dir='ltr'><strong>as</strong></span> 
     </span>
    </p>
   </div>
   <div class='ocr_carea' id='block_1_12' title="bbox 582 3980 1475 4108">
    <p class='ocr_par' dir='ltr' id='par_1_12' title="bbox 582 3980 1475 4108">
     <span class='ocr_line' id='line_1_38' title="bbox 582 3980 1475 4106; baseline -0.001 -74"><span class='ocrx_word' id='word_1_208' title='bbox 582 3985 632 4033; x_wconf 81' lang='lat' dir='ltr'><strong>EX</strong></span> <span class='ocrx_word' id='word_1_209' title='bbox 650 3983 734 4032; x_wconf 83' lang='lat' dir='ltr'><strong>ALIA</strong></span> <span class='ocrx_word' id='word_1_210' title='bbox 754 3983 802 4031; x_wconf 86' lang='lat' dir='ltr'><strong>Al)</strong></span> <span class='ocrx_word' id='word_1_211' title='bbox 823 3980 980 4106; x_wconf 69' lang='lat' dir='ltr'><strong>EVNllldM¹</strong></span> <span class='ocrx_word' id='word_1_212' title='bbox 995 3980 1293 4104; x_wconf 67' lang='lat' dir='ltr'><strong>EXHO&#39;RTATIONE.</strong></span> <span class='ocrx_word' id='word_1_213' title='bbox 1330 3981 1475 4031; x_wconf 78' lang='lat' dir='ltr'><strong>SALVBT.</strong></span> 
     </span>
     <span class='ocr_line' id='line_1_39' title="bbox 983 4069 1137 4108; baseline -0.006 -2"><span class='ocrx_word' id='word_1_214' title='bbox 983 4070 999 4106; x_wconf 88' lang='lat' dir='ltr'><strong>n</strong></span> <span class='ocrx_word' id='word_1_215' title='bbox 1022 4069 1137 4108; x_wconf 60' lang='lat' dir='ltr'><strong>PACPSO.</strong></span> 
     </span>
    </p>
   </div>
   <div class='ocr_carea' id='block_1_13' title="bbox 468 4129 1706 4381">
    <p class='ocr_par' dir='ltr' id='par_1_13' title="bbox 468 4129 1706 4381">
     <span class='ocr_line' id='line_1_40' title="bbox 469 4129 916 4214; baseline -0.009 -19"><span class='ocrx_word' id='word_1_216' title='bbox 469 4129 551 4198; x_wconf 76' lang='lat' dir='ltr'><strong>Cuius</strong></span> <span class='ocrx_word' id='word_1_217' title='bbox 576 4158 642 4214; x_wconf 87' lang='lat' dir='ltr'><strong>opes</strong></span> <span class='ocrx_word' id='word_1_218' title='bbox 666 4139 691 4194; x_wconf 92' lang='lat' dir='ltr'><strong>in</strong></span> <span class='ocrx_word' id='word_1_219' title='bbox 715 4138 820 4195; x_wconf 76' lang='lat' dir='ltr'><strong>excelso</strong></span> <span class='ocrx_word' id='word_1_220' title='bbox 844 4146 916 4193; x_wconf 90' lang='lat' dir='ltr'><strong>sunt.</strong></span> 
     </span>
     <span class='ocr_line' id='line_1_41' title="bbox 870 4221 1185 4295; baseline -0.006 -19"><span class='ocrx_word' id='word_1_221' title='bbox 870 4222 981 4295; x_wconf 81' lang='lat' dir='ltr'><strong>Agitarc</strong></span> <span class='ocrx_word' id='word_1_222' title='bbox 1004 4239 1063 4277; x_wconf 92' lang='lat' dir='ltr'><strong>cum</strong></span> <span class='ocrx_word' id='word_1_223' title='bbox 1087 4221 1185 4277; x_wconf 90' lang='lat' dir='ltr'><strong>animo.</strong></span> 
     </span>
     <span class='ocr_line' id='line_1_42' title="bbox 468 4306 1706 4381; baseline -0.006 -15"><span class='ocrx_word' id='word_1_224' title='bbox 468 4312 505 4367; x_wconf 86' lang='lat' dir='ltr'><strong>lta</strong></span> <span class='ocrx_word' id='word_1_225' title='bbox 529 4311 592 4366; x_wconf 83' lang='lat' dir='ltr'><strong>milri</strong></span> <span class='ocrx_word' id='word_1_226' title='bbox 617 4309 699 4365; x_wconf 87' lang='lat' dir='ltr'><strong>multa</strong></span> <span class='ocrx_word' id='word_1_227' title='bbox 722 4327 783 4365; x_wconf 90' lang='lat' dir='ltr'><strong>cum</strong></span> <span class='ocrx_word' id='word_1_228' title='bbox 806 4308 895 4365; x_wconf 85' lang='lat' dir='ltr'><strong>anuno</strong></span> <span class='ocrx_word' id='word_1_229' title='bbox 924 4307 1053 4380; x_wconf 78' lang='lat' dir='ltr'><strong>agitanti,</strong></span> <span class='ocrx_word' id='word_1_230' title='bbox 1082 4306 1225 4362; x_wconf 84' lang='lat' dir='ltr'><strong>consilium</strong></span> <span class='ocrx_word' id='word_1_231' title='bbox 1255 4307 1305 4361; x_wconf 89' lang='lat' dir='ltr'><strong>luit</strong></span> <span class='ocrx_word' id='word_1_232' title='bbox 1334 4307 1430 4364; x_wconf 89' lang='lat' dir='ltr'><strong>lamam</strong></span> <span class='ocrx_word' id='word_1_233' title='bbox 1459 4308 1706 4381; x_wconf 79' lang='lat' dir='ltr'><strong>modestiamqueao</strong></span> 
     </span>
    </p>
   </div>
   <div class='ocr_carea' id='block_1_14' title="bbox 383 4391 1186 4548">
    <p class='ocr_par' dir='ltr' id='par_1_14' title="bbox 383 4391 1186 4548">
     <span class='ocr_line' id='line_1_43' title="bbox 383 4391 1023 4470; baseline -0.011 -18"><span class='ocrx_word' id='word_1_234' title='bbox 383 4414 484 4458; x_wconf 85' lang='lat' dir='ltr'><strong>meam,</strong></span> <span class='ocrx_word' id='word_1_235' title='bbox 509 4404 571 4470; x_wconf 82' lang='lat' dir='ltr'><strong>post</strong></span> <span class='ocrx_word' id='word_1_236' title='bbox 596 4403 668 4450; x_wconf 91' lang='lat' dir='ltr'><strong>tuam</strong></span> <span class='ocrx_word' id='word_1_237' title='bbox 691 4394 849 4466; x_wconf 85' lang='lat' dir='ltr'><strong>dignitatem</strong></span> <span class='ocrx_word' id='word_1_238' title='bbox 873 4391 991 4454; x_wconf 75' lang='lat' dir='ltr'><strong>babere.⁴</strong></span> <span class='ocrx_word' id='word_1_239' title='bbox 1022 4448 1023 4451; x_wconf 58' lang='grc'>,</span> 
     </span>
     <span class='ocr_line' id='line_1_44' title="bbox 872 4476 1186 4548; baseline -0.003 -18"><span class='ocrx_word' id='word_1_240' title='bbox 872 4477 935 4532; x_wconf 92' lang='lat' dir='ltr'><strong>Post</strong></span> <span class='ocrx_word' id='word_1_241' title='bbox 958 4476 1070 4536; x_wconf 87' lang='lat' dir='ltr'><strong>habere,</strong></span> <span class='ocrx_word' id='word_1_242' title='bbox 1095 4493 1186 4548; x_wconf 86' lang='lat' dir='ltr'><strong>supra.</strong></span> 
     </span>
    </p>
   </div>
   <div class='ocr_carea' id='block_1_15' title="bbox 383 4645 1710 4890">
    <p class='ocr_par' dir='ltr' id='par_1_15' title="bbox 383 4645 1710 4890">
     <span class='ocr_line' id='line_1_45' title="bbox 909 4645 1146 4702; baseline -0.004 -2"><span class='ocrx_word' id='word_1_243' title='bbox 909 4646 1018 4702; x_wconf 75' lang='lat' dir='ltr'><strong>Naturae</strong></span> <span class='ocrx_word' id='word_1_244' title='bbox 1040 4645 1146 4702; x_wconf 88' lang='lat' dir='ltr'><strong>cedere.</strong></span> 
     </span>
     <span class='ocr_line' id='line_1_46' title="bbox 470 4730 1710 4805; baseline -0.001 -17"><span class='ocrx_word' id='word_1_245' title='bbox 470 4734 516 4789; x_wconf 83' lang='lat' dir='ltr'><strong>l&#39;bi</strong></span> <span class='ocrx_word' id='word_1_246' title='bbox 540 4735 626 4790; x_wconf 89' lang='lat' dir='ltr'><strong>anima</strong></span> <span class='ocrx_word' id='word_1_247' title='bbox 650 4742 752 4789; x_wconf 79' lang='lat' dir='ltr'><strong>naturae</strong></span> <span class='ocrx_word' id='word_1_248' title='bbox 774 4732 871 4793; x_wconf 83' lang='lat' dir='ltr'><strong>cessit,</strong></span> <span class='ocrx_word' id='word_1_249' title='bbox 895 4731 1010 4804; x_wconf 74' lang='lat' dir='ltr'><strong>clerirptis</strong></span> <span class='ocrx_word' id='word_1_250' title='bbox 1034 4730 1263 4787; x_wconf 85' lang='lat' dir='ltr'><strong>obtrectatoribus</strong></span> <span class='ocrx_word' id='word_1_251' title='bbox 1287 4731 1344 4804; x_wconf 86' lang='lat' dir='ltr'><strong>ipsa</strong></span> <span class='ocrx_word' id='word_1_252' title='bbox 1367 4749 1396 4786; x_wconf 90' lang='lat' dir='ltr'><strong>se</strong></span> <span class='ocrx_word' id='word_1_253' title='bbox 1418 4731 1504 4787; x_wconf 82' lang='lat' dir='ltr'><strong>virtus</strong></span> <span class='ocrx_word' id='word_1_254' title='bbox 1519 4732 1604 4805; x_wconf 75' lang='lat' dir='ltr'><strong>magis</strong></span> <span class='ocrx_word' id='word_1_255' title='bbox 1621 4751 1674 4788; x_wconf 91' lang='lat' dir='ltr'><strong>ma·</strong></span> <span class='ocrx_word' id='word_1_256' title='bbox 1685 4743 1710 4781; x_wconf 67' lang='lat' dir='ltr'><strong>tt</strong></span> 
     </span>
     <span class='ocr_line' id='line_1_47' title="bbox 383 4817 617 4890; baseline 0.004 -19"><span class='ocrx_word' id='word_1_257' title='bbox 383 4817 480 4890; x_wconf 79' lang='lat' dir='ltr'><strong>glsque</strong></span> <span class='ocrx_word' id='word_1_258' title='bbox 503 4817 617 4874; x_wconf 82' lang='lat' dir='ltr'><strong>extollit.</strong></span> 
     </span>
    </p>
   </div>
   <div class='ocr_carea' id='block_1_16' title="bbox 385 4945 1673 5166">
    <p class='ocr_par' dir='ltr' id='par_1_16' title="bbox 385 4945 1673 5166">
     <span class='ocr_line' id='line_1_48' title="bbox 452 4945 1673 5013; baseline 0.001 -17"><span class='ocrx_word' id='word_1_259' title='bbox 452 4946 597 4999; x_wconf 87' lang='lat' dir='ltr'><strong>¹Articuli</strong></span> <span class='ocrx_word' id='word_1_260' title='bbox 617 4948 656 4999; x_wconf 84' lang='lat'><strong>18.</strong></span> <span class='ocrx_word' id='word_1_261' title='bbox 709 4950 808 4998; x_wconf 71' lang='lat' dir='ltr'><strong>PItem</strong></span> <span class='ocrx_word' id='word_1_262' title='bbox 828 4947 859 4996; x_wconf 76' lang='lat' dir='ltr'><strong>la</strong></span> <span class='ocrx_word' id='word_1_263' title='bbox 872 4948 991 4996; x_wconf 80' lang='lat' dir='ltr'><strong>articuli.</strong></span> <span class='ocrx_word' id='word_1_264' title='bbox 1047 4945 1066 4980; x_wconf 81' lang='lat'><strong>¹³</strong></span> <span class='ocrx_word' id='word_1_265' title='bbox 1085 4946 1203 4996; x_wconf 78' lang='lat' dir='ltr'><strong>Articuli</strong></span> <span class='ocrx_word' id='word_1_266' title='bbox 1221 4947 1245 4997; x_wconf 82' lang='lat'><strong>7.</strong></span> <span class='ocrx_word' id='word_1_267' title='bbox 1301 4945 1321 4980; x_wconf 80' lang='lat'><strong>¹⁵</strong></span> <span class='ocrx_word' id='word_1_268' title='bbox 1339 4949 1428 5013; x_wconf 81' lang='lat' dir='ltr'><strong>reguli</strong></span> <span class='ocrx_word' id='word_1_269' title='bbox 1447 4952 1470 4996; x_wconf 84' lang='lat'><strong>1.</strong></span> <span class='ocrx_word' id='word_1_270' title='bbox 1519 4946 1539 4979; x_wconf 73' lang='lat'><strong>¹⁹</strong></span> <span class='ocrx_word' id='word_1_271' title='bbox 1556 4948 1673 4998; x_wconf 85' lang='lat' dir='ltr'><strong>Articuli</strong></span> 
     </span>
     <span class='ocr_line' id='line_1_49' title="bbox 386 5029 1672 5084; baseline 0.004 -5"><span class='ocrx_word' id='word_1_272' title='bbox 386 5029 426 5079; x_wconf 77' lang='lat'><strong>14.</strong></span> <span class='ocrx_word' id='word_1_273' title='bbox 489 5029 512 5062; x_wconf 76' lang='lat'><strong>²⁵</strong></span> <span class='ocrx_word' id='word_1_274' title='bbox 530 5033 647 5082; x_wconf 78' lang='lat' dir='ltr'><strong>Articuli</strong></span> <span class='ocrx_word' id='word_1_275' title='bbox 669 5030 706 5082; x_wconf 80' lang='lat' dir='ltr'><strong>lb.</strong></span> <span class='ocrx_word' id='word_1_276' title='bbox 770 5030 792 5062; x_wconf 80' lang='lat'><strong>⁸⁰</strong></span> <span class='ocrx_word' id='word_1_277' title='bbox 810 5031 928 5081; x_wconf 76' lang='lat' dir='ltr'><strong>Articuli</strong></span> <span class='ocrx_word' id='word_1_278' title='bbox 945 5031 987 5080; x_wconf 82' lang='lat'><strong>24.</strong></span> <span class='ocrx_word' id='word_1_279' title='bbox 1052 5029 1073 5063; x_wconf 78' lang='lat'><strong>⁴¹</strong></span> <span class='ocrx_word' id='word_1_280' title='bbox 1092 5031 1211 5082; x_wconf 78' lang='lat' dir='ltr'><strong>Articuli</strong></span> <span class='ocrx_word' id='word_1_281' title='bbox 1228 5032 1269 5081; x_wconf 81' lang='lat'><strong>40.</strong></span> <span class='ocrx_word' id='word_1_282' title='bbox 1334 5030 1357 5064; x_wconf 85' lang='lat'><strong>⁴⁴</strong></span> <span class='ocrx_word' id='word_1_283' title='bbox 1374 5033 1429 5083; x_wconf 87' lang='lat' dir='ltr'><strong>Hic</strong></span> <span class='ocrx_word' id='word_1_284' title='bbox 1447 5033 1540 5084; x_wconf 87' lang='lat' dir='ltr'><strong>florum</strong></span> <span class='ocrx_word' id='word_1_285' title='bbox 1557 5032 1672 5084; x_wconf 70' lang='lat' dir='ltr'><strong>Salustii</strong></span> 
     </span>
     <span class='ocr_line' id='line_1_50' title="bbox 385 5113 1420 5166; baseline 0.002 -2"><span class='ocrx_word' id='word_1_286' title='bbox 385 5113 495 5165; x_wconf 81' lang='lat' dir='ltr'><strong>ultimus</strong></span> <span class='ocrx_word' id='word_1_287' title='bbox 513 5121 563 5165; x_wconf 85' lang='lat' dir='ltr'><strong>est.</strong></span> <span class='ocrx_word' id='word_1_288' title='bbox 615 5113 638 5148; x_wconf 74' lang='lat'><strong>⁴⁵</strong></span> <span class='ocrx_word' id='word_1_289' title='bbox 655 5116 688 5166; x_wconf 80' lang='lat' dir='ltr'><strong>In</strong></span> <span class='ocrx_word' id='word_1_290' title='bbox 706 5119 723 5166; x_wconf 85' lang='lat'><strong><em>2</em></strong></span> <span class='ocrx_word' id='word_1_291' title='bbox 741 5117 845 5166; x_wconf 75' lang='lat' dir='ltr'><strong>additur</strong></span> <span class='ocrx_word' id='word_1_292' title='bbox 863 5131 949 5165; x_wconf 80' lang='lat' dir='ltr'><strong>riuis.</strong></span> <span class='ocrx_word' id='word_1_293' title='bbox 1417 5124 1420 5131; x_wconf 80' lang='lat'><em>&#39;</em></span> 
     </span>
    </p>
   </div>
   <div class='ocr_carea' id='block_1_17' title="bbox 0 0 2160 6052">
    <p class='ocr_par' dir='ltr' id='par_1_17' title="bbox 0 0 2160 6052">
     <span class='ocr_line' id='line_1_51' title="bbox 0 0 2160 6052; baseline 0 0"><span class='ocrx_word' id='word_1_294' title='bbox 0 0 2160 6052; x_wconf 95' lang='lat' dir='ltr'><strong> </strong></span> 
     </span>
    </p>
   </div>
  </div>
 </body>
</html>
