4300 6059
536 677 604 749 128
623 707 745 744 nvrrnnr
757 707 794 742 an
807 707 953 744 enrncrrns
963 707 1048 742 uenu.
1056 709 1092 743 vn
1102 709 1212 743 ueneris
1223 708 1324 756 Ιτνιιοιιι
1338 707 1478 742 rursusne
1490 706 1715 742 sxaonrsronru.
1723 690 1809 756 (tute.)

530 864 698 944 profligatos
721 864 881 931 exercitus:
905 879 990 940 reges
1012 880 1046 923 ac
1068 863 1215 941 principes
1237 863 1266 921 in
1291 860 1403 922 vincula
1431 863 1596 930 coniectos;
1626 863 1692 940 igue
1721 863 1808 925 dera-

504 946 510 987 ²
530 973 620 1026 statos
641 982 742 1044 egros:
765 963 898 1024 homines
920 963 1098 1025 Christianos
1120 964 1267 1044 pecudum
1296 964 1325 1022 in
1353 967 1465 1025 morem
1495 971 1649 1035 mactatos,
1679 963 1751 1024 alios
1780 965 1809 1025 in

465 1100 468 1105 ·
530 1069 697 1129 servitutem
719 1065 876 1135 abductos,
905 1051 939 1125 a'c
961 1067 1116 1127 maximam
1138 1057 1255 1145 semper
1277 1065 1508 1127 Christianorum
1535 1068 1566 1126 in
1588 1066 1653 1126 Asia
1681 1067 1810 1126 servien-

463 1179 530 1229 tut.
540 1170 611 1229 tium
636 1166 857 1229 multitudinem.
894 1167 975 1228 iubet
996 1167 1101 1243 deiude
1123 1168 1311 1230 considerare
1333 1167 1407 1245 quid·
1425 1166 1526 1228 ultimo
1547 1167 1665 1228 tandem
1688 1174 1755 1248 post
1767 1174 1812 1227 tot
1875 1217 1877 1222 ,

531 1271 621 1331 bostis
643 1287 796 1330 successus
817 1270 948 1330 futurum
964 1276 1068 1348 putare
1084 1258 1202 1357 debeam
1226 1269 1352 1331 ostendit
1365 1265 1499 1349 paratum
1515 1276 1545 1330 et
1561 1270 1722 1330 accinctum
1738 1271 1833 1330 iam-⁵

530 1391 588 1451 que
610 1373 806 1432 incursantem
828 1370 982 1432 adversum
1004 1390 1058 1432 nos
1073 1372 1196 1434 hostem.
1231 1379 1292 1432 tum
1308 1370 1414 1432 crebro
1431 1369 1500 1431 illud
1515 1370 1732 1450 superinculcat
1747 1381 1810 1450 ‘po-

463 1483 529 1532 t.t⁶⁵.
545 1482 590 1535 tes
606 1473 662 1534 hoc
677 1474 706 1533 in
717 1455 797 1533 ”casu
814 1473 922 1534 ducere
937 1491 1057 1534 somnos
1065 1474 1085 1533 t·
1108 1474 1171 1535 Non
1192 1490 1328 1535 somnum
1344 1474 1432 1550 igitur
1447 1474 1538 1551 capit,
1555 1471 1606 1534 sed
1622 1471 1728 1551 rigilat,
1744 1481 1773 1534 et
1787 1474 1811 1545 si

530 1577 696 1655 agnoscitis,
712 1573 794 1634 vobis
809 1574 906 1651 vigilat
920 1576 1064 1654 nobisque
1080 1575 1225 1656 omnibgs.
1256 1576 1308 1637 Cui
1323 1574 1465 1655 siquando
1479 1580 1534 1635 aut·
1543 1573 1616 1636 deus
1630 1581 1681 1635 aut
1696 1574 1811 1635 lortrma

530 1677 635 1739 melior
650 1675 772 1747 dederit,
788 1685 821 1737 ut
835 1696 886 1738 rus
900 1667 955 1739 sno
970 1677 1104 1755 exemplo
1120 1678 1156 1739 ab
1172 1676 1221 1738 illo
1236 1677 1375 1738 diutnmb
1390 1695 1493 1737 somno
1509 1684 1697 1756 experrectus
1708 1677 1811 1746 rideat,

529 1788 593 1842 tum
608 1799 639 1841 se
655 1786 737 1858 putat
751 1778 786 1839 ad
801 1797 948 1841 summum
964 1787 1098 1841 votorum
1113 1776 1233 1842 s'uornm
1243 1779 1466 1848 conscendisse,
1484 1786 1512 1839 et
1526 1779 1604 1858 quod
1620 1787 1679 1840 tota
1695 1781 1750 1839 rita
1763 1799 1811 1840 ce·
1825 1795 1846 1834 ro

467 1886 474 1899 '
532 1888 689 1952 natusest,
711 1889 743 1942 ut
759 1881 922 1966 consultum
938 1889 1014 1944 esset
1027 1881 1196 1962 reipublicae
1211 1881 1394 1953 christiana,
1416 1881 1444 1942 id
1459 1899 1491 1942 se
1507 1882 1717 1960 expergefactis
1733 1880 1813 1941 robis

532 1984 701 2053 obtinuisse,
717 1982 788 2043 nihil
803 1984 920 2044 interim
935 1983 1074 2045 sollicitus
1090 1984 1168 2064 quod
1185 2002 1234 2044 ros
1249 1983 1355 2044 multos
1371 1991 1399 2044 et
1413 1990 1546 2062 potentes
1561 1984 1640 2044 iuxta
1656 1984 1728 2043 sein
1741 1985 1812 2044 Ger·
1854 2045 1861 2064 .

530 2087 627 2147 mania
642 2087 790 2165 principes
804 2085 908 2155 rideat,
924 2104 979 2146 nec
989 2087 1096 2147 iccirco
1107 2088 1292 2147 imminutum
1305 2105 1336 2147 se
1348 2086 1524 2175 eristimans,
1539 2083 1612 2146 nihil
1623 2086 1812 2164 magisqnam

415 2220 435 2259 .
533 2187 610 2268 qnod
634 2203 737 2247 manus
759 2186 847 2248 babet
869 2189 898 2248 in
920 2183 1026 2249 mbltos
1048 2188 1186 2250 dissectas
1209 2189 1328 2265 digitos,
1351 2196 1380 2249 et
1402 2187 1440 2248 ob
1461 2187 1490 2248 id
1506 2182 1542 2249 a⁵d
1558 2205 1632 2266 opns
1648 2185 1811 2249 laciendum

339 2296 352 2365 j
389 2273 391 2276 ¹
464 2287 708 2352 §.tetbabiliores
752 2287 809 2349 boc
830 2289 915 2366 petit,
940 2289 996 2349 hoc
1017 2291 1139 2351 summis
1158 2280 1233 2351 'votis
1255 2308 1293 2370 op
1371 2298 1404 2350 ut
1422 2291 1543 2350 istasuo
1559 2279 1870 2366 conveniantcor-u'

460 2423 479 2467 χ
531 2395 597 2472 pori
619 2390 750 2452 membra
773 2408 886 2472 suoque
903 2375 1022 2453 subsint
1044 2354 1145 2471 capii,
1175 2390 1411 2472 quandoquidem
1434 2392 1488 2452 alia
1511 2390 1588 2452 nulla
1611 2391 1723 2452 ratione
1745 2407 1810 2450 cor·

531 2513 587 2574 pus
608 2497 704 2573 ipsum
727 2499 927 2555 constaturum
949 2494 1034 2554 videt.
1057 2493 1138 2554 ’llos
1160 2495 1264 2571 igitur,
1292 2495 1370 2572 quod
1393 2493 1441 2555 ille
1464 2500 1521 2554 tarn
1545 2492 1649 2572 cupide
1671 2493 1756 2570 petit,
1780 2498 1811 2550 ut

531 2596 567 2657 ad
589 2596 740 2657 sanitatem
763 2595 903 2665 redeatis,
932 2596 1031 2665 tacite,
1061 2614 1099 2656 ue
1128 2596 1207 2675 quod
1235 2603 1337 2659 restrae
1359 2595 1460 2658 salutis
1482 2597 1601 2657 nomine
1622 2596 1763 2674 queritur
1783 2595 1810 2653 ei

532 2716 591 2777 qno
614 2699 709 2759 minus
728 2704 883 2776 acceptum
905 2698 942 2757 sit
963 2697 1109 2759 obstitisse
1131 2700 1185 2776 ipsi
1208 2698 1374 2759 rideamini:
1408 2698 1554 2759 admittite·
1573 2696 1740 2764 consilium,
1763 2714 1810 2756 ac-

464 2801 630 2878 §.concipite
651 2785 818 2868 sanitatem,
841 2805 928 2877 atque
950 2799 1023 2861 adeo
1045 2800 1168 2861 salutem
1191 2802 1411 2879 accipite:·iam
1434 2803 1511 2861 enim
1534 2801 1630 2860 omnia
1652 2800 1681 2859 in
1697 2798 1742 2860 bis
1756 2799 1845 2858 sirau

471 2925 474 2931 ·
530 2910 613 2978 sunt,
637 2908 669 2963 nt
689 2901 851 2962 concordes
872 2901 1001 2979 primum
1023 2903 1099 2972 sitis,
1124 2902 1228 2963 deinde
1251 2910 1283 2963 ut
1296 2904 1506 2982 imperatorem
1521 2901 1701 2982 agnoscatis;
1723 2908 1810 2979 atque

530 3005 592 3065 luen
616 3003 674 3065 duo
696 3001 863 3065 huiusmodi
885 3010 966 3073 sunt,
990 3011 1022 3064 ut
1040 3011 1181 3065 neutrum
1203 3005 1266 3088 sine
1293 3004 1385 3066 altero
1415 2991 1576 3065 consistere
1603 3004 1709 3082 possit;
1742 3020 1809 3063 nam

530 3113 559 3166 et
580 3106 683 3167 emotis
705 3103 933 3186 dissensionibus
955 3105 1120 3183 intelligetis
1141 3108 1205 3168 sine
1227 3109 1404 3186 imperatore
1427 3125 1478 3168 ros
1500 3107 1640 3175 delicere,
1664 3112 1693 3166 et
1712 3105 1810 3182 agnito

531 3210 706 3286 imperatore
729 3208 764 3268 ad
787 3215 917 3268 mutuam
941 3208 1128 3268 concordiam
1151 3227 1254 3270 omnes
1276 3208 1465 3270 inclinabitis:
1483 3206 1612 3268 'dabunt
1637 3225 1669 3268 se
1691 3208 1743 3268 ista
1766 3207 1809 3266 in·

462 3314 529 3365 §³⁰³-
542 3311 642 3371 ricem.
687 3308 742 3379 Oui
764 3310 821 3370 iam
842 3311 931 3388 igitur
952 3312 1022 3371 satis
1042 3317 1075 3372 ut
1096 3318 1168 3391 puto
1190 3308 1370 3372 intellexistis
1398 3329 1484 3390 quam
1513 3309 1594 3371 robis
1616 3315 1716 3369 mutua
1738 3322 1843 3368 con-ct

530 3412 628 3473 cordia
651 3430 726 3491 opus
748 3413 797 3480 sit,
821 3419 908 3491 atque
929 3412 1017 3475 iidem
1038 3413 1141 3474 videtis
1163 3431 1249 3492 quam
1277 3431 1335 3474 non
1365 3414 1457 3490 possit
1484 3431 1518 3473 ea
1546 3413 1609 3472 sine
1630 3406 1757 3491 quodam
1780 3412 1808 3470 iu

529 3535 587 3595 quo
611 3522 741 3575 versetur
764 3514 895 3585 cardine,
924 3515 952 3575 id
982 3521 1026 3577 est
1053 3517 1116 3575 siue
1144 3514 1262 3592 publico
1290 3523 1407 3575 rectore
1429 3532 1463 3575 ac
1485 3508 1617 3592 principe
1639 3515 1808 3580 consistere,

529 3618 607 3697 quod
630 3617 759 3693 omnipm
784 3624 847 3676 rota
870 3624 1025 3696 expetunt,
1049 3616 1165 3696 publica
1182 3615 1292 3695 flagitat
1306 3618 1478 3684 necessitas,
1502 3610 1701 3699 vestra'exlgit
1715 3615 1808 3692 digniss

530 3727 588 3804 tas,
611 3726 644 3780 ut
665 3698 768 3780 ombes
789 3718 858 3778 salvi
880 3720 987 3789 simus,
1017 3737 1067 3778 ros
1096 3718 1187 3797 gloria
1215 3720 1291 3779 aucti
1320 3726 1349 3779 et
1377 3720 1487 3788 ornati,
1515 3725 1616 3797 parete
1638 3720 1664 3778 ei
1687 3714 1810 3796 qul‘ros

456 3852 460 3859 ·
530 3830 610 3884 recte
632 3827 746 3891 monet,
768 3827 849 3882 recte
871 3821 965 3903 ducit,
988 3821 1131 3900 sineque
1145 3826 1212 3881 Ιἰιοιι
1235 3819 1302 3897 plus
1323 3820 1378 3898 ipsi
1400 3822 1519 3898 potestis
1541 3838 1628 3899 qnam
1650 3820 1713 3879 sine
1728 3818 1844 3879 robisw

461 3924 595 3986 §.reida
638 3923 712 3985 Nam
742 3931 774 3983 ut
801 3924 830 3983 in
859 3924 1107 4002 comparationem
1134 3923 1313 3984 deducamus
1339 3940 1417 3993 rem,
1448 3940 1534 4001 quam
1565 3921 1710 3995 infirmum
1739 3919 1809 3981 illud

528 4028 585 4088 erit
605 4013 869 4105 sine'reliqu'orum
891 4025 1053 4087 ministerio
1081 4023 1282 4086 membrorum
1311 4023 1416 4103 caput?
1447 4041 1625 4101 rursumque
1654 4029 1686 4083 nt
1711 4030 1808 4102 turpe,

528 4138 561 4189 ut
582 4146 718 4189 mancum
740 4146 774 4188 ac
796 4127 942 4189 delectum
965 4130 1027 4188 sine
1050 4129 1144 4206 capite
1167 4125 1292 4202 corpus?
1321 4123 1411 4186 Bruta
1433 4125 1568 4187 animalia
1590 4125 1696 4186 ducem
1719 4142 1808 4204 agno·

528 4237 628 4300 sc'uut,
651 4235 782 4291 armenta
804 4235 939 4300 taurum,
968 4231 1089 4291 arietem
1112 4244 1193 4297 ores,
1222 4213 1391 4306 elephantes
1413 4246 1530 4307 quoque
1557 4245 1624 4288 eum
1653 4228 1703 4304 qui
1726 4227 1809 4306 praeit

463 4339 527 4388 tue
540 4340 716 4410 sequuntur,
740 4338 769 4416 ct
790 4349 878 4409 grues
901 4331 1054 4394 ductorem
1081 4330 1256 4408 suscipiunt,
1286 4348 1356 4407 apes
1385 4348 1485 4409 regem
1513 4336 1697 4390 venerantur.
1743 4341 1843 4407 quero

455 4459 458 4467 ·
529 4452 595 4494 curn
618 4436 648 4494 in
670 4434 783 4494 ratione
805 4432 973 4493 carentibus
995 4429 1188 4493 animantibus
1209 4430 1372 4501 rideamus,
1397 4450 1446 4493 ros
1468 4433 1531 4492 sine
1547 4419 1636 4499 d'uce',
1659 4433 1724 4492 siue
1738 4447 1808 4508 rege

528 4542 614 4614 atque
636 4534 710 4596 adeo
732 4536 794 4595 sine
817 4536 911 4613 capite
933 4536 1036 4599 eritis?
1059 4541 1188 4594 autnon
1212 4533 1382 4594 meministis
1404 4534 1544 4594 maximas
1566 4548 1644 4612 saepe
1658 4550 1708 4593 res
1722 4534 1808 4594 unius

449 4660 453 4667 ·
528 4635 649 4697 consilio
671 4655 705 4697 ac
728 4636 907 4715 providentia
930 4635 1011 4697 ducis
1033 4641 1152 4714 gestas„
1167 4633 1238 4695 nibil
1260 4653 1389 4715 unquam
1412 4634 1456 4695 rel
1476 4654 1491 4696 a
1508 4635 1640 4696 maximis
1654 4635 1718 4696 sine
1732 4634 1809 4695 duce

526 4770 677 4784 ἡ..
682 4774 726 4781 --0

594 4855 732 4906 ⁸nuienm
754 4820 805 4904 eive
828 4854 974 4920 uuicuique
996 4861 1055 4920 post
1078 4854 1147 4905 illud
1173 4858 1303 4907 addidisse
1320 4862 1349 4903 Η.
1373 4856 1432 4905 adn.
1451 4859 1476 4908 t.
1500 4856 1542 4922 qui
1563 4856 1673 4905 unicum
1701 4857 1807 4921 recepit.

414 4981 421 5021 :
451 4975 459 5020 ἒ
526 4933 645 5000 '„Nate
664 4940 728 5000 deo,
749 4943 825 5004 potes
842 4938 894 4989 boc
912 4941 963 4990 sub
981 4955 1047 4990 casn
1066 4940 1167 4991 ducere
1185 4934 1328 4992 somnos?'‘
1346 4941 1428 5005 Verg.
1440 4941 1503 4990 AEu.
1515 4938 1630 4992 ΝΜΟ.
1670 4939 1681 4973 ⁸
1699 4940 1768 4991 deus

379 5034 421 5079 .’;
451 5039 458 5083 2
527 5022 696 5073 melior1.2.
717 5023 841 5073 Christus
858 5025 976 5088 optimus
993 5032 1099 5075 ecerat.
1151 5025 1170 5058 ¹¹
1190 5025 1269 5075 biros
1287 5025 1346 5090 (pro
1364 5024 1453 5089 vobis)
1473 5028 1497 5075 d.
1550 5022 1572 5057 ¹⁵
1590 5022 1820 5077 obilioresm«
