4300 6059
573 720 696 758 RVTTBNI
716 723 745 757 nt
765 722 858 758 evcnit
877 724 1154 758 WIBTENPERGENSEH
1173 725 1276 758 ottfflo
1296 725 1353 759 1111.
1371 725 1476 761 BHG·
1489 725 1516 760 A.
1532 717 1589 762 1⁵17.
1672 695 1720 767 65

436 859 575 956 iniuriam
598 883 716 936 mortuo
739 877 854 946 iacere,
878 877 935 937 hoc
957 883 1056 939 tamen
1078 878 1136 938 dici
1158 897 1173 938 a
1197 897 1244 939 me
1266 877 1337 939 nibil
1359 873 1512 958 prohihet,
1536 890 1638 942 contra
1657 883 1722 942 irati

436 976 565 1039 bominis
592 977 757 1038 violentiam
785 977 868 1038 nullo
895 980 1083 1040 interimendi
1110 983 1261 1059 proposito
1293 980 1374 1041 hunc
1402 1000 1433 1041 se
1462 982 1643 1051 defendisse;
1673 982 1723 1043 ubi

436 1078 533 1158 siquid
555 1080 690 1157 asperius
712 1080 815 1140 accidit
837 1098 924 1157 quam
947 1079 996 1140 hic
1018 1080 1147 1151 volebat,
1172 1082 1202 1142 in
1225 1101 1260 1143 eo
1283 1081 1367 1162 culpa
1391 1084 1501 1144 residet
1522 1087 1571 1162 qni
1592 1087 1722 1145 occasio·

437 1198 504 1242 nem
526 1180 667 1258 prebuit,
691 1199 750 1241 non
773 1183 822 1260 q‘ui
844 1182 1017 1243 necessitate
1037 1181 1207 1260 compulsus
1235 1192 1279 1244 est
1308 1185 1350 1244 uti
1379 1184 1511 1253 tortuna;
1540 1192 1571 1246 tu
1603 1187 1722 1246 minime

417 1282 620 1353 saudiendus,
643 1284 693 1362 qui
714 1281 785 1343 illud
808 1283 893 1343 nobis
909 1283 1018 1345 adimis
1040 1284 1120 1363 quod
1141 1284 1221 1363 leges
1249 1304 1367 1365 quoque
1395 1286 1575 1356 concedunt,
1606 1295 1637 1347 ut
1665 1289 1721 1347 rim

439 1383 703 1464 sipropulsemus.
746 1385 783 1445 ht
803 1386 1010 1462 ingratitudine
1032 1395 1081 1447 tua
1111 1387 1179 1466 qnid
1207 1393 1303 1466 potest
1331 1405 1395 1448 esse
1422 1389 1596 1466 flagitiosum
1619 1389 1719 1466 magis,
1731 1401 1791 1451 trs.

438 1486 559 1566 quando
581 1485 608 1547 X
630 1485 707 1546 milia
729 1504 889 1549 atueorum
911 1495 1014 1548 mutuo
1038 1487 1089 1548 tibi
1112 1489 1178 1549 data
1206 1507 1266 1549 non
1296 1508 1360 1551 esse
1389 1489 1564 1552 beneficium
1593 1492 1652 1551 ais?
1679 1491 1723 1550 An

438 1586 614 1650 beneficium
637 1606 697 1648 non
720 1596 763 1649 est
785 1589 880 1668 siquid
903 1590 1020 1676 iurandi
1042 1592 1140 1651 animo
1163 1591 1313 1652 confertur
1336 1593 1365 1651 in
1389 1593 1573 1671 quenquam?
1595 1599 1645 1652 aut
1665 1609 1724 1652 non

438 1687 488 1750 illa
508 1684 534 1750 Χ
558 1688 636 1750 milia
658 1677 730 1750 ¹tunc
752 1690 832 1751 dedit
852 1689 1073 1755 liberalissimus
1095 1710 1202 1759 senex,
1227 1692 1342 1770 qnando
1366 1701 1397 1753 tu
1420 1695 1449 1753 in
1464 1711 1579 1754 summa
1597 1701 1725 1770 egestate

404 1807 508 1851 mcum
530 1799 660 1852 extrema
683 1794 799 1852 iortuna
821 1799 931 1862 stares,
961 1811 1020 1853 non
1047 1793 1178 1854 habebas
1206 1812 1264 1873 quq
1292 1803 1319 1854 te
1349 1793 1446 1856 multis
1475 1815 1509 1855 ac
1532 1794 1725 1873 presentibus

438 1892 579 1972 periculis
601 1894 761 1954 eximeres?
784 1893 875 1955 'latita
898 1895 1021 1973 pecunia
1044 1914 1112 1955 curn
1134 1893 1186 1954 tibi
1209 1895 1444 1966 subvenerimus,
1468 1895 1641 1958 beneficium
1663 1911 1793 1961 nontto.

438 1996 589 2073 agnoscis,
613 1996 683 2072 quid
698 1996 812 2057 laceres
826 1997 850 2056 si
872 2014 932 2057 uno
954 2015 1075 2057 nummo
1087 1995 1220 2057 salutem
1244 2004 1323 2057 tuam
1338 1998 1511 2077 redemisset
1526 1999 1608 2077 quis?
1631 1999 1726 2059 duris·

439 2097 513 2160 sime
535 2096 703 2166 hominum,
726 2097 837 2158 adeone
860 2116 964 2159 saxeus
987 2117 1032 2168 es,
1061 2097 1195 2159 utnulla
1217 2097 1396 2177 benignitas,
1426 2099 1505 2160 nulla
1533 2099 1725 2160 beneficentia

439 2205 596 2259 cortuum
619 2188 770 2277 penetret?
797 2207 826 2260 et
849 2200 936 2261 debet
957 2200 1033 2261 istud
1056 2201 1175 2280 quidem
1196 2200 1372 2261 documento
1401 2190 1465 2262 esse
1493 2201 1628 2262 omnibus
1655 2187 1724 2280 quid

406 2299 492 2360 rstibi
515 2298 672 2371 debeatur,
696 2320 762 2361 cum
785 2301 842 2361 hoc
864 2301 930 2361 loco
952 2302 1104 2362 hominum
1126 2304 1156 2363 in
1178 2309 1207 2363 te
1229 2301 1409 2364 benemerita
1432 2321 1534 2382 ponas.
1579 2301 1634 2374 Qui
1656 2317 1794 2367 cnmtro.

440 2400 504 2461 talis
526 2404 580 2472 sis,
603 2421 659 2464 noc
682 2404 792 2464 crimen
815 2404 1029 2480 ingratitudinis
1051 2402 1097 2464 vel
1119 2403 1361 2465 dissimulandum
1384 2404 1487 2475 ducas,
1516 2404 1606 2465 multa
1628 2411 1726 2466 tamen

439 2503 540 2564 mores
562 2523 627 2583 quae
649 2505 685 2565 ad
706 2512 736 2565 te
759 2505 915 2565 iurandum
937 2499 1099 2583 pertinent,
1123 2507 1205 2584 quasi
1227 2524 1287 2566 non
1309 2505 1411 2566 solitus
1426 2508 1466 2566 sis
1481 2514 1646 2568 servatores
1660 2513 1727 2567 tuos

439 2603 515 2665 elios
535 2607 606 2676 rita,
630 2605 701 2668 alios
724 2607 882 2667 carissimis
904 2607 960 2668 sibi
980 2607 1072 2668 rebus
1093 2607 1238 2686 spoliare,
1262 2608 1343 2668 addis
1358 2608 1445 2668 etiam
1461 2609 1645 2670 iactationem
1664 2615 1727 2668 tna·

438 2726 506 2769 rum
530 2710 685 2776 virtutum,
715 2717 744 2770 et
764 2710 841 2770 inter
863 2717 967 2770 cetera
991 2712 1032 2771 ais
1055 2729 1122 2771 eum
1145 2728 1216 2771 esse>
1231 2718 1260 2770 te
1282 2709 1331 2790 qui
1358 2709 1502 2771 bonorem
1530 2729 1647 2789 semper
1673 2709 1725 2770 ha·

404 2810 543 2871 aebneris
564 2809 701 2872 muliebri
722 2813 815 2872 serui.
853 2813 936 2891 quasi
964 2829 1033 2873 vero
1061 2813 1091 2873 in
1114 2810 1288 2873 oblivionem
1311 2811 1449 2872 ceciderit
1477 2811 1796 2889 qtremadmodnmsn.

439 2918 521 2973 tuam
545 2913 718 2991 coniugem,
740 2913 812 2974 illud
835 2892 982 2992 singulare
1005 2914 1151 2992 pudicitie
1173 2916 1337 2992 specimen,
1360 2914 1546 2982 tractareris;
1570 2920 1611 2983 et,
1635 2931 1652 2972 o
1675 2913 1727 2972 mi-

439 3033 538 3076 seram
560 3013 713 3076 mulierem
737 3034 772 3076 ae
794 3016 913 3075 sinistro
935 3015 1032 3094 aliquo
1054 3017 1114 3076 lato
1138 3017 1322 3076 commissam
1337 3014 1407 3094 lupo
1422 3015 1542 3093 agnam?
1566 3021 1643 3074 tuam
1659 3032 1728 3074 vero

441 3125 579 3178 naturam
603 3117 751 3195 quomodo
774 3117 848 3178 leret
870 3118 1037 3196 qnisquam,
1067 3119 1091 3178 si
1113 3119 1168 3178 ista
1197 3119 1274 3179 serre
1302 3118 1420 3196 nequit?
1451 3121 1501 3175 aut
1529 3114 1651 3176 alicuius
1674 3134 1727 3175 nn·

440 3237 530 3299 quarn
554 3220 687 3282 conn'ctu
710 3220 860 3287 mitesces,
884 3221 932 3297 qui
955 3219 1011 3280 hoe
1033 3220 1271 3296 suavisoniugio
1294 3225 1398 3279 auctus
1420 3237 1451 3280 es
1474 3218 1588 3279 ieritate
1608 3236 1642 3278 ac
1657 3234 1727 3278 coa·

401 3320 589 3384 astumacia?
610 3320 717 3382 Debuit
739 3319 801 3391 illa,
826 3320 870 3381 rel
892 3321 1081 3396 uehementer
1097 3327 1244 3381 commoto
1259 3320 1327 3391 tibi,
1351 3314 1465 3399 quoties
1479 3319 1643 3390 incidisset,
1667 3336 1795 3391 unoen.

439 3432 562 3501 aspectu
586 3442 703 3502 unoque
725 3425 829 3483 intuitu
853 3441 969 3484 omnem
992 3424 1089 3484 statim
1111 3422 1291 3482 iracundiam
1314 3423 1494 3500 reprimere,
1517 3422 1660 3482 tristitiam
1678 3439 1728 3480 au-

440 3526 537 3594 lerre,
560 3525 813 3605 perturbationem
836 3543 1030 3603 componere,
1052 3527 1126 3585 iram
1149 3525 1269 3584 sedare:
1291 3531 1320 3584 at
1341 3531 1372 3584 tu
1395 3542 1453 3583 non
1478 3528 1534 3584 iarn
1550 3522 1653 3591 homo,
1676 3522 1727 3582 sed

440 3628 578 3704 immanis
600 3627 706 3697 hestia,
730 3628 808 3688 omni
831 3628 929 3705 vipera
952 3627 1136 3698 virulentior,
1166 3627 1246 3686 omni
1268 3627 1423 3705 scorpione
1446 3623 1625 3694 insidiosior,
1649 3625 1728 3684 omni
1791 3669 1797 3682 .

440 3730 543 3809 aspide
565 3730 732 3798 nocentior,
757 3749 791 3789 ex
814 3727 1007 3789 saluberrimo
1023 3730 1120 3789 lrnctu
1136 3729 1396 3808 presentissimum
1412 3726 1559 3806 exugehas
1574 3744 1727 3797 uenenum,

403 3827 473 3895 »et
494 3830 572 3892 illam
596 3832 651 3893 hac
673 3832 783 3900 lorma,
807 3831 852 3891 his
874 3829 1024 3897 moribus,
1048 3831 1090 3890 sic
1113 3830 1149 3890 de
1173 3839 1200 3891 te
1222 3831 1356 3891 meritam
1380 3830 1533 3890 durissime
1551 3827 1725 3896 hahendam,

440 3933 631 3996 acerbissime
653 3933 853 4011 affligendam,
882 3934 1048 3992 immaniter
1071 3932 1261 3993 occidendam
1290 3933 1405 3993 duxisti.
1443 3932 1491 3992 cui
1521 3932 1585 4010 quis
1612 3935 1796 4007 permetere.
1853 3985 1855 3988 ,

439 4037 471 4096 in
495 4034 590 4113 aliqua
614 4034 701 4095 domo
725 4054 783 4095 non
807 4053 870 4095 esse
892 4033 1008 4106 locum,
1031 4052 1098 4095 cum
1121 4053 1156 4094 er
1179 4035 1235 4095 hac
1256 4035 1429 4113 prodiisset?
1457 4041 1486 4094 at
1507 4035 1537 4093 in
1560 4040 1608 4091 tua
1631 4032 1728 4101 domo,

439 4155 531 4216 quam
553 4138 673 4214 generis
693 4137 821 4215 primum
844 4135 1015 4214 splendore,
1039 4136 1144 4197 deinde
1167 4136 1303 4197 omnibus
1324 4138 1434 4214 pariter
1457 4134 1544 4196 animi
1566 4152 1601 4193 ac
1623 4151 1728 4211 corpo·

441 4241 485 4301 ris
507 4238 625 4299 dotibus
647 4240 817 4307 ornaverat,
841 4238 923 4304 hartel
952 4237 1015 4298 fnit.
1062 4238 1167 4299 deinde
1195 4240 1259 4317 quis
1282 4237 1367 4298 alicui
1397 4238 1472 4297 hanc
1499 4236 1643 4314 speciem,
1672 4233 1729 4293 hoc
1810 4220 1816 4234 ⁹

407 4337 671 4420 „pulchritudinis
692 4340 805 4418 insigne
828 4340 981 4418 displicere
1003 4340 1145 4400 credidit?
1167 4347 1196 4398 at
1218 4339 1285 4409 tihi,
1308 4356 1395 4417 quem
1419 4341 1509 4418 partis
1524 4355 1641 4416 qnoque
1656 4334 1727 4395 libe·

441 4444 485 4504 ris
506 4450 642 4512 auxerat,
666 4449 778 4502 tantum
799 4441 892 4502 abluit
906 4450 938 4501 nt
952 4441 1097 4520 placeret,
1120 4450 1153 4502 ut
1167 4443 1254 4501 etiam
1268 4441 1384 4517 flagris,
1407 4439 1594 4509 verberibus,
1616 4437 1728 4517 laqueis

441 4562 479 4606 so
500 4543 641 4606 crucibus
662 4547 749 4622 petita
772 4545 818 4604 sit.
863 4541 1024 4622 Quicquam
1052 4545 1141 4620 igitur
1169 4544 1311 4603 committi
1339 4540 1392 4602 ahs
1419 4547 1448 4601 te
1470 4547 1566 4618 potest
1588 4534 1796 4601 adversusttt·

442 4647 524 4709 hunc
545 4665 649 4707 sexum
671 4647 852 4708 inhonestius
873 4666 907 4706 ae
929 4645 1146 4707 detestabilius?
1174 4643 1219 4705 vel
1246 4644 1292 4712 cni
1320 4641 1511 4722 persuadebis
1533 4641 1676 4702 honorem
1698 4648 1727 4701 te

442 4749 583 4810 babuisse
604 4746 792 4817 mulieribus,
816 4749 866 4827 qui
888 4755 988 4808 contre
1010 4747 1088 4806 hanc
1110 4746 1197 4806 talem
1220 4764 1254 4806 ae
1273 4752 1381 4805 tantam
1397 4744 1526 4805 inaudito
1541 4744 1663 4804 feritatis
1678 4761 1728 4820 ge·

367 4862 391 4949 ο
442 4870 515 4913 nere
538 4849 736 4911 debacchatus
760 4851 808 4910 es?
830 4849 966 4910 Sed.iam
989 4846 1058 4909 illud
1082 4838 1154 4908 mihi
1176 4848 1317 4917 occurrit,
1345 4865 1404 4926 quo
1432 4853 1462 4906 tu
1484 4846 1621 4923 respicis:
1651 4844 1728 4904 bene

443 4969 639 4982 *ι-α-

477 5036 805 5100 messanensem.
832 5034 853 5067 ¹²
862 5021 1022 5086 redimJedd.
1051 5033 1329 5085 ¹⁸c1artas51eoms.
1356 5032 1567 5083 “ferocitatem
1595 5035 1726 5082 ceretu.

503 5124 638 5175 Herem
656 5121 725 5173 Ore.
748 5137 813 5172 ror..
831 5120 864 5171 V.
1084 5179 1086 5182 q
1499 5172 1501 5176 ,
1573 5119 1592 5179 5
