<?xml version="1.0" encoding="UTF-8"?>
<!DOCTYPE html PUBLIC "-//W3C//DTD XHTML 1.0 Transitional//EN"
    "http://www.w3.org/TR/xhtml1/DTD/xhtml1-transitional.dtd">
<html xmlns="http://www.w3.org/1999/xhtml" xml:lang="en" lang="en">
 <head>
  <title>
</title>
<meta http-equiv="Content-Type" content="text/html;charset=utf-8" />
  <meta name='ocr-system' content='tesseract 3.04.00' />
  <meta name='ocr-capabilities' content='ocr_page ocr_carea ocr_par ocr_line ocrx_word'/>
</head>
<body>
  <div class='ocr_page' id='page_1' title='image "./ulrichihuttenie01huttgoog/ulrichihuttenie01huttgoog_0506.png"; bbox 0 0 4300 6059; ppageno 0'>
   <div class='ocr_carea' id='block_1_1' title="bbox 450 683 1737 756">
    <p class='ocr_par' dir='ltr' id='par_1_1' title="bbox 450 683 1737 756">
     <span class='ocr_line' id='line_1_1' title="bbox 450 683 1737 756; baseline 0.001 -7"><span class='ocrx_word' id='word_1_1' title='bbox 450 683 524 756; x_wconf 77' lang='grc'><strong>496</strong></span> <span class='ocrx_word' id='word_1_2' title='bbox 545 714 669 751; x_wconf 68' lang='lat' dir='ltr'><strong>aarum</strong></span> <span class='ocrx_word' id='word_1_3' title='bbox 680 714 714 750; x_wconf 76' lang='lat' dir='ltr'><strong>ba</strong></span> <span class='ocrx_word' id='word_1_4' title='bbox 725 714 841 750; x_wconf 69' lang='lat' dir='ltr'><strong>GVAIAcl</strong></span> <span class='ocrx_word' id='word_1_5' title='bbox 853 713 947 749; x_wconf 70' lang='lat' dir='ltr'><strong>nante.</strong></span> <span class='ocrx_word' id='word_1_6' title='bbox 959 715 992 748; x_wconf 74' lang='grc' dir='ltr'><strong>ΕΤ</strong></span> <span class='ocrx_word' id='word_1_7' title='bbox 1003 714 1097 749; x_wconf 73' lang='lat' dir='ltr'><strong>ttonbo</strong></span> <span class='ocrx_word' id='word_1_8' title='bbox 1107 714 1188 749; x_wconf 67' lang='lat' dir='ltr'><strong>otuu.</strong></span> <span class='ocrx_word' id='word_1_9' title='bbox 1200 715 1258 749; x_wconf 74' lang='lat' dir='ltr'><strong>utu.</strong></span> <span class='ocrx_word' id='word_1_10' title='bbox 1269 714 1318 748; x_wconf 68' lang='grc' dir='ltr'><strong>ΜῙΤ</strong></span> <span class='ocrx_word' id='word_1_11' title='bbox 1328 714 1458 749; x_wconf 54' lang='lat' dir='ltr'><strong>[URBES</strong></span> <span class='ocrx_word' id='word_1_12' title='bbox 1469 713 1737 751; x_wconf 56' lang='lat' dir='ltr'><strong>cannamomum.</strong></span> 
     </span>
    </p>
   </div>
   <div class='ocr_carea' id='block_1_2' title="bbox 380 867 1772 1959">
    <p class='ocr_par' dir='ltr' id='par_1_2' title="bbox 449 867 1736 945">
     <span class='ocr_line' id='line_1_2' title="bbox 449 867 1736 945; baseline -0.001 -14"><span class='ocrx_word' id='word_1_13' title='bbox 449 879 530 931; x_wconf 90' lang='lat' dir='ltr'><strong>recte</strong></span> <span class='ocrx_word' id='word_1_14' title='bbox 552 870 663 930; x_wconf 92' lang='lat' dir='ltr'><strong>aditum</strong></span> <span class='ocrx_word' id='word_1_15' title='bbox 686 888 753 929; x_wconf 91' lang='lat' dir='ltr'><strong>eum</strong></span> <span class='ocrx_word' id='word_1_16' title='bbox 775 876 937 945; x_wconf 88' lang='lat' dir='ltr'><strong>sequantur</strong></span> <span class='ocrx_word' id='word_1_17' title='bbox 960 868 1113 927; x_wconf 91' lang='lat' dir='ltr'><strong>commoda</strong></span> <span class='ocrx_word' id='word_1_18' title='bbox 1137 868 1271 927; x_wconf 77' lang='lat' dir='ltr'><strong>ostendit.</strong></span> <span class='ocrx_word' id='word_1_19' title='bbox 1316 867 1509 928; x_wconf 88' lang='lat' dir='ltr'><strong>meridianum</strong></span> <span class='ocrx_word' id='word_1_20' title='bbox 1531 887 1633 930; x_wconf 86' lang='lat' dir='ltr'><strong>omnes</strong></span> <span class='ocrx_word' id='word_1_21' title='bbox 1655 870 1736 930; x_wconf 90' lang='lat' dir='ltr'><strong>dam-</strong></span> 
     </span>
    </p>

    <p class='ocr_par' dir='ltr' id='par_1_3' title="bbox 380 967 1735 1250">
     <span class='ocr_line' id='line_1_3' title="bbox 380 967 1735 1048; baseline -0.001 -16"><span class='ocrx_word' id='word_1_22' title='bbox 380 981 528 1032; x_wconf 80' lang='lat' dir='ltr'><strong>t.⁵¹.nant.</strong></span> <span class='ocrx_word' id='word_1_23' title='bbox 574 970 626 1030; x_wconf 87' lang='lat' dir='ltr'><strong>llis</strong></span> <span class='ocrx_word' id='word_1_24' title='bbox 653 973 703 1048; x_wconf 86' lang='lat' dir='ltr'><strong>qui</strong></span> <span class='ocrx_word' id='word_1_25' title='bbox 729 972 867 1030; x_wconf 81' lang='lat' dir='ltr'><strong>tristioris</strong></span> <span class='ocrx_word' id='word_1_26' title='bbox 895 978 963 1030; x_wconf 89' lang='lat' dir='ltr'><strong>sunt</strong></span> <span class='ocrx_word' id='word_1_27' title='bbox 990 970 1182 1028; x_wconf 82' lang='lat' dir='ltr'><strong>uaturae&#39;aut</strong></span> <span class='ocrx_word' id='word_1_28' title='bbox 1209 970 1288 1029; x_wconf 91' lang='lat' dir='ltr'><strong>curis</strong></span> <span class='ocrx_word' id='word_1_29' title='bbox 1317 967 1499 1038; x_wconf 77' lang='lat' dir='ltr'><strong>lacerantur,</strong></span> <span class='ocrx_word' id='word_1_30' title='bbox 1528 972 1735 1032; x_wconf 79' lang='lat' dir='ltr'><strong>accersendam</strong></span> 
     </span>
     <span class='ocr_line' id='line_1_4' title="bbox 449 1069 1735 1149; baseline 0.001 -17"><span class='ocrx_word' id='word_1_31' title='bbox 449 1072 567 1132; x_wconf 84' lang='lat' dir='ltr'><strong>aliunde</strong></span> <span class='ocrx_word' id='word_1_32' title='bbox 590 1071 717 1131; x_wconf 83' lang='lat' dir='ltr'><strong>laetitiam</strong></span> <span class='ocrx_word' id='word_1_33' title='bbox 741 1071 845 1131; x_wconf 88' lang='lat' dir='ltr'><strong>medici</strong></span> <span class='ocrx_word' id='word_1_34' title='bbox 869 1088 1049 1149; x_wconf 81' lang='lat' dir='ltr'><strong>magnopere</strong></span> <span class='ocrx_word' id='word_1_35' title='bbox 1072 1078 1190 1148; x_wconf 90' lang='lat' dir='ltr'><strong>putant,</strong></span> <span class='ocrx_word' id='word_1_36' title='bbox 1221 1078 1249 1130; x_wconf 91' lang='lat' dir='ltr'><strong>et</strong></span> <span class='ocrx_word' id='word_1_37' title='bbox 1278 1069 1497 1131; x_wconf 83' lang='lat' dir='ltr'><strong>exhilarandam</strong></span> <span class='ocrx_word' id='word_1_38' title='bbox 1527 1081 1670 1139; x_wconf 89' lang='lat' dir='ltr'><strong>mentem,</strong></span> <span class='ocrx_word' id='word_1_39' title='bbox 1700 1092 1735 1133; x_wconf 92' lang='lat' dir='ltr'><strong>ac</strong></span> 
     </span>
     <span class='ocr_line' id='line_1_5' title="bbox 449 1171 1734 1250; baseline -0.002 -17"><span class='ocrx_word' id='word_1_40' title='bbox 449 1172 599 1233; x_wconf 85' lang='lat' dir='ltr'><strong>levandam</strong></span> <span class='ocrx_word' id='word_1_41' title='bbox 627 1174 716 1232; x_wconf 89' lang='lat' dir='ltr'><strong>animi</strong></span> <span class='ocrx_word' id='word_1_42' title='bbox 743 1175 923 1249; x_wconf 77' lang='lat' dir='ltr'><strong>gravitatem.</strong></span> <span class='ocrx_word' id='word_1_43' title='bbox 970 1172 1128 1233; x_wconf 79' lang='lat' dir='ltr'><strong>‘Souorum</strong></span> <span class='ocrx_word' id='word_1_44' title='bbox 1154 1172 1295 1232; x_wconf 83' lang='lat' dir='ltr'><strong>suavitate</strong></span> <span class='ocrx_word' id='word_1_45' title='bbox 1329 1173 1466 1249; x_wconf 89' lang='lat' dir='ltr'><strong>cogitatio</strong></span> <span class='ocrx_word' id='word_1_46' title='bbox 1501 1171 1643 1250; x_wconf 86' lang='lat' dir='ltr'><strong>abigenda</strong></span> <span class='ocrx_word' id='word_1_47' title='bbox 1672 1173 1734 1239; x_wconf 76' lang='lat' dir='ltr'><strong>est,</strong></span> 
     </span>
    </p>

    <p class='ocr_par' dir='ltr' id='par_1_4' title="bbox 381 1271 1772 1959">
     <span class='ocr_line' id='line_1_6' title="bbox 381 1271 1769 1352; baseline -0.004 -18"><span class='ocrx_word' id='word_1_48' title='bbox 381 1274 558 1334; x_wconf 71' lang='lat' dir='ltr'><strong>§.tt-Paulus</strong></span> <span class='ocrx_word' id='word_1_49' title='bbox 580 1282 683 1352; x_wconf 91' lang='lat' dir='ltr'><strong>mqmt.</strong></span> <span class='ocrx_word' id='word_1_50' title='bbox 730 1274 796 1343; x_wconf 82' lang='lat' dir='ltr'><strong>‘Qui</strong></span> <span class='ocrx_word' id='word_1_51' title='bbox 817 1292 906 1334; x_wconf 87' lang='lat' dir='ltr'><strong>sanus</strong></span> <span class='ocrx_word' id='word_1_52' title='bbox 929 1281 973 1334; x_wconf 89' lang='lat' dir='ltr'><strong>ost</strong></span> <span class='ocrx_word' id='word_1_53' title='bbox 995 1282 1021 1332; x_wconf 93' lang='lat' dir='ltr'><strong>et</strong></span> <span class='ocrx_word' id='word_1_54' title='bbox 1045 1291 1106 1332; x_wconf 75' lang='lat' dir='ltr'><strong>suat</strong></span> <span class='ocrx_word' id='word_1_55' title='bbox 1127 1271 1258 1350; x_wconf 76' lang='lat' dir='ltr'><strong>spontis,</strong></span> <span class='ocrx_word' id='word_1_56' title='bbox 1282 1271 1384 1333; x_wconf 86' lang='lat' dir='ltr'><strong>Celsus</strong></span> <span class='ocrx_word' id='word_1_57' title='bbox 1406 1275 1461 1341; x_wconf 92' lang='lat' dir='ltr'><strong>ait,</strong></span> <span class='ocrx_word' id='word_1_58' title='bbox 1493 1282 1598 1352; x_wconf 83' lang='lat' dir='ltr'><strong>‘neque</strong></span> <span class='ocrx_word' id='word_1_59' title='bbox 1620 1276 1769 1334; x_wconf 80' lang='lat' dir='ltr'><strong>medicos</strong></span> 
     </span>
     <span class='ocr_line' id='line_1_7' title="bbox 448 1372 1737 1454; baseline 0 -19"><span class='ocrx_word' id='word_1_60' title='bbox 448 1375 536 1436; x_wconf 92' lang='lat' dir='ltr'><strong>debet</strong></span> <span class='ocrx_word' id='word_1_61' title='bbox 558 1393 653 1453; x_wconf 85' lang='lat' dir='ltr'><strong>neque</strong></span> <span class='ocrx_word' id='word_1_62' title='bbox 676 1375 764 1454; x_wconf 82' lang='lat' dir='ltr'><strong>alipta</strong></span> <span class='ocrx_word' id='word_1_63' title='bbox 789 1375 896 1451; x_wconf 88' lang='lat' dir='ltr'><strong>egore&#39;.</strong></span> <span class='ocrx_word' id='word_1_64' title='bbox 933 1374 1013 1453; x_wconf 80' lang='lat' dir='ltr'><strong>quod</strong></span> <span class='ocrx_word' id='word_1_65' title='bbox 1030 1382 1061 1433; x_wconf 94' lang='lat' dir='ltr'><strong>ut</strong></span> <span class='ocrx_word' id='word_1_66' title='bbox 1083 1372 1194 1453; x_wconf 93' lang='lat' dir='ltr'><strong>probo,</strong></span> <span class='ocrx_word' id='word_1_67' title='bbox 1218 1382 1247 1433; x_wconf 89' lang='lat' dir='ltr'><strong>et</strong></span> <span class='ocrx_word' id='word_1_68' title='bbox 1269 1376 1393 1452; x_wconf 89' lang='lat' dir='ltr'><strong>eosqui</strong></span> <span class='ocrx_word' id='word_1_69' title='bbox 1415 1377 1524 1452; x_wconf 92' lang='lat' dir='ltr'><strong>optime</strong></span> <span class='ocrx_word' id='word_1_70' title='bbox 1546 1375 1642 1436; x_wconf 79' lang='lat' dir='ltr'><strong>valent</strong></span> <span class='ocrx_word' id='word_1_71' title='bbox 1663 1374 1737 1435; x_wconf 89' lang='lat' dir='ltr'><strong>nulli</strong></span> 
     </span>
     <span class='ocr_line' id='line_1_8' title="bbox 448 1474 1736 1554; baseline 0.001 -20"><span class='ocrx_word' id='word_1_72' title='bbox 448 1496 480 1535; x_wconf 89' lang='lat' dir='ltr'><strong>se</strong></span> <span class='ocrx_word' id='word_1_73' title='bbox 503 1494 683 1553; x_wconf 78' lang='lat' dir='ltr'><strong>magnopere</strong></span> <span class='ocrx_word' id='word_1_74' title='bbox 707 1476 821 1536; x_wconf 79' lang='lat' dir='ltr'><strong>vivendi</strong></span> <span class='ocrx_word' id='word_1_75' title='bbox 843 1490 955 1535; x_wconf 80' lang='lat' dir='ltr'><strong>uormae</strong></span> <span class='ocrx_word' id='word_1_76' title='bbox 977 1475 1127 1536; x_wconf 87' lang='lat' dir='ltr'><strong>devincire</strong></span> <span class='ocrx_word' id='word_1_77' title='bbox 1150 1474 1229 1541; x_wconf 77' lang='lat' dir='ltr'><strong>colo,</strong></span> <span class='ocrx_word' id='word_1_78' title='bbox 1258 1476 1298 1535; x_wconf 93' lang='lat' dir='ltr'><strong>ita</strong></span> <span class='ocrx_word' id='word_1_79' title='bbox 1327 1476 1373 1536; x_wconf 90' lang='lat' dir='ltr'><strong>his</strong></span> <span class='ocrx_word' id='word_1_80' title='bbox 1401 1478 1451 1554; x_wconf 84' lang='lat' dir='ltr'><strong>qui</strong></span> <span class='ocrx_word' id='word_1_81' title='bbox 1474 1475 1630 1554; x_wconf 89' lang='lat' dir='ltr'><strong>aliquando</strong></span> <span class='ocrx_word' id='word_1_82' title='bbox 1653 1477 1736 1536; x_wconf 89' lang='lat' dir='ltr'><strong>labo·</strong></span> 
     </span>
     <span class='ocr_line' id='line_1_9' title="bbox 447 1575 1735 1654; baseline 0.002 -18"><span class='ocrx_word' id='word_1_83' title='bbox 447 1584 601 1644; x_wconf 89' lang='lat' dir='ltr'><strong>raverunt,</strong></span> <span class='ocrx_word' id='word_1_84' title='bbox 630 1584 680 1637; x_wconf 91' lang='lat' dir='ltr'><strong>aut</strong></span> <span class='ocrx_word' id='word_1_85' title='bbox 703 1594 828 1654; x_wconf 91' lang='lat' dir='ltr'><strong>corpora</strong></span> <span class='ocrx_word' id='word_1_86' title='bbox 852 1576 961 1637; x_wconf 85' lang='lat' dir='ltr'><strong>babent</strong></span> <span class='ocrx_word' id='word_1_87' title='bbox 983 1575 1156 1636; x_wconf 88' lang='lat' dir='ltr'><strong>morborum</strong></span> <span class='ocrx_word' id='word_1_88' title='bbox 1185 1578 1297 1637; x_wconf 87' lang='lat' dir='ltr'><strong>iniuriis</strong></span> <span class='ocrx_word' id='word_1_89' title='bbox 1324 1577 1465 1647; x_wconf 77' lang='lat' dir='ltr'><strong>obnoxia,</strong></span> <span class='ocrx_word' id='word_1_90' title='bbox 1494 1586 1544 1638; x_wconf 86' lang='lat' dir='ltr'><strong>aut</strong></span> <span class='ocrx_word' id='word_1_91' title='bbox 1571 1578 1735 1638; x_wconf 82' lang='lat' dir='ltr'><strong>istiusmodi</strong></span> 
     </span>
     <span class='ocr_line' id='line_1_10' title="bbox 447 1677 1736 1758; baseline 0.002 -19"><span class='ocrx_word' id='word_1_92' title='bbox 447 1687 611 1758; x_wconf 80' lang='lat' dir='ltr'><strong>sequuntur</strong></span> <span class='ocrx_word' id='word_1_93' title='bbox 634 1680 697 1738; x_wconf 76' lang='lat' dir='ltr'><strong>ritae</strong></span> <span class='ocrx_word' id='word_1_94' title='bbox 720 1696 829 1756; x_wconf 88' lang='lat' dir='ltr'><strong>genus,</strong></span> <span class='ocrx_word' id='word_1_95' title='bbox 853 1681 881 1738; x_wconf 92' lang='lat' dir='ltr'><strong>in</strong></span> <span class='ocrx_word' id='word_1_96' title='bbox 905 1698 964 1757; x_wconf 89' lang='lat' dir='ltr'><strong>quo</strong></span> <span class='ocrx_word' id='word_1_97' title='bbox 987 1697 1045 1737; x_wconf 92' lang='lat' dir='ltr'><strong>non</strong></span> <span class='ocrx_word' id='word_1_98' title='bbox 1069 1677 1154 1738; x_wconf 89' lang='lat' dir='ltr'><strong>lacile</strong></span> <span class='ocrx_word' id='word_1_99' title='bbox 1176 1680 1252 1738; x_wconf 90' lang='lat' dir='ltr'><strong>tueri</strong></span> <span class='ocrx_word' id='word_1_100' title='bbox 1267 1680 1420 1740; x_wconf 90' lang='lat' dir='ltr'><strong>sanitatem</strong></span> <span class='ocrx_word' id='word_1_101' title='bbox 1436 1681 1558 1758; x_wconf 88' lang='lat' dir='ltr'><strong>possint,</strong></span> <span class='ocrx_word' id='word_1_102' title='bbox 1581 1698 1655 1758; x_wconf 90' lang='lat' dir='ltr'><strong>opus</strong></span> <span class='ocrx_word' id='word_1_103' title='bbox 1670 1699 1736 1741; x_wconf 90' lang='lat' dir='ltr'><strong>esse</strong></span> 
     </span>
     <span class='ocr_line' id='line_1_11' title="bbox 447 1778 1772 1860; baseline 0.002 -21"><span class='ocrx_word' id='word_1_104' title='bbox 447 1780 574 1857; x_wconf 88' lang='lat' dir='ltr'><strong>quadam</strong></span> <span class='ocrx_word' id='word_1_105' title='bbox 596 1780 661 1838; x_wconf 82' lang='lat' dir='ltr'><strong>vitan</strong></span> <span class='ocrx_word' id='word_1_106' title='bbox 683 1778 784 1856; x_wconf 91' lang='lat' dir='ltr'><strong>regula</strong></span> <span class='ocrx_word' id='word_1_107' title='bbox 807 1778 931 1840; x_wconf 90' lang='lat' dir='ltr'><strong>multum</strong></span> <span class='ocrx_word' id='word_1_108' title='bbox 954 1797 1070 1840; x_wconf 90' lang='lat' dir='ltr'><strong>censeo.</strong></span> <span class='ocrx_word' id='word_1_109' title='bbox 1115 1779 1244 1841; x_wconf 89' lang='lat' dir='ltr'><strong>Galenus</strong></span> <span class='ocrx_word' id='word_1_110' title='bbox 1265 1780 1394 1846; x_wconf 86' lang='lat' dir='ltr'><strong>monuit.</strong></span> <span class='ocrx_word' id='word_1_111' title='bbox 1423 1798 1606 1860; x_wconf 81' lang='lat' dir='ltr'><strong>nequaquam</strong></span> <span class='ocrx_word' id='word_1_112' title='bbox 1628 1788 1772 1860; x_wconf 80' lang='lat' dir='ltr'><strong>super-¹⁰</strong></span> 
     </span>
     <span class='ocr_line' id='line_1_12' title="bbox 446 1879 1526 1959; baseline 0 -20"><span class='ocrx_word' id='word_1_113' title='bbox 446 1881 536 1942; x_wconf 88' lang='lat' dir='ltr'><strong>lluam</strong></span> <span class='ocrx_word' id='word_1_114' title='bbox 559 1900 624 1942; x_wconf 91' lang='lat' dir='ltr'><strong>esse</strong></span> <span class='ocrx_word' id='word_1_115' title='bbox 648 1881 760 1941; x_wconf 84' lang='lat' dir='ltr'><strong>vivendi</strong></span> <span class='ocrx_word' id='word_1_116' title='bbox 782 1880 895 1958; x_wconf 87' lang='lat' dir='ltr'><strong>legem:</strong></span> <span class='ocrx_word' id='word_1_117' title='bbox 920 1880 1013 1941; x_wconf 83' lang='lat' dir='ltr'><strong>‘llieta</strong></span> <span class='ocrx_word' id='word_1_118' title='bbox 1037 1879 1133 1949; x_wconf 82' lang='lat' dir='ltr'><strong>enim,</strong></span> <span class='ocrx_word' id='word_1_119' title='bbox 1157 1881 1263 1959; x_wconf 84' lang='lat' dir='ltr'><strong>inquit,</strong></span> <span class='ocrx_word' id='word_1_120' title='bbox 1288 1881 1442 1941; x_wconf 88' lang='lat' dir='ltr'><strong>‘medicina</strong></span> <span class='ocrx_word' id='word_1_121' title='bbox 1465 1879 1526 1942; x_wconf 87' lang='lat' dir='ltr'><strong>est’.</strong></span> 
     </span>
    </p>
   </div>
   <div class='ocr_carea' id='block_1_3' title="bbox 388 2015 1768 3514">
    <p class='ocr_par' dir='ltr' id='par_1_5' title="bbox 445 2015 1768 2603">
     <span class='ocr_line' id='line_1_13' title="bbox 530 2015 1735 2095; baseline 0.001 -18"><span class='ocrx_word' id='word_1_122' title='bbox 530 2019 625 2095; x_wconf 76' lang='lat' dir='ltr'><strong>Atque</strong></span> <span class='ocrx_word' id='word_1_123' title='bbox 647 2017 711 2076; x_wconf 82' lang='lat' dir='ltr'><strong>haeo</strong></span> <span class='ocrx_word' id='word_1_124' title='bbox 734 2015 839 2081; x_wconf 80' lang='lat' dir='ltr'><strong>babui,</strong></span> <span class='ocrx_word' id='word_1_125' title='bbox 868 2018 976 2094; x_wconf 90' lang='lat' dir='ltr'><strong>optime</strong></span> <span class='ocrx_word' id='word_1_126' title='bbox 998 2024 1100 2095; x_wconf 88' lang='lat' dir='ltr'><strong>pater,</strong></span> <span class='ocrx_word' id='word_1_127' title='bbox 1128 2018 1237 2092; x_wconf 91' lang='lat' dir='ltr'><strong>optime</strong></span> <span class='ocrx_word' id='word_1_128' title='bbox 1259 2017 1409 2095; x_wconf 87' lang='lat' dir='ltr'><strong>princeps.</strong></span> <span class='ocrx_word' id='word_1_129' title='bbox 1439 2034 1504 2094; x_wconf 77' lang='lat' dir='ltr'><strong>quae</strong></span> <span class='ocrx_word' id='word_1_130' title='bbox 1525 2019 1555 2077; x_wconf 92' lang='lat' dir='ltr'><strong>in</strong></span> <span class='ocrx_word' id='word_1_131' title='bbox 1578 2036 1641 2078; x_wconf 92' lang='lat' dir='ltr'><strong>rem</strong></span> <span class='ocrx_word' id='word_1_132' title='bbox 1663 2036 1735 2095; x_wconf 91' lang='lat' dir='ltr'><strong>pro·</strong></span> 
     </span>
     <span class='ocr_line' id='line_1_14' title="bbox 446 2116 1735 2197; baseline 0.002 -20"><span class='ocrx_word' id='word_1_133' title='bbox 446 2119 571 2197; x_wconf 89' lang='lat' dir='ltr'><strong>positam</strong></span> <span class='ocrx_word' id='word_1_134' title='bbox 594 2125 645 2178; x_wconf 93' lang='lat' dir='ltr'><strong>aut</strong></span> <span class='ocrx_word' id='word_1_135' title='bbox 668 2136 714 2177; x_wconf 89' lang='lat' dir='ltr'><strong>me</strong></span> <span class='ocrx_word' id='word_1_136' title='bbox 737 2124 859 2195; x_wconf 81' lang='lat' dir='ltr'><strong>experto</strong></span> <span class='ocrx_word' id='word_1_137' title='bbox 883 2126 932 2176; x_wconf 88' lang='lat' dir='ltr'><strong>aut</strong></span> <span class='ocrx_word' id='word_1_138' title='bbox 954 2117 1017 2177; x_wconf 91' lang='lat' dir='ltr'><strong>aliis</strong></span> <span class='ocrx_word' id='word_1_139' title='bbox 1040 2116 1256 2184; x_wconf 90' lang='lat' dir='ltr'><strong>erudientibus‚</strong></span> <span class='ocrx_word' id='word_1_140' title='bbox 1286 2119 1374 2177; x_wconf 90' lang='lat' dir='ltr'><strong>mutis</strong></span> <span class='ocrx_word' id='word_1_141' title='bbox 1400 2120 1564 2195; x_wconf 77' lang='lat' dir='ltr'><strong>presertim</strong></span> <span class='ocrx_word' id='word_1_142' title='bbox 1588 2121 1735 2196; x_wconf 84' lang='lat' dir='ltr'><strong>magistris</strong></span> 
     </span>
     <span class='ocr_line' id='line_1_15' title="bbox 447 2216 1733 2305; baseline 0.001 -25"><span class='ocrx_word' id='word_1_143' title='bbox 447 2228 477 2280; x_wconf 91' lang='lat' dir='ltr'><strong>et</strong></span> <span class='ocrx_word' id='word_1_144' title='bbox 499 2220 544 2280; x_wconf 91' lang='lat' dir='ltr'><strong>bis</strong></span> <span class='ocrx_word' id='word_1_145' title='bbox 567 2221 617 2297; x_wconf 88' lang='lat' dir='ltr'><strong>qui</strong></span> <span class='ocrx_word' id='word_1_146' title='bbox 639 2217 802 2296; x_wconf 87' lang='lat' dir='ltr'><strong>periculum</strong></span> <span class='ocrx_word' id='word_1_147' title='bbox 826 2218 961 2305; x_wconf 73' lang='lat' dir='ltr'><strong>lecerunt</strong></span> <span class='ocrx_word' id='word_1_148' title='bbox 983 2226 1012 2277; x_wconf 93' lang='lat' dir='ltr'><strong>et</strong></span> <span class='ocrx_word' id='word_1_149' title='bbox 1033 2220 1099 2298; x_wconf 82' lang='lat' dir='ltr'><strong>ipsi.</strong></span> <span class='ocrx_word' id='word_1_150' title='bbox 1123 2218 1289 2278; x_wconf 81' lang='lat' dir='ltr'><strong>conducere</strong></span> <span class='ocrx_word' id='word_1_151' title='bbox 1313 2219 1418 2295; x_wconf 86' lang='lat' dir='ltr'><strong>putari.</strong></span> <span class='ocrx_word' id='word_1_152' title='bbox 1463 2216 1534 2287; x_wconf 80' lang='lat' dir='ltr'><strong>(luae</strong></span> <span class='ocrx_word' id='word_1_153' title='bbox 1556 2221 1593 2279; x_wconf 92' lang='lat' dir='ltr'><strong>ita</strong></span> <span class='ocrx_word' id='word_1_154' title='bbox 1616 2219 1733 2281; x_wconf 86' lang='lat' dir='ltr'><strong>celsitu·</strong></span> 
     </span>
     <span class='ocr_line' id='line_1_16' title="bbox 446 2303 1768 2397; baseline 0.001 -16"><span class='ocrx_word' id='word_1_155' title='bbox 446 2322 507 2381; x_wconf 93' lang='lat' dir='ltr'><strong>dini</strong></span> <span class='ocrx_word' id='word_1_156' title='bbox 530 2329 586 2381; x_wconf 83' lang='lat' dir='ltr'><strong>tuae</strong></span> <span class='ocrx_word' id='word_1_157' title='bbox 608 2303 784 2397; x_wconf 72' lang='lat' dir='ltr'><strong>conscripsi,</strong></span> <span class='ocrx_word' id='word_1_158' title='bbox 809 2328 920 2379; x_wconf 92' lang='lat' dir='ltr'><strong>utnon</strong></span> <span class='ocrx_word' id='word_1_159' title='bbox 943 2319 1046 2380; x_wconf 88' lang='lat' dir='ltr'><strong>vellem</strong></span> <span class='ocrx_word' id='word_1_160' title='bbox 1068 2320 1114 2379; x_wconf 91' lang='lat' dir='ltr'><strong>his</strong></span> <span class='ocrx_word' id='word_1_161' title='bbox 1136 2320 1254 2397; x_wconf 88' lang='lat' dir='ltr'><strong>quidem</strong></span> <span class='ocrx_word' id='word_1_162' title='bbox 1277 2321 1319 2379; x_wconf 93' lang='lat' dir='ltr'><strong>uti</strong></span> <span class='ocrx_word' id='word_1_163' title='bbox 1341 2327 1384 2380; x_wconf 93' lang='lat' dir='ltr'><strong>te:</strong></span> <span class='ocrx_word' id='word_1_164' title='bbox 1408 2322 1478 2380; x_wconf 83' lang='lat' dir='ltr'><strong>laxit</strong></span> <span class='ocrx_word' id='word_1_165' title='bbox 1497 2320 1555 2380; x_wconf 89' lang='lat' dir='ltr'><strong>hoc</strong></span> <span class='ocrx_word' id='word_1_166' title='bbox 1577 2323 1654 2380; x_wconf 91' lang='lat' dir='ltr'><strong>enim</strong></span> <span class='ocrx_word' id='word_1_167' title='bbox 1670 2331 1768 2382; x_wconf 80' lang='lat' dir='ltr'><strong>ser-¹⁵</strong></span> 
     </span>
     <span class='ocr_line' id='line_1_17' title="bbox 446 2420 1733 2499; baseline 0 -17"><span class='ocrx_word' id='word_1_168' title='bbox 446 2431 529 2484; x_wconf 86' lang='lat' dir='ltr'><strong>vator</strong></span> <span class='ocrx_word' id='word_1_169' title='bbox 551 2421 694 2488; x_wconf 81' lang='lat' dir='ltr'><strong>Christus,</strong></span> <span class='ocrx_word' id='word_1_170' title='bbox 718 2439 755 2480; x_wconf 92' lang='lat' dir='ltr'><strong>ne</strong></span> <span class='ocrx_word' id='word_1_171' title='bbox 779 2438 907 2499; x_wconf 89' lang='lat' dir='ltr'><strong>uuquam</strong></span> <span class='ocrx_word' id='word_1_172' title='bbox 931 2421 1054 2481; x_wconf 88' lang='lat' dir='ltr'><strong>debeas:</strong></span> <span class='ocrx_word' id='word_1_173' title='bbox 1077 2421 1128 2481; x_wconf 88' lang='lat' dir='ltr'><strong>sed</strong></span> <span class='ocrx_word' id='word_1_174' title='bbox 1152 2428 1184 2481; x_wconf 92' lang='lat' dir='ltr'><strong>ut</strong></span> <span class='ocrx_word' id='word_1_175' title='bbox 1205 2423 1235 2479; x_wconf 92' lang='lat' dir='ltr'><strong>in</strong></span> <span class='ocrx_word' id='word_1_176' title='bbox 1250 2429 1300 2480; x_wconf 87' lang='lat' dir='ltr'><strong>tua</strong></span> <span class='ocrx_word' id='word_1_177' title='bbox 1316 2420 1379 2480; x_wconf 83' lang='lat' dir='ltr'><strong>haeo</strong></span> <span class='ocrx_word' id='word_1_178' title='bbox 1394 2421 1459 2481; x_wconf 92' lang='lat' dir='ltr'><strong>aula</strong></span> <span class='ocrx_word' id='word_1_179' title='bbox 1481 2430 1579 2482; x_wconf 88' lang='lat' dir='ltr'><strong>essent</strong></span> <span class='ocrx_word' id='word_1_180' title='bbox 1600 2424 1733 2483; x_wconf 90' lang='lat' dir='ltr'><strong>omnium</strong></span> 
     </span>
     <span class='ocr_line' id='line_1_18' title="bbox 445 2523 1732 2603; baseline 0 -20"><span class='ocrx_word' id='word_1_181' title='bbox 445 2523 612 2584; x_wconf 91' lang='lat' dir='ltr'><strong>necessitati</strong></span> <span class='ocrx_word' id='word_1_182' title='bbox 635 2523 774 2599; x_wconf 78' lang='lat' dir='ltr'><strong>exposita,</strong></span> <span class='ocrx_word' id='word_1_183' title='bbox 799 2540 924 2599; x_wconf 89' lang='lat' dir='ltr'><strong>quorum</strong></span> <span class='ocrx_word' id='word_1_184' title='bbox 948 2523 1086 2582; x_wconf 90' lang='lat' dir='ltr'><strong>iudicium</strong></span> <span class='ocrx_word' id='word_1_185' title='bbox 1109 2524 1294 2582; x_wconf 88' lang='lat' dir='ltr'><strong>aStromero</strong></span> <span class='ocrx_word' id='word_1_186' title='bbox 1310 2523 1410 2600; x_wconf 84' lang='lat' dir='ltr'><strong>exiges</strong></span> <span class='ocrx_word' id='word_1_187' title='bbox 1430 2530 1472 2589; x_wconf 88' lang='lat' dir='ltr'><strong>tu,</strong></span> <span class='ocrx_word' id='word_1_188' title='bbox 1495 2524 1576 2600; x_wconf 87' lang='lat' dir='ltr'><strong>quod</strong></span> <span class='ocrx_word' id='word_1_189' title='bbox 1591 2524 1732 2603; x_wconf 81' lang='lat' dir='ltr'><strong>praelatus</strong></span> 
     </span>
    </p>

    <p class='ocr_par' dir='ltr' id='par_1_6' title="bbox 388 2621 1765 3514">
     <span class='ocr_line' id='line_1_19' title="bbox 388 2621 1731 2701; baseline 0 -17"><span class='ocrx_word' id='word_1_190' title='bbox 388 2658 393 2664; x_wconf 89' lang='lat'><em>-</em></span> <span class='ocrx_word' id='word_1_191' title='bbox 446 2643 521 2684; x_wconf 88' lang='lat' dir='ltr'><strong>sum.</strong></span> <span class='ocrx_word' id='word_1_192' title='bbox 567 2623 627 2683; x_wconf 91' lang='lat' dir='ltr'><strong>lam</strong></span> <span class='ocrx_word' id='word_1_193' title='bbox 651 2623 713 2682; x_wconf 83' lang='lat' dir='ltr'><strong>baec</strong></span> <span class='ocrx_word' id='word_1_194' title='bbox 736 2624 820 2693; x_wconf 85' lang='lat' dir='ltr'><strong>vidit,</strong></span> <span class='ocrx_word' id='word_1_195' title='bbox 843 2626 893 2701; x_wconf 84' lang='lat' dir='ltr'><strong>qui</strong></span> <span class='ocrx_word' id='word_1_196' title='bbox 916 2642 963 2683; x_wconf 84' lang='lat' dir='ltr'><strong>ure</strong></span> <span class='ocrx_word' id='word_1_197' title='bbox 986 2624 1055 2682; x_wconf 79' lang='lat' dir='ltr'><strong>iuvit</strong></span> <span class='ocrx_word' id='word_1_198' title='bbox 1077 2626 1107 2683; x_wconf 91' lang='lat' dir='ltr'><strong>in</strong></span> <span class='ocrx_word' id='word_1_199' title='bbox 1131 2622 1293 2692; x_wconf 86' lang='lat' dir='ltr'><strong>nonnullis.</strong></span> <span class='ocrx_word' id='word_1_200' title='bbox 1318 2621 1392 2684; x_wconf 89' lang='lat' dir='ltr'><strong>altor</strong></span> <span class='ocrx_word' id='word_1_201' title='bbox 1413 2631 1481 2684; x_wconf 92' lang='lat' dir='ltr'><strong>tuus</strong></span> <span class='ocrx_word' id='word_1_202' title='bbox 1504 2625 1635 2685; x_wconf 90' lang='lat' dir='ltr'><strong>medicus</strong></span> <span class='ocrx_word' id='word_1_203' title='bbox 1657 2628 1731 2688; x_wconf 86' lang='lat' dir='ltr'><strong>Gre-</strong></span> 
     </span>
     <span class='ocr_line' id='line_1_20' title="bbox 444 2724 1730 2813; baseline 0 -27"><span class='ocrx_word' id='word_1_204' title='bbox 444 2727 545 2802; x_wconf 79' lang='lat' dir='ltr'><strong>gorius</strong></span> <span class='ocrx_word' id='word_1_205' title='bbox 569 2725 700 2813; x_wconf 86' lang='lat' dir='ltr'><strong>Coppus,</strong></span> <span class='ocrx_word' id='word_1_206' title='bbox 730 2725 782 2784; x_wconf 90' lang='lat' dir='ltr'><strong>sed</strong></span> <span class='ocrx_word' id='word_1_207' title='bbox 805 2724 917 2793; x_wconf 90' lang='lat' dir='ltr'><strong>obiter,</strong></span> <span class='ocrx_word' id='word_1_208' title='bbox 946 2743 1014 2784; x_wconf 83' lang='lat' dir='ltr'><strong>cunr</strong></span> <span class='ocrx_word' id='word_1_209' title='bbox 1036 2724 1073 2783; x_wconf 90' lang='lat' dir='ltr'><strong>ab</strong></span> <span class='ocrx_word' id='word_1_210' title='bbox 1097 2724 1145 2784; x_wconf 94' lang='lat' dir='ltr'><strong>illo</strong></span> <span class='ocrx_word' id='word_1_211' title='bbox 1169 2742 1360 2803; x_wconf 89' lang='lat' dir='ltr'><strong>properarem</strong></span> <span class='ocrx_word' id='word_1_212' title='bbox 1384 2725 1576 2804; x_wconf 69' lang='lat' dir='ltr'><strong>llogimtiarm</strong></span> <span class='ocrx_word' id='word_1_213' title='bbox 1606 2726 1656 2787; x_wconf 90' lang='lat' dir='ltr'><strong>ubi</strong></span> <span class='ocrx_word' id='word_1_214' title='bbox 1678 2745 1730 2786; x_wconf 86' lang='lat' dir='ltr'><strong>ne-</strong></span> 
     </span>
     <span class='ocr_line' id='line_1_21' title="bbox 444 2825 1765 2905; baseline -0.004 -19"><span class='ocrx_word' id='word_1_215' title='bbox 444 2829 554 2905; x_wconf 81' lang='lat' dir='ltr'><strong>gotium</strong></span> <span class='ocrx_word' id='word_1_216' title='bbox 577 2835 640 2887; x_wconf 90' lang='lat' dir='ltr'><strong>erat</strong></span> <span class='ocrx_word' id='word_1_217' title='bbox 662 2826 741 2886; x_wconf 86' lang='lat' dir='ltr'><strong>milri.</strong></span> <span class='ocrx_word' id='word_1_218' title='bbox 786 2827 898 2895; x_wconf 73' lang='lat' dir='ltr'><strong>Quodsi</strong></span> <span class='ocrx_word' id='word_1_219' title='bbox 927 2828 1096 2903; x_wconf 84' lang='lat' dir='ltr'><strong>contigisset</strong></span> <span class='ocrx_word' id='word_1_220' title='bbox 1124 2831 1195 2884; x_wconf 92' lang='lat' dir='ltr'><strong>tuuc</strong></span> <span class='ocrx_word' id='word_1_221' title='bbox 1224 2827 1253 2883; x_wconf 93' lang='lat' dir='ltr'><strong>in</strong></span> <span class='ocrx_word' id='word_1_222' title='bbox 1276 2825 1341 2885; x_wconf 90' lang='lat' dir='ltr'><strong>aula</strong></span> <span class='ocrx_word' id='word_1_223' title='bbox 1365 2845 1429 2886; x_wconf 88' lang='lat' dir='ltr'><strong>esse</strong></span> <span class='ocrx_word' id='word_1_224' title='bbox 1452 2845 1498 2886; x_wconf 92' lang='lat' dir='ltr'><strong>me</strong></span> <span class='ocrx_word' id='word_1_225' title='bbox 1521 2831 1562 2902; x_wconf 94' lang='lat' dir='ltr'><strong>(tu</strong></span> <span class='ocrx_word' id='word_1_226' title='bbox 1585 2829 1614 2886; x_wconf 91' lang='lat' dir='ltr'><strong>in</strong></span> <span class='ocrx_word' id='word_1_227' title='bbox 1637 2829 1765 2887; x_wconf 75' lang='lat' dir='ltr'><strong>Saxo-eo</strong></span> 
     </span>
     <span class='ocr_line' id='line_1_22' title="bbox 443 2911 1728 3005; baseline 0.004 -19"><span class='ocrx_word' id='word_1_228' title='bbox 443 2926 531 2988; x_wconf 91' lang='lat' dir='ltr'><strong>nibus</strong></span> <span class='ocrx_word' id='word_1_229' title='bbox 553 2928 658 2987; x_wconf 86' lang='lat' dir='ltr'><strong>aberas</strong></span> <span class='ocrx_word' id='word_1_230' title='bbox 681 2929 784 3005; x_wconf 81' lang='lat' dir='ltr'><strong>enim),</strong></span> <span class='ocrx_word' id='word_1_231' title='bbox 815 2929 928 2987; x_wconf 85' lang='lat' dir='ltr'><strong>caulius</strong></span> <span class='ocrx_word' id='word_1_232' title='bbox 957 2928 1053 2986; x_wconf 90' lang='lat' dir='ltr'><strong>omnia</strong></span> <span class='ocrx_word' id='word_1_233' title='bbox 1083 2935 1289 2987; x_wconf 85' lang='lat' dir='ltr'><strong>tractassemus</strong></span> <span class='ocrx_word' id='word_1_234' title='bbox 1318 2935 1347 2987; x_wconf 91' lang='lat' dir='ltr'><strong>et</strong></span> <span class='ocrx_word' id='word_1_235' title='bbox 1375 2929 1539 2988; x_wconf 80' lang='lat' dir='ltr'><strong>accuratius</strong></span> <span class='ocrx_word' id='word_1_236' title='bbox 1567 2911 1728 2991; x_wconf 78' lang='lat' dir='ltr'><strong>contectam</strong></span> 
     </span>
     <span class='ocr_line' id='line_1_23' title="bbox 443 3028 1729 3109; baseline 0.002 -20"><span class='ocrx_word' id='word_1_237' title='bbox 443 3049 506 3089; x_wconf 82' lang='lat' dir='ltr'><strong>rem</strong></span> <span class='ocrx_word' id='word_1_238' title='bbox 529 3028 773 3089; x_wconf 86' lang='lat' dir='ltr'><strong>exhibuissemus.</strong></span> <span class='ocrx_word' id='word_1_239' title='bbox 820 3028 903 3088; x_wconf 87' lang='lat' dir='ltr'><strong>Nunc</strong></span> <span class='ocrx_word' id='word_1_240' title='bbox 927 3037 1074 3105; x_wconf 86' lang='lat' dir='ltr'><strong>utcunque</strong></span> <span class='ocrx_word' id='word_1_241' title='bbox 1098 3030 1218 3095; x_wconf 79' lang='lat' dir='ltr'><strong>excidit,</strong></span> <span class='ocrx_word' id='word_1_242' title='bbox 1252 3028 1320 3088; x_wconf 93' lang='lat' dir='ltr'><strong>boni</strong></span> <span class='ocrx_word' id='word_1_243' title='bbox 1349 3029 1478 3090; x_wconf 89' lang='lat' dir='ltr'><strong>consule.</strong></span> <span class='ocrx_word' id='word_1_244' title='bbox 1525 3029 1589 3108; x_wconf 91' lang='lat' dir='ltr'><strong>lpse</strong></span> <span class='ocrx_word' id='word_1_245' title='bbox 1610 3032 1729 3109; x_wconf 88' lang='lat' dir='ltr'><strong>quidem</strong></span> 
     </span>
     <span class='ocr_line' id='line_1_24' title="bbox 442 3128 1729 3208; baseline 0.003 -20"><span class='ocrx_word' id='word_1_246' title='bbox 442 3132 584 3198; x_wconf 88' lang='lat' dir='ltr'><strong>ollerens,</strong></span> <span class='ocrx_word' id='word_1_247' title='bbox 609 3131 675 3208; x_wconf 83' lang='lat' dir='ltr'><strong>quia</strong></span> <span class='ocrx_word' id='word_1_248' title='bbox 691 3128 912 3191; x_wconf 88' lang='lat' dir='ltr'><strong>Saturnalitium</strong></span> <span class='ocrx_word' id='word_1_249' title='bbox 935 3130 992 3190; x_wconf 89' lang='lat' dir='ltr'><strong>boc</strong></span> <span class='ocrx_word' id='word_1_250' title='bbox 1014 3147 1091 3189; x_wconf 84' lang='lat' dir='ltr'><strong>noro</strong></span> <span class='ocrx_word' id='word_1_251' title='bbox 1112 3131 1231 3190; x_wconf 89' lang='lat' dir='ltr'><strong>ineunte</strong></span> <span class='ocrx_word' id='word_1_252' title='bbox 1254 3148 1331 3190; x_wconf 89' lang='lat' dir='ltr'><strong>auno</strong></span> <span class='ocrx_word' id='word_1_253' title='bbox 1354 3147 1461 3190; x_wconf 89' lang='lat' dir='ltr'><strong>munus</strong></span> <span class='ocrx_word' id='word_1_254' title='bbox 1482 3148 1546 3190; x_wconf 88' lang='lat' dir='ltr'><strong>esse</strong></span> <span class='ocrx_word' id='word_1_255' title='bbox 1568 3131 1654 3198; x_wconf 86' lang='lat' dir='ltr'><strong>volui,</strong></span> <span class='ocrx_word' id='word_1_256' title='bbox 1677 3152 1729 3192; x_wconf 90' lang='lat' dir='ltr'><strong>an·</strong></span> 
     </span>
     <span class='ocr_line' id='line_1_25' title="bbox 443 3231 1728 3310; baseline 0.001 -18"><span class='ocrx_word' id='word_1_257' title='bbox 443 3251 515 3292; x_wconf 93' lang='lat' dir='ltr'><strong>num</strong></span> <span class='ocrx_word' id='word_1_258' title='bbox 543 3231 597 3291; x_wconf 94' lang='lat' dir='ltr'><strong>tibi</strong></span> <span class='ocrx_word' id='word_1_259' title='bbox 625 3249 734 3310; x_wconf 92' lang='lat' dir='ltr'><strong>precor</strong></span> <span class='ocrx_word' id='word_1_260' title='bbox 763 3232 889 3291; x_wconf 82' lang='lat' dir='ltr'><strong>faustum</strong></span> <span class='ocrx_word' id='word_1_261' title='bbox 921 3233 1176 3309; x_wconf 78' lang='lat' dir='ltr'><strong>fortunatumque,</strong></span> <span class='ocrx_word' id='word_1_262' title='bbox 1206 3231 1257 3292; x_wconf 85' lang='lat' dir='ltr'><strong>sed</strong></span> <span class='ocrx_word' id='word_1_263' title='bbox 1287 3232 1371 3290; x_wconf 91' lang='lat' dir='ltr'><strong>cuius</strong></span> <span class='ocrx_word' id='word_1_264' title='bbox 1400 3231 1517 3291; x_wconf 89' lang='lat' dir='ltr'><strong>lortuna</strong></span> <span class='ocrx_word' id='word_1_265' title='bbox 1545 3234 1583 3292; x_wconf 92' lang='lat' dir='ltr'><strong>ita</strong></span> <span class='ocrx_word' id='word_1_266' title='bbox 1609 3233 1662 3293; x_wconf 92' lang='lat' dir='ltr'><strong>tibi</strong></span> <span class='ocrx_word' id='word_1_267' title='bbox 1692 3253 1728 3295; x_wconf 83' lang='lat' dir='ltr'><strong>ex</strong></span> 
     </span>
     <span class='ocr_line' id='line_1_26' title="bbox 442 3316 1761 3411; baseline 0 -19"><span class='ocrx_word' id='word_1_268' title='bbox 442 3335 539 3393; x_wconf 89' lang='lat' dir='ltr'><strong>animo</strong></span> <span class='ocrx_word' id='word_1_269' title='bbox 555 3333 649 3403; x_wconf 90' lang='lat' dir='ltr'><strong>cedat,</strong></span> <span class='ocrx_word' id='word_1_270' title='bbox 673 3342 704 3392; x_wconf 93' lang='lat' dir='ltr'><strong>ut</strong></span> <span class='ocrx_word' id='word_1_271' title='bbox 726 3334 798 3392; x_wconf 92' lang='lat' dir='ltr'><strong>citra</strong></span> <span class='ocrx_word' id='word_1_272' title='bbox 814 3333 951 3392; x_wconf 84' lang='lat' dir='ltr'><strong>invidiam</strong></span> <span class='ocrx_word' id='word_1_273' title='bbox 968 3332 1057 3392; x_wconf 86' lang='lat' dir='ltr'><strong>luisse</strong></span> <span class='ocrx_word' id='word_1_274' title='bbox 1073 3335 1282 3409; x_wconf 87' lang='lat' dir='ltr'><strong>comperiatur.</strong></span> <span class='ocrx_word' id='word_1_275' title='bbox 1322 3332 1391 3393; x_wconf 88' lang='lat' dir='ltr'><strong>Vale</strong></span> <span class='ocrx_word' id='word_1_276' title='bbox 1407 3316 1524 3411; x_wconf 90' lang='lat' dir='ltr'><strong>optime,</strong></span> <span class='ocrx_word' id='word_1_277' title='bbox 1548 3334 1725 3411; x_wconf 85' lang='lat' dir='ltr'><strong>dignissime,</strong></span> <span class='ocrx_word' id='word_1_278' title='bbox 1736 3353 1761 3392; x_wconf 63' lang='grc' dir='ltr'><strong>τε</strong></span> 
     </span>
     <span class='ocr_line' id='line_1_27' title="bbox 442 3433 1728 3514; baseline 0.004 -21"><span class='ocrx_word' id='word_1_279' title='bbox 442 3435 640 3512; x_wconf 85' lang='lat' dir='ltr'><strong>pientissimo,</strong></span> <span class='ocrx_word' id='word_1_280' title='bbox 669 3435 794 3494; x_wconf 80' lang='lat' dir='ltr'><strong>maxime</strong></span> <span class='ocrx_word' id='word_1_281' title='bbox 817 3433 937 3513; x_wconf 71' lang='lat' dir='ltr'><strong>praesul,</strong></span> <span class='ocrx_word' id='word_1_282' title='bbox 967 3453 1001 3493; x_wconf 91' lang='lat' dir='ltr'><strong>ac</strong></span> <span class='ocrx_word' id='word_1_283' title='bbox 1024 3435 1074 3494; x_wconf 93' lang='lat' dir='ltr'><strong>diu</strong></span> <span class='ocrx_word' id='word_1_284' title='bbox 1098 3434 1183 3494; x_wconf 91' lang='lat' dir='ltr'><strong>nobis</strong></span> <span class='ocrx_word' id='word_1_285' title='bbox 1204 3433 1359 3495; x_wconf 90' lang='lat' dir='ltr'><strong>incolumis</strong></span> <span class='ocrx_word' id='word_1_286' title='bbox 1387 3443 1458 3496; x_wconf 88' lang='lat' dir='ltr'><strong>esto.</strong></span> <span class='ocrx_word' id='word_1_287' title='bbox 1503 3435 1657 3514; x_wconf 81' lang='lat' dir='ltr'><strong>lloguntiae</strong></span> <span class='ocrx_word' id='word_1_288' title='bbox 1678 3457 1728 3498; x_wconf 92' lang='lat' dir='ltr'><strong>su·</strong></span> 
     </span>
    </p>
   </div>
   <div class='ocr_carea' id='block_1_4' title="bbox 440 3537 1760 3943">
    <p class='ocr_par' dir='ltr' id='par_1_7' title="bbox 440 3537 1760 3943">
     <span class='ocr_line' id='line_1_28' title="bbox 440 3537 821 3614; baseline 0 -20"><span class='ocrx_word' id='word_1_289' title='bbox 440 3554 541 3614; x_wconf 88' lang='lat' dir='ltr'><strong>prema</strong></span> <span class='ocrx_word' id='word_1_290' title='bbox 565 3537 699 3614; x_wconf 86' lang='lat' dir='ltr'><strong>imposita</strong></span> <span class='ocrx_word' id='word_1_291' title='bbox 724 3553 821 3595; x_wconf 88' lang='lat' dir='ltr'><strong>manu.</strong></span> 
     </span>
     <span class='ocr_line' id='line_1_29' title="bbox 834 3630 1307 3690; baseline 0 -10"><span class='ocrx_word' id='word_1_292' title='bbox 834 3630 988 3682; x_wconf 80' lang='lat' dir='ltr'><strong>&#39;vnmcm</strong></span> <span class='ocrx_word' id='word_1_293' title='bbox 1010 3642 1051 3680; x_wconf 83' lang='lat' dir='ltr'><strong>ns</strong></span> <span class='ocrx_word' id='word_1_294' title='bbox 1074 3643 1199 3683; x_wconf 75' lang='lat' dir='ltr'><strong>uvrrss</strong></span> <span class='ocrx_word' id='word_1_295' title='bbox 1222 3642 1307 3690; x_wconf 78' lang='lat' dir='ltr'><strong>novi.</strong></span> 
     </span>
     <span class='ocr_line' id='line_1_30' title="bbox 754 3725 1413 3769; baseline 0.008 -5"><span class='ocrx_word' id='word_1_296' title='bbox 754 3725 838 3765; x_wconf 80' lang='lat' dir='ltr'><strong>nram</strong></span> <span class='ocrx_word' id='word_1_297' title='bbox 862 3727 902 3765; x_wconf 86' lang='lat' dir='ltr'><strong>ns</strong></span> <span class='ocrx_word' id='word_1_298' title='bbox 926 3726 1062 3766; x_wconf 76' lang='lat' dir='ltr'><strong>ovaruco</strong></span> <span class='ocrx_word' id='word_1_299' title='bbox 1086 3727 1125 3766; x_wconf 78' lang='lat' dir='ltr'><strong>nr</strong></span> <span class='ocrx_word' id='word_1_300' title='bbox 1148 3726 1253 3766; x_wconf 74' lang='lat' dir='ltr'><strong>nonno</strong></span> <span class='ocrx_word' id='word_1_301' title='bbox 1278 3727 1413 3769; x_wconf 68' lang='lat' dir='ltr'><strong>(turcico</strong></span> 
     </span>
     <span class='ocr_line' id='line_1_31' title="bbox 1034 3810 1760 3851; baseline 0.001 -1"><span class='ocrx_word' id='word_1_302' title='bbox 1034 3810 1126 3850; x_wconf 82' lang='lat' dir='ltr'><strong>rmrs.</strong></span> <span class='ocrx_word' id='word_1_303' title='bbox 1734 3810 1760 3851; x_wconf 78' lang='lat' dir='ltr'><strong>so</strong></span> 
     </span>
     <span class='ocr_line' id='line_1_32' title="bbox 826 3893 1337 3943; baseline -0.002 -8"><span class='ocrx_word' id='word_1_304' title='bbox 826 3893 909 3942; x_wconf 85' lang='lat' dir='ltr'><strong>ovon</strong></span> <span class='ocrx_word' id='word_1_305' title='bbox 933 3896 1025 3936; x_wconf 78' lang='lat' dir='ltr'><strong>rsmx</strong></span> <span class='ocrx_word' id='word_1_306' title='bbox 1047 3895 1255 3943; x_wconf 76' lang='lat' dir='ltr'><strong>ruvsrruorr:</strong></span> <span class='ocrx_word' id='word_1_307' title='bbox 1278 3896 1337 3936; x_wconf 84' lang='lat' dir='ltr'><strong>sm.</strong></span> 
     </span>
    </p>
   </div>
   <div class='ocr_carea' id='block_1_5' title="bbox 436 4037 1758 4614">
    <p class='ocr_par' dir='ltr' id='par_1_8' title="bbox 436 4037 1758 4614">
     <span class='ocr_line' id='line_1_33' title="bbox 506 4037 1724 4110; baseline 0.006 -16"><span class='ocrx_word' id='word_1_308' title='bbox 506 4045 557 4107; x_wconf 66' lang='lat' dir='ltr'><strong>pos</strong></span> <span class='ocrx_word' id='word_1_309' title='bbox 579 4044 640 4108; x_wconf 70' lang='lat' dir='ltr'><strong>[rint</strong></span> <span class='ocrx_word' id='word_1_310' title='bbox 661 4045 699 4097; x_wconf 76' lang='lat' dir='ltr'><strong>tit</strong></span> <span class='ocrx_word' id='word_1_311' title='bbox 719 4045 779 4108; x_wconf 72' lang='lat' dir='ltr'><strong>tino</strong></span> <span class='ocrx_word' id='word_1_312' title='bbox 801 4046 839 4095; x_wconf 76' lang='lat' dir='ltr'><strong>tit</strong></span> <span class='ocrx_word' id='word_1_313' title='bbox 856 4044 888 4106; x_wconf 68' lang='lat' dir='ltr'><strong>idi</strong></span> <span class='ocrx_word' id='word_1_314' title='bbox 907 4041 937 4097; x_wconf 77' lang='lat' dir='ltr'><strong>oi</strong></span> <span class='ocrx_word' id='word_1_315' title='bbox 952 4044 1026 4107; x_wconf 75' lang='lat' dir='ltr'><strong>bitror</strong></span> <span class='ocrx_word' id='word_1_316' title='bbox 1045 4048 1109 4107; x_wconf 72' lang='lat' dir='ltr'><strong>totu</strong></span> <span class='ocrx_word' id='word_1_317' title='bbox 1128 4041 1159 4107; x_wconf 66' lang='lat' dir='ltr'><strong>op</strong></span> <span class='ocrx_word' id='word_1_318' title='bbox 1177 4043 1322 4105; x_wconf 66' lang='lat' dir='ltr'><strong>ottocentrit</strong></span> <span class='ocrx_word' id='word_1_319' title='bbox 1341 4045 1385 4107; x_wconf 77' lang='lat' dir='ltr'><strong>tob</strong></span> <span class='ocrx_word' id='word_1_320' title='bbox 1404 4041 1470 4098; x_wconf 75' lang='lat' dir='ltr'><strong>mile</strong></span> <span class='ocrx_word' id='word_1_321' title='bbox 1489 4047 1517 4097; x_wconf 89' lang='lat' dir='ltr'><strong>in</strong></span> <span class='ocrx_word' id='word_1_322' title='bbox 1541 4037 1614 4109; x_wconf 65' lang='lat' dir='ltr'><strong>itin</strong></span> <span class='ocrx_word' id='word_1_323' title='bbox 1637 4049 1724 4110; x_wconf 71' lang='lat' dir='ltr'><strong>gloubi</strong></span> 
     </span>
     <span class='ocr_line' id='line_1_34' title="bbox 438 4121 1726 4194; baseline 0.003 -14"><span class='ocrx_word' id='word_1_324' title='bbox 438 4130 567 4193; x_wconf 66' lang='lat' dir='ltr'><strong>[ottobon.</strong></span> <span class='ocrx_word' id='word_1_325' title='bbox 587 4124 621 4181; x_wconf 84' lang='lat' dir='ltr'><strong>ori</strong></span> <span class='ocrx_word' id='word_1_326' title='bbox 636 4130 677 4180; x_wconf 78' lang='lat' dir='ltr'><strong>tir</strong></span> <span class='ocrx_word' id='word_1_327' title='bbox 695 4133 775 4182; x_wconf 66' lang='lat' dir='ltr'><strong>moini</strong></span> <span class='ocrx_word' id='word_1_328' title='bbox 794 4128 941 4192; x_wconf 73' lang='lat' dir='ltr'><strong>pcnttigitcn</strong></span> <span class='ocrx_word' id='word_1_329' title='bbox 962 4132 1028 4192; x_wconf 74' lang='lat' dir='ltr'><strong>terri</strong></span> <span class='ocrx_word' id='word_1_330' title='bbox 1047 4136 1095 4179; x_wconf 78' lang='lat' dir='ltr'><strong>ono</strong></span> <span class='ocrx_word' id='word_1_331' title='bbox 1113 4130 1157 4180; x_wconf 77' lang='lat' dir='ltr'><strong>olli</strong></span> <span class='ocrx_word' id='word_1_332' title='bbox 1174 4129 1267 4179; x_wconf 76' lang='lat' dir='ltr'><strong>brinno</strong></span> <span class='ocrx_word' id='word_1_333' title='bbox 1281 4127 1410 4192; x_wconf 66' lang='lat' dir='ltr'><strong>topadion</strong></span> <span class='ocrx_word' id='word_1_334' title='bbox 1420 4122 1450 4193; x_wconf 72' lang='lat'><strong>³1⁰1</strong></span> <span class='ocrx_word' id='word_1_335' title='bbox 1461 4121 1543 4194; x_wconf 71' lang='lat' dir='ltr'><strong>girran</strong></span> <span class='ocrx_word' id='word_1_336' title='bbox 1555 4145 1587 4182; x_wconf 81' lang='lat' dir='ltr'><strong>ou</strong></span> <span class='ocrx_word' id='word_1_337' title='bbox 1600 4142 1641 4194; x_wconf 78' lang='lat' dir='ltr'><strong>rag</strong></span> <span class='ocrx_word' id='word_1_338' title='bbox 1654 4133 1726 4185; x_wconf 84' lang='lat' dir='ltr'><strong>brin-</strong></span> 
     </span>
     <span class='ocr_line' id='line_1_35' title="bbox 437 4203 1726 4281; baseline 0.002 -15"><span class='ocrx_word' id='word_1_339' title='bbox 437 4228 491 4277; x_wconf 57' lang='grc' dir='ltr'><strong>μοι,</strong></span> <span class='ocrx_word' id='word_1_340' title='bbox 510 4220 559 4265; x_wconf 70' lang='lat' dir='ltr'><strong>ont</strong></span> <span class='ocrx_word' id='word_1_341' title='bbox 577 4223 617 4276; x_wconf 75' lang='lat' dir='ltr'><strong>got</strong></span> <span class='ocrx_word' id='word_1_342' title='bbox 634 4218 662 4266; x_wconf 77' lang='lat' dir='ltr'><strong>ti</strong></span> <span class='ocrx_word' id='word_1_343' title='bbox 681 4218 764 4276; x_wconf 72' lang='lat' dir='ltr'><strong>terren</strong></span> <span class='ocrx_word' id='word_1_344' title='bbox 780 4203 810 4275; x_wconf 58' lang='grc' dir='ltr'><strong>μοι</strong></span> <span class='ocrx_word' id='word_1_345' title='bbox 829 4214 866 4264; x_wconf 78' lang='lat' dir='ltr'><strong>tob</strong></span> <span class='ocrx_word' id='word_1_346' title='bbox 886 4213 1097 4265; x_wconf 69' lang='lat' dir='ltr'><strong>subsannent</strong></span> <span class='ocrx_word' id='word_1_347' title='bbox 1117 4213 1185 4276; x_wconf 75' lang='lat' dir='ltr'><strong>[etde</strong></span> <span class='ocrx_word' id='word_1_348' title='bbox 1203 4210 1275 4276; x_wconf 72' lang='lat' dir='ltr'><strong>prode</strong></span> <span class='ocrx_word' id='word_1_349' title='bbox 1292 4221 1367 4276; x_wconf 68' lang='lat' dir='ltr'><strong>genos</strong></span> <span class='ocrx_word' id='word_1_350' title='bbox 1384 4215 1421 4265; x_wconf 76' lang='lat' dir='ltr'><strong>tic</strong></span> <span class='ocrx_word' id='word_1_351' title='bbox 1439 4230 1463 4266; x_wconf 76' lang='lat' dir='ltr'><strong>cr</strong></span> <span class='ocrx_word' id='word_1_352' title='bbox 1481 4212 1532 4276; x_wconf 64' lang='lat' dir='ltr'><strong>oni</strong></span> <span class='ocrx_word' id='word_1_353' title='bbox 1549 4214 1585 4279; x_wconf 63' lang='lat' dir='ltr'><strong>off</strong></span> <span class='ocrx_word' id='word_1_354' title='bbox 1599 4223 1666 4268; x_wconf 80' lang='lat' dir='ltr'><strong>trtro</strong></span> <span class='ocrx_word' id='word_1_355' title='bbox 1685 4234 1726 4281; x_wconf 74' lang='lat' dir='ltr'><strong>gt·</strong></span> 
     </span>
     <span class='ocr_line' id='line_1_36' title="bbox 436 4295 1758 4361; baseline 0.001 -11"><span class='ocrx_word' id='word_1_356' title='bbox 436 4303 496 4360; x_wconf 77' lang='lat' dir='ltr'><strong>tion</strong></span> <span class='ocrx_word' id='word_1_357' title='bbox 515 4303 556 4361; x_wconf 72' lang='lat' dir='ltr'><strong>tot</strong></span> <span class='ocrx_word' id='word_1_358' title='bbox 575 4299 702 4349; x_wconf 72' lang='lat' dir='ltr'><strong>miserate</strong></span> <span class='ocrx_word' id='word_1_359' title='bbox 719 4299 804 4350; x_wconf 75' lang='lat' dir='ltr'><strong>clenti</strong></span> <span class='ocrx_word' id='word_1_360' title='bbox 825 4295 987 4358; x_wconf 69' lang='lat' dir='ltr'><strong>tridentinen</strong></span> <span class='ocrx_word' id='word_1_361' title='bbox 1004 4307 1043 4349; x_wconf 68' lang='lat' dir='ltr'><strong>tet</strong></span> <span class='ocrx_word' id='word_1_362' title='bbox 1061 4299 1189 4349; x_wconf 78' lang='lat' dir='ltr'><strong>ttoucrtn.</strong></span> <span class='ocrx_word' id='word_1_363' title='bbox 1209 4301 1238 4349; x_wconf 70' lang='lat' dir='ltr'><strong>st.</strong></span> <span class='ocrx_word' id='word_1_364' title='bbox 1734 4312 1758 4351; x_wconf 76' lang='lat' dir='ltr'><strong>aa</strong></span> 
     </span>
     <span class='ocr_line' id='line_1_37' title="bbox 827 4379 1691 4447; baseline 0.003 -14"><span class='ocrx_word' id='word_1_365' title='bbox 827 4381 947 4434; x_wconf 61' lang='lat' dir='ltr'><strong>detrudit</strong></span> <span class='ocrx_word' id='word_1_366' title='bbox 966 4390 1013 4434; x_wconf 80' lang='lat' dir='ltr'><strong>ont</strong></span> <span class='ocrx_word' id='word_1_367' title='bbox 1031 4382 1135 4445; x_wconf 72' lang='lat' dir='ltr'><strong>tetigtitt)</strong></span> <span class='ocrx_word' id='word_1_368' title='bbox 1154 4384 1268 4434; x_wconf 77' lang='lat' dir='ltr'><strong>ostentet</strong></span> <span class='ocrx_word' id='word_1_369' title='bbox 1283 4383 1354 4445; x_wconf 77' lang='lat' dir='ltr'><strong>bord)</strong></span> <span class='ocrx_word' id='word_1_370' title='bbox 1367 4379 1483 4445; x_wconf 58' lang='lat' dir='ltr'><strong>&#39;sionni</strong></span> <span class='ocrx_word' id='word_1_371' title='bbox 1497 4384 1646 4447; x_wconf 66' lang='lat' dir='ltr'><strong>Ozicningct</strong></span> <span class='ocrx_word' id='word_1_372' title='bbox 1664 4385 1691 4437; x_wconf 86' lang='lat' dir='ltr'><strong>in</strong></span> 
     </span>
     <span class='ocr_line' id='line_1_38' title="bbox 822 4465 1691 4530; baseline 0.005 -13"><span class='ocrx_word' id='word_1_373' title='bbox 822 4474 863 4517; x_wconf 78' lang='lat' dir='ltr'><strong>ter</strong></span> <span class='ocrx_word' id='word_1_374' title='bbox 882 4466 1036 4529; x_wconf 75' lang='lat' dir='ltr'><strong>itottrtidcn</strong></span> <span class='ocrx_word' id='word_1_375' title='bbox 1056 4466 1103 4528; x_wconf 80' lang='lat' dir='ltr'><strong>[tot</strong></span> <span class='ocrx_word' id='word_1_376' title='bbox 1117 4465 1257 4530; x_wconf 64' lang='lat' dir='ltr'><strong>streitberg</strong></span> <span class='ocrx_word' id='word_1_377' title='bbox 1278 4465 1313 4527; x_wconf 77' lang='lat' dir='ltr'><strong>ott</strong></span> <span class='ocrx_word' id='word_1_378' title='bbox 1329 4467 1383 4530; x_wconf 76' lang='lat' dir='ltr'><strong>[ont</strong></span> <span class='ocrx_word' id='word_1_379' title='bbox 1397 4466 1546 4530; x_wconf 64' lang='lat' dir='ltr'><strong>gaurentius</strong></span> <span class='ocrx_word' id='word_1_380' title='bbox 1564 4468 1634 4520; x_wconf 73' lang='lat' dir='ltr'><strong>olem</strong></span> <span class='ocrx_word' id='word_1_381' title='bbox 1653 4467 1691 4530; x_wconf 69' lang='lat' dir='ltr'><strong>ja</strong></span> 
     </span>
     <span class='ocr_line' id='line_1_39' title="bbox 822 4548 1601 4614; baseline 0.005 -13"><span class='ocrx_word' id='word_1_382' title='bbox 822 4558 874 4603; x_wconf 72' lang='lat' dir='ltr'><strong>tem</strong></span> <span class='ocrx_word' id='word_1_383' title='bbox 894 4548 943 4611; x_wconf 68' lang='lat' dir='ltr'><strong>jor</strong></span> <span class='ocrx_word' id='word_1_384' title='bbox 961 4553 1015 4612; x_wconf 83' lang='lat' dir='ltr'><strong>norb</strong></span> <span class='ocrx_word' id='word_1_385' title='bbox 1030 4557 1071 4601; x_wconf 74' lang='lat' dir='ltr'><strong>ter</strong></span> <span class='ocrx_word' id='word_1_386' title='bbox 1089 4551 1173 4613; x_wconf 73' lang='lat' dir='ltr'><strong>geburt</strong></span> <span class='ocrx_word' id='word_1_387' title='bbox 1192 4549 1286 4614; x_wconf 51' lang='lat' dir='ltr'><strong>&amp;tritri</strong></span> <span class='ocrx_word' id='word_1_388' title='bbox 1307 4551 1529 4614; x_wconf 49' lang='lat' dir='ltr'><strong>‚staunton</strong></span> <span class='ocrx_word' id='word_1_389' title='bbox 1565 4553 1601 4605; x_wconf 88' lang='lat'><strong>.‘.</strong></span> 
     </span>
    </p>
   </div>
   <div class='ocr_carea' id='block_1_6' title="bbox 436 4653 1777 5155">
    <p class='ocr_par' dir='ltr' id='par_1_9' title="bbox 436 4653 1777 5155">
     <span class='ocr_line' id='line_1_40' title="bbox 504 4653 1777 4734; baseline 0.001 -14"><span class='ocrx_word' id='word_1_390' title='bbox 504 4671 512 4703; x_wconf 90' lang='lat'><strong>¹</strong></span> <span class='ocrx_word' id='word_1_391' title='bbox 532 4686 673 4732; x_wconf 82' lang='lat' dir='ltr'><strong>„somnum</strong></span> <span class='ocrx_word' id='word_1_392' title='bbox 692 4670 758 4734; x_wconf 79' lang='lat' dir='ltr'><strong>fuge</strong></span> <span class='ocrx_word' id='word_1_393' title='bbox 771 4670 977 4718; x_wconf 86' lang='lat' dir='ltr'><strong>meridianum”.</strong></span> <span class='ocrx_word' id='word_1_394' title='bbox 998 4668 1099 4717; x_wconf 76' lang='lat' dir='ltr'><strong>Schola</strong></span> <span class='ocrx_word' id='word_1_395' title='bbox 1112 4667 1240 4718; x_wconf 66' lang='lat' dir='ltr'><strong>aeternis.</strong></span> <span class='ocrx_word' id='word_1_396' title='bbox 1260 4669 1302 4718; x_wconf 77' lang='lat' dir='ltr'><strong>Cf.</strong></span> <span class='ocrx_word' id='word_1_397' title='bbox 1317 4685 1400 4734; x_wconf 85' lang='lat' dir='ltr'><strong>supra</strong></span> <span class='ocrx_word' id='word_1_398' title='bbox 1417 4687 1441 4720; x_wconf 88' lang='lat' dir='ltr'><strong>o.</strong></span> <span class='ocrx_word' id='word_1_399' title='bbox 1454 4671 1496 4720; x_wconf 78' lang='lat'><strong>25.</strong></span> <span class='ocrx_word' id='word_1_400' title='bbox 1510 4673 1534 4732; x_wconf 67' lang='lat'><strong>§-</strong></span> <span class='ocrx_word' id='word_1_401' title='bbox 1544 4670 1588 4721; x_wconf 74' lang='grc'><strong>13.</strong></span> <span class='ocrx_word' id='word_1_402' title='bbox 1634 4669 1646 4702; x_wconf 85' lang='lat'><strong>¹</strong></span> <span class='ocrx_word' id='word_1_403' title='bbox 1664 4687 1722 4721; x_wconf 88' lang='lat' dir='ltr'><strong>eru-</strong></span> <span class='ocrx_word' id='word_1_404' title='bbox 1770 4653 1777 4669; x_wconf 54' lang='lat'>⁸</span> 
     </span>
     <span class='ocr_line' id='line_1_41' title="bbox 437 4751 1723 4818; baseline 0.002 -16"><span class='ocrx_word' id='word_1_405' title='bbox 437 4755 474 4803; x_wconf 91' lang='lat' dir='ltr'><strong>ris</strong></span> <span class='ocrx_word' id='word_1_406' title='bbox 489 4758 514 4803; x_wconf 83' lang='grc'><strong>3.</strong></span> <span class='ocrx_word' id='word_1_407' title='bbox 562 4753 573 4784; x_wconf 75' lang='lat'>⁵</span> <span class='ocrx_word' id='word_1_408' title='bbox 590 4751 679 4817; x_wconf 81' lang='lat' dir='ltr'><strong>Paul]</strong></span> <span class='ocrx_word' id='word_1_409' title='bbox 695 4752 773 4801; x_wconf 83' lang='lat' dir='ltr'><strong>1.tt8.</strong></span> <span class='ocrx_word' id='word_1_410' title='bbox 826 4751 910 4818; x_wconf 81' lang='lat' dir='ltr'><strong>Cels]</strong></span> <span class='ocrx_word' id='word_1_411' title='bbox 931 4753 1001 4801; x_wconf 81' lang='lat' dir='ltr'><strong>bled.</strong></span> <span class='ocrx_word' id='word_1_412' title='bbox 1015 4754 1036 4800; x_wconf 92' lang='lat'><strong>1.</strong></span> <span class='ocrx_word' id='word_1_413' title='bbox 1053 4752 1074 4800; x_wconf 91' lang='lat' dir='ltr'><strong>l.</strong></span> <span class='ocrx_word' id='word_1_414' title='bbox 1095 4755 1203 4815; x_wconf 73' lang='lat' dir='ltr'><strong>„Sonus</strong></span> <span class='ocrx_word' id='word_1_415' title='bbox 1221 4752 1309 4814; x_wconf 87' lang='lat' dir='ltr'><strong>bomo,</strong></span> <span class='ocrx_word' id='word_1_416' title='bbox 1329 4755 1374 4818; x_wconf 91' lang='lat' dir='ltr'><strong>qui</strong></span> <span class='ocrx_word' id='word_1_417' title='bbox 1393 4760 1421 4803; x_wconf 88' lang='lat' dir='ltr'><strong>et</strong></span> <span class='ocrx_word' id='word_1_418' title='bbox 1439 4755 1509 4804; x_wconf 85' lang='lat' dir='ltr'><strong>bene</strong></span> <span class='ocrx_word' id='word_1_419' title='bbox 1527 4755 1604 4805; x_wconf 81' lang='lat' dir='ltr'><strong>valet</strong></span> <span class='ocrx_word' id='word_1_420' title='bbox 1621 4762 1650 4804; x_wconf 89' lang='lat' dir='ltr'><strong>et</strong></span> <span class='ocrx_word' id='word_1_421' title='bbox 1666 4770 1723 4805; x_wconf 82' lang='lat' dir='ltr'><strong>suae</strong></span> 
     </span>
     <span class='ocr_line' id='line_1_42' title="bbox 436 4835 1723 4908; baseline 0.002 -22"><span class='ocrx_word' id='word_1_422' title='bbox 436 4839 541 4903; x_wconf 86' lang='lat' dir='ltr'><strong>spontis</strong></span> <span class='ocrx_word' id='word_1_423' title='bbox 560 4845 614 4898; x_wconf 87' lang='lat' dir='ltr'><strong>est,</strong></span> <span class='ocrx_word' id='word_1_424' title='bbox 640 4837 724 4886; x_wconf 87' lang='lat' dir='ltr'><strong>nullis</strong></span> <span class='ocrx_word' id='word_1_425' title='bbox 743 4836 869 4901; x_wconf 79' lang='lat' dir='ltr'><strong>obligare</strong></span> <span class='ocrx_word' id='word_1_426' title='bbox 888 4852 917 4886; x_wconf 89' lang='lat' dir='ltr'><strong>so</strong></span> <span class='ocrx_word' id='word_1_427' title='bbox 936 4835 1045 4900; x_wconf 84' lang='lat' dir='ltr'><strong>legibus</strong></span> <span class='ocrx_word' id='word_1_428' title='bbox 1064 4837 1159 4897; x_wconf 88' lang='lat' dir='ltr'><strong>debet,</strong></span> <span class='ocrx_word' id='word_1_429' title='bbox 1185 4854 1218 4886; x_wconf 83' lang='lat' dir='ltr'><strong>ac</strong></span> <span class='ocrx_word' id='word_1_430' title='bbox 1241 4852 1330 4901; x_wconf 84' lang='lat' dir='ltr'><strong>nequo</strong></span> <span class='ocrx_word' id='word_1_431' title='bbox 1348 4837 1460 4908; x_wconf 23' lang='lat' dir='ltr'><strong>medico.</strong></span> <span class='ocrx_word' id='word_1_432' title='bbox 1473 4854 1562 4903; x_wconf 86' lang='lat' dir='ltr'><strong>neque</strong></span> <span class='ocrx_word' id='word_1_433' title='bbox 1580 4839 1723 4904; x_wconf 74' lang='lat' dir='ltr'><strong>iatraliptae</strong></span> 
     </span>
     <span class='ocr_line' id='line_1_43' title="bbox 437 4918 1720 4987; baseline 0.002 -18"><span class='ocrx_word' id='word_1_434' title='bbox 437 4926 545 4986; x_wconf 82' lang='lat' dir='ltr'><strong>egere&#39;&#39;.</strong></span> <span class='ocrx_word' id='word_1_435' title='bbox 594 4920 615 4953; x_wconf 89' lang='lat'><strong>¹⁰</strong></span> <span class='ocrx_word' id='word_1_436' title='bbox 633 4918 741 4984; x_wconf 81' lang='lat' dir='ltr'><strong>Galen]</strong></span> <span class='ocrx_word' id='word_1_437' title='bbox 762 4923 832 4982; x_wconf 79' lang='lat' dir='ltr'><strong>isag.</strong></span> <span class='ocrx_word' id='word_1_438' title='bbox 845 4919 870 4967; x_wconf 85' lang='lat'><strong>8.</strong></span> <span class='ocrx_word' id='word_1_439' title='bbox 885 4927 912 4969; x_wconf 89' lang='lat' dir='ltr'><strong>et</strong></span> <span class='ocrx_word' id='word_1_440' title='bbox 931 4921 964 4969; x_wconf 90' lang='lat' dir='ltr'><strong>do</strong></span> <span class='ocrx_word' id='word_1_441' title='bbox 984 4935 1043 4969; x_wconf 86' lang='lat' dir='ltr'><strong>sarr.</strong></span> <span class='ocrx_word' id='word_1_442' title='bbox 1058 4921 1160 4968; x_wconf 84' lang='lat' dir='ltr'><strong>tuenda</strong></span> <span class='ocrx_word' id='word_1_443' title='bbox 1172 4922 1194 4969; x_wconf 91' lang='grc' dir='ltr'><strong>Ι.</strong></span> <span class='ocrx_word' id='word_1_444' title='bbox 1211 4920 1232 4969; x_wconf 91' lang='lat' dir='ltr'><strong>l.</strong></span> <span class='ocrx_word' id='word_1_445' title='bbox 1247 4921 1283 4970; x_wconf 85' lang='lat' dir='ltr'><strong>cf.</strong></span> <span class='ocrx_word' id='word_1_446' title='bbox 1299 4921 1327 4969; x_wconf 90' lang='lat' dir='ltr'><strong>in</strong></span> <span class='ocrx_word' id='word_1_447' title='bbox 1339 4923 1471 4987; x_wconf 87' lang='lat' dir='ltr'><strong>Hippocr.</strong></span> <span class='ocrx_word' id='word_1_448' title='bbox 1484 4922 1518 4972; x_wconf 93' lang='lat' dir='ltr'><strong>de</strong></span> <span class='ocrx_word' id='word_1_449' title='bbox 1537 4921 1612 4972; x_wconf 82' lang='lat' dir='ltr'><strong>alim.</strong></span> <span class='ocrx_word' id='word_1_450' title='bbox 1626 4940 1720 4973; x_wconf 88' lang='lat' dir='ltr'><strong>comm.</strong></span> 
     </span>
     <span class='ocr_line' id='line_1_44' title="bbox 437 5004 1720 5073; baseline 0.003 -20"><span class='ocrx_word' id='word_1_451' title='bbox 437 5006 488 5056; x_wconf 90' lang='lat'><em>111.</em></span> <span class='ocrx_word' id='word_1_452' title='bbox 502 5006 524 5055; x_wconf 82' lang='lat'><strong>7.</strong></span> <span class='ocrx_word' id='word_1_453' title='bbox 540 5005 580 5055; x_wconf 81' lang='lat' dir='ltr'><strong>lb.</strong></span> <span class='ocrx_word' id='word_1_454' title='bbox 633 5004 653 5036; x_wconf 87' lang='lat'><strong>¹²</strong></span> <span class='ocrx_word' id='word_1_455' title='bbox 671 5006 751 5055; x_wconf 84' lang='lat' dir='ltr'><strong>Hauc</strong></span> <span class='ocrx_word' id='word_1_456' title='bbox 770 5004 857 5053; x_wconf 87' lang='lat' dir='ltr'><strong>libelli</strong></span> <span class='ocrx_word' id='word_1_457' title='bbox 877 5004 1042 5067; x_wconf 81' lang='lat' dir='ltr'><strong>clausulam,</strong></span> <span class='ocrx_word' id='word_1_458' title='bbox 1063 5005 1165 5073; x_wconf 83' lang='lat' dir='ltr'><strong>nequid</strong></span> <span class='ocrx_word' id='word_1_459' title='bbox 1183 5004 1371 5055; x_wconf 83' lang='lat' dir='ltr'><strong>dissertationi</strong></span> <span class='ocrx_word' id='word_1_460' title='bbox 1388 5006 1475 5073; x_wconf 80' lang='lat' dir='ltr'><strong>desit,</strong></span> <span class='ocrx_word' id='word_1_461' title='bbox 1495 5008 1656 5071; x_wconf 79' lang='lat' dir='ltr'><strong>repetimus:</strong></span> <span class='ocrx_word' id='word_1_462' title='bbox 1676 5023 1720 5057; x_wconf 82' lang='lat' dir='ltr'><strong>ex-</strong></span> 
     </span>
     <span class='ocr_line' id='line_1_45' title="bbox 437 5086 1311 5155; baseline 0.001 -17"><span class='ocrx_word' id='word_1_463' title='bbox 437 5087 524 5139; x_wconf 84' lang='lat' dir='ltr'><strong>hibita</strong></span> <span class='ocrx_word' id='word_1_464' title='bbox 543 5096 586 5139; x_wconf 87' lang='lat' dir='ltr'><strong>est</strong></span> <span class='ocrx_word' id='word_1_465' title='bbox 603 5089 657 5140; x_wconf 81' lang='lat' dir='ltr'><strong>vol.</strong></span> <span class='ocrx_word' id='word_1_466' title='bbox 670 5090 692 5139; x_wconf 91' lang='lat'><strong>1.</strong></span> <span class='ocrx_word' id='word_1_467' title='bbox 706 5106 733 5155; x_wconf 92' lang='lat' dir='ltr'><strong>p.</strong></span> <span class='ocrx_word' id='word_1_468' title='bbox 746 5088 805 5138; x_wconf 76' lang='lat'><strong>230.</strong></span> <span class='ocrx_word' id='word_1_469' title='bbox 859 5088 879 5119; x_wconf 91' lang='lat'><strong>¹⁷</strong></span> <span class='ocrx_word' id='word_1_470' title='bbox 898 5089 1038 5152; x_wconf 78' lang='lat' dir='ltr'><strong>exposioa,</strong></span> <span class='ocrx_word' id='word_1_471' title='bbox 1057 5093 1083 5138; x_wconf 86' lang='lat'><strong>2.</strong></span> <span class='ocrx_word' id='word_1_472' title='bbox 1140 5086 1162 5120; x_wconf 77' lang='lat'><strong>³²</strong></span> <span class='ocrx_word' id='word_1_473' title='bbox 1179 5090 1267 5153; x_wconf 70' lang='lat' dir='ltr'><strong>planti</strong></span> <span class='ocrx_word' id='word_1_474' title='bbox 1287 5106 1311 5139; x_wconf 90' lang='lat' dir='ltr'><strong>a.</strong></span> 
     </span>
    </p>
   </div>
   <div class='ocr_carea' id='block_1_7' title="bbox 0 0 2154 6059">
    <p class='ocr_par' dir='ltr' id='par_1_10' title="bbox 0 0 2154 6059">
     <span class='ocr_line' id='line_1_46' title="bbox 0 0 2154 6059; baseline 0 0"><span class='ocrx_word' id='word_1_475' title='bbox 0 0 2154 6059; x_wconf 95' lang='lat' dir='ltr'><strong> </strong></span> 
     </span>
    </p>
   </div>
  </div>
 </body>
</html>
