4300 6059
620 706 721 741 uem
733 707 759 741 Χ.
773 705 809 740 ΑΙ)
821 706 950 741 mrum
963 705 1105 740 MATER!
1117 706 1244 740 LlT'l'EllAE
1257 705 1283 739 D·
1296 698 1318 741 8.
1332 705 1396 741 ΗΘ.
1410 705 1435 742 Δ.
1448 698 1506 738 15118·
1634 673 1703 743 201

637 828 640 832 ’
663 864 726 920 ceo
748 863 777 920 x.
801 862 921 919 ,norom
943 863 1093 919 nissimi)
1115 863 1244 920 necaro
1266 864 1306 920 oe
1328 864 1466 921 career.

504 983 606 1040 Dilecto
629 982 675 1038 fili.
698 982 763 1038 Cum
785 982 867 1038 certis
889 982 992 1039 nuntiis
1014 999 1103 1057 neque
1126 1000 1180 1038 uno
1203 1001 1235 1038 ex
1257 983 1318 1040 loeo
1334 983 1548 1040 intellexerimus
1565 991 1709 1058 tyrannum

421 1070 568 1124 Turearum
584 1068 617 1124 ab
631 1067 745 1124 orientis
763 1067 934 1141 expeditione
950 1084 1088 1124 reversum
1102 1067 1367 1143 Constantinopolim
1382 1087 1411 1125 se
1425 1068 1584 1130 contulisse,
1602 1085 1710 1142 magna·
1727 1122 1731 1130 ,

419 1170 474 1228 que
488 1152 628 1210 celeritate
643 1160 671 1209 et
686 1151 777 1210 studio
793 1153 825 1208 ad
837 1152 1017 1227 apparandum
1028 1151 1142 1210 classem
1154 1171 1184 1208 se
1194 1153 1310 1220 dedisse,
1324 1154 1360 1209 ita
1372 1163 1405 1210 ιιι
1414 1155 1557 1210 maximum
1569 1170 1709 1210 numerum

391 1238 527 1294 suavium
543 1256 575 1294 ex
590 1236 729 1294 navalibus
744 1236 874 1300 deducat,
890 1237 1014 1294 homines
1029 1245 1125 1311 cogat,
1147 1255 1208 1311 quae
1224 1239 1256 1294 ad
1272 1239 1371 1295 victum
1388 1234 1539 1295 necessaria
1554 1248 1618 1294 sunt
1633 1238 1710 1294 undi-

419 1341 473 1396 que
488 1323 641 1398 conquirat,
656 1321 792 1378 noluimus
808 1323 860 1379 boe
875 1322 1028 1395 significare
1043 1322 1284 1396 circumspectioni
1301 1332 1368 1387 tuae,
1385 1333 1415 1379 ut
1430 1341 1490 1380 cum
1505 1322 1665 1379 charissimo
1682 1324 1710 1378 in

418 1409 528 1464 Christo
549 1408 605 1464 lilio
626 1416 723 1464 nostro
739 1406 835 1463 Garolo
851 1407 1039 1481 llispaniarum
1061 1425 1127 1480 rege
1148 1408 1287 1464 (latbolieo
1310 1408 1335 1466 id
1357 1410 1578 1466 communicares.
1621 1407 1710 1475 Quan-
1782 1396 1789 1414 ⁴

420 1511 501 1567 quam
517 1510 568 1549 nos
584 1494 648 1567 quid
666 1492 688 1548 is
704 1491 833 1548 moliatur
848 1502 895 1549 aut
910 1493 1013 1566 cogitet
1028 1492 1096 1548 nihil
1110 1500 1187 1549 certo
1202 1493 1331 1551 babemus
1347 1494 1398 1550 nisi
1420 1493 1487 1550 illud
1510 1511 1565 1550 non
1585 1492 1710 1549 dubitare

420 1579 487 1652 quin
509 1572 624 1635 immani
638 1586 666 1635 et
687 1577 770 1635 ellera
790 1577 951 1635 crudelitate
971 1578 1059 1635 bostis
1081 1578 1113 1633 ad
1133 1578 1234 1634 caedem
1254 1587 1282 1634 et
1301 1579 1404 1636 cladem
1425 1598 1454 1636 se
1471 1580 1588 1635 instruat
1602 1579 1710 1652 generis

387 1663 581 1725 inchristiani,
604 1663 656 1720 etsi
672 1661 806 1737 praecipiti
823 1663 874 1718 iam
890 1670 985 1727 aestate
1005 1680 1061 1719 non
1082 1670 1124 1719 est
1145 1663 1262 1720 fortasse
1286 1664 1470 1720 rrnirersa'vis
1492 1664 1551 1720 eius
1572 1664 1624 1719 boc
1640 1680 1710 1718 anno

419 1747 651 1822 pertimescenda,
667 1756 843 1804 veruntamen
859 1747 891 1803 ad
907 1747 950 1803 dei
966 1748 1052 1804 nostri
1069 1747 1213 1810 honorem,
1229 1749 1261 1803 ad
1277 1748 1392 1805 salutem
1407 1749 1566 1805 Christianae
1582 1746 1712 1822 reipubli-

417 1850 468 1895 cae,
484 1833 517 1888 ad
532 1840 654 1889 nostram
671 1831 837 1906 vigilantiam
852 1841 880 1888 et
895 1832 975 1888 istius
982 1830 1113 1889 Catholici
1126 1833 1206 1907 llegis
1222 1834 1303 1890 decus
1318 1851 1350 1890 ac
1364 1834 1524 1908 dignitatem
1540 1833 1712 1890 vehementer

419 1918 541 1992 pertinet
555 1934 606 1974 nos
622 1925 650 1975 et
665 1935 726 1974 esse
741 1917 773 1973 ad
789 1917 877 1974 omnia
893 1925 921 1973 et
937 1917 1019 1974 videri
1036 1926 1161 1992 paratos,
1184 1936 1218 1974 ne
1239 1919 1303 1992 quid
1325 1919 1404 1979 nobis
1427 1918 1460 1974 ab
1481 1918 1631 1993 improviso
1646 1916 1709 1973 mali

420 2002 454 2058 ab
469 2001 518 2059 illo
533 2002 650 2066 accidat,
666 2020 727 2060 curn
744 2003 799 2059 veri
816 2011 844 2059 et
859 2003 949 2076 magni
966 2003 1099 2077 principis
1115 2003 1159 2064 sit,
1177 2002 1265 2077 qualis
1281 2002 1496 2071 llexGatbolicus
1511 2011 1563 2065 est,
1577 1992 1630 2059 vsuo
1645 2019 1710 2059 con·

387 2086 498 2150 csilio.
520 2104 575 2143 non
596 2106 675 2144 casus
696 2087 827 2144 beneficio
848 2087 947 2143 salvam
968 2088 1088 2144 retinere
1109 2095 1196 2144 status
1217 2097 1244 2144 et
1267 2089 1384 2145 nominis
1406 2088 1448 2144 sui
1469 2088 1637 2163 dignitatem.
1673 2089 1711 2143 ilc

419 2173 493 2247 quod
510 2172 542 2228 ad
559 2173 727 2229 induciarum
744 2190 810 2247 qrras
827 2172 979 2228 induximus
995 2172 1220 2247 approbationem
1236 2173 1363 2248 pertinet,
1380 2192 1429 2230 nec
1445 2192 1495 2229 nos
1511 2173 1618 2251 quidem
1634 2171 1711 2229 volu·

419 2274 479 2313 mus
495 2256 582 2332 ipsius
597 2248 762 2314 llaiestatem
778 2275 792 2313 a
807 2257 936 2314 Cresarere
952 2257 1112 2314 Serenitatis
1128 2257 1244 2314 consilio
1260 2258 1420 2321 dissentire,
1437 2277 1518 2333 quem
1533 2267 1560 2314 et
1576 2275 1667 2314 aurore
1683 2265 1711 2313 et

418 2343 552 2417 sanguine
567 2342 649 2399 babet
659 2342 920 2400 coniunctissimum.
943 2344 989 2399 scd
1003 2343 1249 2417 qrrorriamtbesaris
1262 2342 1410 2400 voluntatis
1422 2353 1523 2401 certam
1535 2362 1622 2418 prope
1634 2359 1710 2418 spem

419 2428 576 2485 obtinemus
592 2428 652 2484 lore
669 2427 759 2490 illum,
781 2446 861 2502 quem
884 2433 944 2484 esso
961 2428 1098 2490 nolumus,
1122 2436 1149 2484 et
1164 2428 1280 2484 induciis
1295 2429 1478 2503 approbandis
1494 2438 1521 2485 et
1536 2429 1710 2503 expeditione

389 2514 592 2589 roprocuranda
607 2531 677 2570 verae
693 2522 794 2570 sanctae
810 2513 870 2569 lidci
887 2522 1081 2588 protectorem,
1094 2513 1269 2570 idcircollirc.
1281 2521 1327 2569 tua
1340 2514 1425 2588 ipsius
1435 2515 1601 2571 llaiestatern
1614 2522 1711 2570 nostro

418 2599 529 2655 nomine
544 2599 713 2662 hortabitur,
730 2606 760 2655 ut
775 2607 931 2673 promptum
947 2617 977 2655 ac
993 2606 1117 2673 [iuratum
1133 2607 1210 2672 gerat
1225 2599 1342 2654 animum
1359 2600 1447 2654 omnia
1464 2600 1577 2656 lacieudi
1593 2617 1654 2674 qrrm
1670 2598 1710 2654 avi

418 2682 545 2740 consiliis
560 2701 690 2750 consona,
708 2683 885 2740 sanctissimre
901 2683 960 2740 fidoi
978 2684 1081 2740 luerint
1093 2692 1262 2758 opportuna;
1277 2701 1338 2739 cum
1351 2683 1504 2758 praesertim
1517 2683 1631 2740 aliorum
1644 2702 1709 2758 qaro-

419 2768 531 2825 rundam
540 2769 644 2844 Regum
655 2768 800 2825 earundem
817 2769 984 2825 induciarum
1001 2769 1164 2844 approbatio
1180 2769 1212 2824 ad
1225 2776 1319 2839 nutum
1335 2776 1459 2824 nostrum
1476 2777 1568 2842 parata
1579 2769 1629 2824 'sit
1645 2769 1710 2824 llum

418 2862 508 2910 antem
526 2853 582 2910 abit
597 2854 672 2918 dies,
689 2870 776 2928 neque
792 2854 844 2910 iam
859 2853 1036 2911 consiliorum
1053 2855 1100 2910 scd
1117 2854 1250 2910 laetorum
1267 2862 1373 2928 tempus
1389 2861 1521 2927 apparet,
1538 2872 1613 2916 cum,
1630 2853 1671 2908 vel
1687 2853 1710 2909 si

385 2938 533 2996 recelimus
549 2957 610 2996 esse
624 2939 705 3001 salvi,
728 2956 839 2996 neccsse
855 2940 891 2996 sit
906 2939 1030 3014 sequenti
1047 2947 1142 2995 :estate
1159 2939 1258 2995 babere
1275 2938 1414 3014 praesidia,
1437 2939 1536 3013 quibus
1552 2940 1575 2994 si
1592 2956 1646 2993 nou
1663 2938 1711 2994 ob·

419 3041 512 3087 mere,
528 3032 557 3080 at
572 3023 668 3081 saltem
684 3022 819 3081 sustinere
836 3025 943 3082 bostem
959 3025 1109 3100 possimus,
1127 3025 1194 3080 Circ.
1213 3033 1264 3080 triae
1280 3024 1451 3085 mandamus,
1469 3033 1499 3080 ut
1514 3025 1573 3079 eius
1589 3024 1711 3079 blaiesta·

419 3117 473 3166 tem
488 3125 544 3181 non
560 3117 614 3166 tam
629 3109 783 3166 coborteris
799 3128 879 3184 quarn
892 3110 1021 3186 pbsccres
1044 3117 1071 3165 et
1093 3127 1143 3184 per
1165 3110 1267 3166 viscera
1283 3109 1477 3166 misericordiae
1499 3110 1542 3165 dei
1558 3108 1646 3165 nostri
1662 3107 1710 3164 ob·

418 3194 536 3257 testeris,
554 3203 585 3251 ut
600 3192 737 3251 incumbat
752 3195 862 3269 penitus
878 3197 906 3252 in
922 3196 991 3252 banc
1005 3211 1096 3251 curam
1113 3213 1160 3250 sua
1177 3194 1276 3251 virtute
1291 3202 1318 3250 ot
1333 3193 1519 3268 magnitudine
1534 3193 1651 3268 dignam,
1668 3212 1710 3249 se·

418 3297 471 3354 que
487 3278 649 3336 universalis
664 3278 761 3336 salutis
776 3279 893 3337 bdelium
910 3289 937 3337 et
952 3280 1129 3337 sanctissimae
1144 3279 1204 3336 bdei
1227 3298 1278 3354 pro
1300 3298 1348 3336 sua
1370 3279 1444 3353 regia
1466 3287 1544 3354 parte
1564 3288 1709 3353 patronium

382 3363 594 3439 reprofiteatum
610 3364 705 3422 ducem
721 3383 750 3421 se
766 3363 902 3439 praebeat,
918 3384 984 3441 opes
1001 3365 1207 3440 potentiamque
1222 3383 1299 3421 suam
1313 3364 1365 3421 dco
1382 3364 1576 3439 omnipotenti.
1601 3365 1643 3420 sui
1660 3382 1710 3419 no·

417 3449 498 3506 minis
514 3448 726 3514 immortalitati,
743 3467 855 3507 suorum
871 3460 1046 3526 posterorum
1063 3450 1203 3506 securitati
1219 3450 1334 3513 dedicet,
1350 3467 1400 3507 nce
1415 3451 1524 3506 omittat
1540 3450 1709 3507 occasionem

418 3534 502 3595 banc,
526 3553 579 3610 qua
593 3535 673 3592 hoste
688 3544 783 3592 contra
800 3554 850 3592 nos
866 3545 970 3592 armato
987 3545 1034 3592 aut
1049 3534 1199 3592 clarissima
1215 3535 1328 3592 iictoria
1343 3535 1473 3609 parienda
1488 3543 1534 3591 aut
1551 3553 1646 3609 magna
1662 3533 1714 3600 alis

417 3636 469 3694 qua
483 3618 624 3677 calamitas
640 3620 800 3696 accipienda.
837 3619 1002 3696 Quamquam
1024 3622 1047 3677 si
1062 3630 1090 3676 et
1111 3621 1201 3676 animo
1218 3630 1245 3677 et
1260 3620 1362 3676 viribus
1378 3638 1439 3676 eum
1455 3628 1614 3695 promptum
1628 3620 1711 3675 babo·

416 3704 519 3771 bimus,
542 3704 713 3780 exploratum
730 3706 765 3763 sit
781 3706 858 3763 nobis
873 3707 907 3763 de
923 3707 1049 3769 victoria,
1072 3714 1102 3762 ut
1118 3704 1219 3780 aliquid
1240 3706 1330 3762 damni
1351 3706 1511 3770 subeamus,
1532 3704 1642 3762 hostilis
1653 3705 1711 3782 uerit

383 3780 517 3854 asrirtus,
539 3790 587 3846 sed
603 3798 713 3854 nostra,
735 3791 758 3847 si
774 3792 957 3854 cessabimus,
980 3790 1148 3865 negligentia
1163 3792 1376 3848 extimescenda:
1399 3809 1413 3847 a
1434 3790 1557 3847 consiliis
1577 3791 1663 3866 igitur
1678 3790 1709 3846 ad

417 3876 486 3932 lacta
501 3875 663 3933 veniendum
679 3883 706 3932 et
720 3883 779 3932 tota
795 3877 917 3951 urgenda
933 3894 976 3933 res
992 3886 1048 3939 cst,
1070 3877 1097 3932 in
1120 3895 1174 3950 quo
1196 3885 1273 3932 tanto
1293 3877 1398 3932 enixius
1420 3874 1547 3932 volumus
1569 3875 1714 3950 elaborare*

417 3960 484 4017 (lirc.
501 3969 590 4024 tuam,
607 3970 709 4036 quanto
725 3979 785 4018 cum
801 3963 937 4018 constanti
953 3978 1078 4018 sermone
1093 3961 1125 4017 ad
1141 3979 1192 4018 nos
1207 3962 1347 4036 perfertur
1357 3962 1457 4036 Regem
1474 3961 1562 4035 ipsum
1578 3969 1606 4017 et
1620 3961 1666 4035 pio
1683 3969 1710 4016 et

416 4063 552 4120 generoso
570 4046 764 4103 iollammatum
779 4063 838 4103 esse
855 4047 945 4104 studio
962 4047 1043 4102 buius
1059 4047 1224 4117 sanctissimi
1240 4045 1304 4103 belli
1325 4047 1507 4121 suscipiendi;
1528 4047 1561 4102 de
1581 4064 1636 4120 quo
1652 4045 1710 4119 agi-

417 4149 476 4187 mus
491 4148 543 4188 nos
559 4130 668 4206 quidem
683 4129 734 4187 deo
751 4133 931 4206 omnipotenti
947 4133 1065 4206 gratias,
1091 4132 1137 4206 qui
1158 4132 1284 4207 spiritum
1302 4133 1356 4187 reri
1372 4131 1478 4189 consilii
1496 4139 1572 4187 tanto
1589 4131 1654 4204 llegi
1671 4131 1710 4185 in-

387 4228 410 4267 ιι
421 4217 521 4291 spiret,
539 4217 629 4272 sedet
645 4216 731 4291 ipsius
747 4215 892 4274 Serenitati
908 4217 1038 4273 babemus
1053 4217 1196 4275 maximas:
1219 4218 1277 4274 brec
1298 4217 1369 4273 enim
1385 4224 1449 4273 sunt
1465 4224 1597 4291 perpetua
1613 4214 1710 4272 salutis

416 4309 443 4357 et
457 4300 555 4375 gloriae
572 4300 760 4363 fundamenta,
788 4303 886 4376 quibos
908 4303 930 4358 si
953 4301 1039 4358 rnlbuc
1061 4302 1154 4358 viridis
1176 4302 1234 4357 eius
1256 4310 1324 4357 aetas
1346 4303 1490 4362 innitetur,
1518 4301 1586 4356 nibil
1607 4299 1660 4356 erit
1683 4299 1709 4355 in

417 4388 443 4442 in
459 4387 532 4442 omni
550 4387 734 4460 magnitudine
750 4394 804 4443 tam
820 4387 938 4462 amplum
955 4387 1027 4461 quod
1049 4388 1108 4461 ipsc
1130 4387 1181 4441 sibi
1203 4387 1365 4460 promittere
1389 4404 1442 4442 non
1465 4386 1563 4460 possit.
1608 4385 1709 4441 Sedet

416 4471 544 4546 quoniam
559 4488 592 4528 ex
606 4488 704 4546 magna
720 4472 867 4529 Turcarnm
883 4470 969 4529 classe
991 4473 1137 4528 verendum
1159 4479 1215 4533 est,
1239 4487 1273 4527 ne
1295 4489 1358 4546 pars
1379 4470 1471 4546 aliqua
1492 4471 1542 4527 otii
1565 4469 1709 4544 impatiens

414 4556 566 4632 praedatum
582 4565 610 4613 et
625 4555 787 4632 populatum
802 4575 852 4631 per
867 4557 951 4613 maria
967 4565 994 4613 et
1009 4556 1102 4613 littora
1118 4564 1211 4612 nostra
1233 4556 1383 4621 discurrat,
1406 4566 1514 4630 gratum
1536 4565 1610 4613 esset
1629 4554 1709 4610 nobis
1727 4625 1729 4628 Α

385 4649 442 4698 raet
456 4640 628 4717 reipublice,
644 4658 787 4716 regnoque
802 4659 854 4699 suo
870 4643 1055 4707 commodum,
1080 4651 1111 4698 ut
1131 4641 1232 4716 aliquid
1254 4641 1366 4698 baberet
1382 4641 1439 4716 ipse
1456 4641 1483 4696 in
1498 4641 1541 4696 bis
1557 4640 1614 4696 oris
1628 4639 1709 4695 mari·

416 4727 487 4784 timis
503 4725 588 4785 ltaliae
604 4745 635 4784 ac
651 4725 750 4784 Siciliae
766 4726 870 4784 idoneae
887 4726 983 4783 classis
998 4727 1032 4782 ad
1047 4727 1192 4784 arcendum
1208 4727 1330 4788 bostem,
1347 4727 1458 4800 suisque
1475 4726 1557 4783 rebus
1573 4724 1707 4799 praesidia,

414 4812 517 4869 nostris
532 4813 624 4874 etiam,
640 4812 663 4868 si
680 4830 750 4887 opus
766 4820 848 4876 esset,
866 4812 949 4868 ferret
965 4810 1072 4868 auxilia.
1094 4811 1146 4867 Sed
1162 4829 1213 4867 nos
1229 4812 1339 4886 ingenio
1355 4821 1384 4873 ct¹
1397 4811 1549 4885 prudentiae
1566 4818 1620 4866 tua
1636 4826 1709 4866 com·

414 4898 548 4955 mittimus
564 4915 621 4954 reru
638 4905 724 4954 totam
741 4940 842 4952 .....
858 4898 952 4954 batum
968 4897 1059 4953 Romae
1073 4896 1118 4952 die
1133 4904 1158 4956 8.
1175 4897 1292 4971 Augusti
1311 4903 1384 4958 1518.
1401 4914 1471 4953 anrro
1487 4896 1527 4951 Vl.

495 4982 553 5040 Len
566 4981 598 5038 x.
1437 4974 1622 5059 Sadol[etus].
