<?xml version="1.0" encoding="UTF-8"?>
<!DOCTYPE html PUBLIC "-//W3C//DTD XHTML 1.0 Transitional//EN"
    "http://www.w3.org/TR/xhtml1/DTD/xhtml1-transitional.dtd">
<html xmlns="http://www.w3.org/1999/xhtml" xml:lang="en" lang="en">
 <head>
  <title>
</title>
<meta http-equiv="Content-Type" content="text/html;charset=utf-8" />
  <meta name='ocr-system' content='tesseract 3.04.00' />
  <meta name='ocr-capabilities' content='ocr_page ocr_carea ocr_par ocr_line ocrx_word'/>
</head>
<body>
  <div class='ocr_page' id='page_1' title='image "./ulrichihuttenie01huttgoog/ulrichihuttenie01huttgoog_0061.png"; bbox 0 0 4300 6059; ppageno 0'>
   <div class='ocr_carea' id='block_1_1' title="bbox 497 697 1643 766">
    <p class='ocr_par' dir='ltr' id='par_1_1' title="bbox 497 697 1643 766">
     <span class='ocr_line' id='line_1_1' title="bbox 497 697 1643 766; baseline 0.003 -10"><span class='ocrx_word' id='word_1_1' title='bbox 497 723 619 758; x_wconf 78' lang='lat' dir='ltr'><strong>llV&#39;l&#39;Tlllll</strong></span> <span class='ocrx_word' id='word_1_2' title='bbox 639 724 668 757; x_wconf 75' lang='lat' dir='ltr'><strong>tn</strong></span> <span class='ocrx_word' id='word_1_3' title='bbox 687 724 780 758; x_wconf 70' lang='lat' dir='ltr'><strong>Db&#39;Cb’M</strong></span> <span class='ocrx_word' id='word_1_4' title='bbox 799 724 1075 758; x_wconf 69' lang='lat' dir='ltr'><strong>wrn&#39;runrssltttttrtstrtt</strong></span> <span class='ocrx_word' id='word_1_5' title='bbox 1095 726 1198 759; x_wconf 67' lang='lat' dir='ltr'><strong>oacrio</strong></span> <span class='ocrx_word' id='word_1_6' title='bbox 1217 727 1260 759; x_wconf 79' lang='grc' dir='ltr'><strong>ΙΙΙ.</strong></span> <span class='ocrx_word' id='word_1_7' title='bbox 1280 726 1392 761; x_wconf 76' lang='lat' dir='ltr'><strong>lnttVttT.</strong></span> <span class='ocrx_word' id='word_1_8' title='bbox 1410 726 1436 760; x_wconf 74' lang='lat' dir='ltr'><strong>A·</strong></span> <span class='ocrx_word' id='word_1_9' title='bbox 1452 721 1510 760; x_wconf 78' lang='lat' dir='ltr'><strong>ibit.</strong></span> <span class='ocrx_word' id='word_1_10' title='bbox 1597 697 1643 766; x_wconf 67' lang='grc'><strong>49</strong></span> 
     </span>
    </p>
   </div>
   <div class='ocr_carea' id='block_1_2' title="bbox 326 877 1782 4726">
    <p class='ocr_par' dir='ltr' id='par_1_2' title="bbox 326 877 1782 4726">
     <span class='ocr_line' id='line_1_2' title="bbox 360 877 1645 957; baseline 0.004 -20"><span class='ocrx_word' id='word_1_11' title='bbox 360 878 587 945; x_wconf 70' lang='lat' dir='ltr'><strong>damnaverunt;</strong></span> <span class='ocrx_word' id='word_1_12' title='bbox 612 877 727 954; x_wconf 93' lang='lat' dir='ltr'><strong>publica</strong></span> <span class='ocrx_word' id='word_1_13' title='bbox 751 884 861 937; x_wconf 91' lang='lat' dir='ltr'><strong>tanturn</strong></span> <span class='ocrx_word' id='word_1_14' title='bbox 885 877 1069 938; x_wconf 71' lang='lat' dir='ltr'>conturbatio</span> <span class='ocrx_word' id='word_1_15' title='bbox 1092 886 1136 939; x_wconf 89' lang='lat' dir='ltr'><strong>est</strong></span> <span class='ocrx_word' id='word_1_16' title='bbox 1158 898 1224 956; x_wconf 81' lang='lat' dir='ltr'><strong>quae</strong></span> <span class='ocrx_word' id='word_1_17' title='bbox 1246 881 1398 957; x_wconf 77' lang='lat' dir='ltr'>suspendit</span> <span class='ocrx_word' id='word_1_18' title='bbox 1419 880 1474 940; x_wconf 93' lang='lat' dir='ltr'><strong>boc</strong></span> <span class='ocrx_word' id='word_1_19' title='bbox 1489 882 1645 942; x_wconf 90' lang='lat' dir='ltr'><strong>indicimn:</strong></span> 
     </span>
     <span class='ocr_line' id='line_1_3' title="bbox 360 980 1643 1062; baseline 0.003 -24"><span class='ocrx_word' id='word_1_20' title='bbox 360 999 414 1050; x_wconf 85' lang='lat' dir='ltr'><strong>nec</strong></span> <span class='ocrx_word' id='word_1_21' title='bbox 439 980 561 1040; x_wconf 89' lang='lat' dir='ltr'><strong>mirum:</strong></span> <span class='ocrx_word' id='word_1_22' title='bbox 585 998 688 1041; x_wconf 88' lang='lat' dir='ltr'><strong>omnes</strong></span> <span class='ocrx_word' id='word_1_23' title='bbox 710 981 792 1039; x_wconf 91' lang='lat' dir='ltr'><strong>istius</strong></span> <span class='ocrx_word' id='word_1_24' title='bbox 815 981 945 1039; x_wconf 91' lang='lat' dir='ltr'><strong>criminis</strong></span> <span class='ocrx_word' id='word_1_25' title='bbox 968 980 1087 1046; x_wconf 74' lang='lat' dir='ltr'><strong>novitas</strong></span> <span class='ocrx_word' id='word_1_26' title='bbox 1101 999 1135 1040; x_wconf 89' lang='lat' dir='ltr'><strong>ac</strong></span> <span class='ocrx_word' id='word_1_27' title='bbox 1157 982 1327 1056; x_wconf 77' lang='lat' dir='ltr'>magnitudo</span> <span class='ocrx_word' id='word_1_28' title='bbox 1349 983 1481 1060; x_wconf 91' lang='lat' dir='ltr'><strong>stupidos</strong></span> <span class='ocrx_word' id='word_1_29' title='bbox 1508 983 1643 1062; x_wconf 78' lang='lat' dir='ltr'><strong>reddidit,</strong></span> 
     </span>
     <span class='ocr_line' id='line_1_4' title="bbox 359 1081 1712 1162; baseline 0.002 -21"><span class='ocrx_word' id='word_1_30' title='bbox 359 1082 458 1159; x_wconf 88' lang='lat' dir='ltr'><strong>itaque</strong></span> <span class='ocrx_word' id='word_1_31' title='bbox 481 1099 584 1141; x_wconf 90' lang='lat' dir='ltr'><strong>omnes</strong></span> <span class='ocrx_word' id='word_1_32' title='bbox 606 1081 841 1151; x_wconf 71' lang='lat' dir='ltr'><strong>iaciunt,&#39;‘ncrno</strong></span> <span class='ocrx_word' id='word_1_33' title='bbox 864 1083 993 1159; x_wconf 89' lang='lat' dir='ltr'><strong>perlicit,</strong></span> <span class='ocrx_word' id='word_1_34' title='bbox 1018 1083 1274 1152; x_wconf 90' lang='lat' dir='ltr'><strong>omnes&#39;stodent,</strong></span> <span class='ocrx_word' id='word_1_35' title='bbox 1298 1102 1400 1144; x_wconf 91' lang='lat' dir='ltr'><strong>onmes</strong></span> <span class='ocrx_word' id='word_1_36' title='bbox 1415 1093 1565 1162; x_wconf 87' lang='lat' dir='ltr'><strong>satagunt,</strong></span> <span class='ocrx_word' id='word_1_37' title='bbox 1589 1093 1644 1146; x_wconf 90' lang='lat' dir='ltr'><strong>stat</strong></span> <span class='ocrx_word' id='word_1_38' title='bbox 1654 1097 1712 1147; x_wconf 66' lang='grc' dir='ltr'>ιιι.</span> 
     </span>
     <span class='ocr_line' id='line_1_5' title="bbox 359 1184 1646 1265; baseline 0.005 -23"><span class='ocrx_word' id='word_1_39' title='bbox 359 1191 459 1243; x_wconf 90' lang='lat' dir='ltr'><strong>tamen</strong></span> <span class='ocrx_word' id='word_1_40' title='bbox 482 1184 630 1259; x_wconf 72' lang='lat' dir='ltr'><strong>negotium</strong></span> <span class='ocrx_word' id='word_1_41' title='bbox 654 1191 683 1256; x_wconf 84' lang='lat' dir='ltr'><strong>et</strong></span> <span class='ocrx_word' id='word_1_42' title='bbox 704 1202 759 1244; x_wconf 90' lang='lat' dir='ltr'><strong>nos</strong></span> <span class='ocrx_word' id='word_1_43' title='bbox 781 1184 915 1261; x_wconf 79' lang='lat' dir='ltr'>suspensi</span> <span class='ocrx_word' id='word_1_44' title='bbox 938 1192 1086 1245; x_wconf 87' lang='lat' dir='ltr'><strong>tenemm:</strong></span> <span class='ocrx_word' id='word_1_45' title='bbox 1113 1204 1191 1265; x_wconf 76' lang='lat' dir='ltr'><strong>sape</strong></span> <span class='ocrx_word' id='word_1_46' title='bbox 1214 1186 1290 1245; x_wconf 90' lang='lat' dir='ltr'><strong>enim</strong></span> <span class='ocrx_word' id='word_1_47' title='bbox 1313 1187 1398 1245; x_wconf 87' lang='lat' dir='ltr'><strong>litut</strong></span> <span class='ocrx_word' id='word_1_48' title='bbox 1421 1188 1545 1246; x_wconf 73' lang='lat' dir='ltr'><strong>inanima</strong></span> <span class='ocrx_word' id='word_1_49' title='bbox 1568 1187 1646 1249; x_wconf 84' lang='lat' dir='ltr'><strong>lesti-</strong></span> 
     </span>
     <span class='ocr_line' id='line_1_6' title="bbox 335 1285 1646 1367; baseline 0.003 -23"><span class='ocrx_word' id='word_1_50' title='bbox 335 1285 439 1345; x_wconf 79' lang='lat' dir='ltr'><strong>⁵uatio</strong></span> <span class='ocrx_word' id='word_1_51' title='bbox 462 1287 620 1345; x_wconf 82' lang='lat' dir='ltr'><strong>maximam</strong></span> <span class='ocrx_word' id='word_1_52' title='bbox 642 1285 807 1346; x_wconf 72' lang='lat' dir='ltr'><strong>tarditatem</strong></span> <span class='ocrx_word' id='word_1_53' title='bbox 829 1285 956 1346; x_wconf 88' lang='lat' dir='ltr'><strong>inducat.</strong></span> <span class='ocrx_word' id='word_1_54' title='bbox 1001 1287 1067 1348; x_wconf 90' lang='lat' dir='ltr'><strong>Scio</strong></span> <span class='ocrx_word' id='word_1_55' title='bbox 1090 1287 1160 1365; x_wconf 94' lang='lat' dir='ltr'><strong>quid</strong></span> <span class='ocrx_word' id='word_1_56' title='bbox 1182 1306 1285 1347; x_wconf 91' lang='lat' dir='ltr'><strong>omnes</strong></span> <span class='ocrx_word' id='word_1_57' title='bbox 1307 1288 1433 1347; x_wconf 90' lang='lat' dir='ltr'><strong>sentiant</strong></span> <span class='ocrx_word' id='word_1_58' title='bbox 1455 1296 1483 1348; x_wconf 89' lang='lat' dir='ltr'><strong>et</strong></span> <span class='ocrx_word' id='word_1_59' title='bbox 1505 1297 1646 1367; x_wconf 89' lang='lat' dir='ltr'><strong>quantum</strong></span> 
     </span>
     <span class='ocr_line' id='line_1_7' title="bbox 358 1372 1645 1469; baseline 0.004 -24"><span class='ocrx_word' id='word_1_60' title='bbox 358 1388 448 1446; x_wconf 88' lang='lat' dir='ltr'><strong>istum</strong></span> <span class='ocrx_word' id='word_1_61' title='bbox 470 1386 578 1463; x_wconf 79' lang='lat' dir='ltr'><strong>singuli</strong></span> <span class='ocrx_word' id='word_1_62' title='bbox 600 1387 815 1455; x_wconf 82' lang='lat' dir='ltr'><strong>damnaverint,</strong></span> <span class='ocrx_word' id='word_1_63' title='bbox 840 1406 895 1448; x_wconf 90' lang='lat' dir='ltr'><strong>nec</strong></span> <span class='ocrx_word' id='word_1_64' title='bbox 916 1389 999 1448; x_wconf 89' lang='lat' dir='ltr'><strong>istam</strong></span> <span class='ocrx_word' id='word_1_65' title='bbox 1023 1389 1127 1466; x_wconf 91' lang='lat' dir='ltr'><strong>ignoro</strong></span> <span class='ocrx_word' id='word_1_66' title='bbox 1151 1387 1228 1448; x_wconf 80' lang='lat' dir='ltr'><strong>rauba</strong></span> <span class='ocrx_word' id='word_1_67' title='bbox 1252 1372 1364 1450; x_wconf 82' lang='lat' dir='ltr'><strong>diversa</strong></span> <span class='ocrx_word' id='word_1_68' title='bbox 1380 1391 1517 1469; x_wconf 82' lang='lat' dir='ltr'><strong>opinione</strong></span> <span class='ocrx_word' id='word_1_69' title='bbox 1533 1408 1645 1450; x_wconf 90' lang='lat' dir='ltr'><strong>moram</strong></span> 
     </span>
     <span class='ocr_line' id='line_1_8' title="bbox 358 1473 1703 1570; baseline -0.001 -23"><span class='ocrx_word' id='word_1_70' title='bbox 358 1489 432 1548; x_wconf 88' lang='lat' dir='ltr'><strong>lieri.</strong></span> <span class='ocrx_word' id='word_1_71' title='bbox 479 1488 536 1549; x_wconf 90' lang='lat' dir='ltr'><strong>Sed</strong></span> <span class='ocrx_word' id='word_1_72' title='bbox 559 1473 692 1567; x_wconf 88' lang='lat' dir='ltr'><strong>oportel,</strong></span> <span class='ocrx_word' id='word_1_73' title='bbox 717 1509 744 1569; x_wconf 33' lang='lat' dir='ltr'><strong>o„</strong></span> <span class='ocrx_word' id='word_1_74' title='bbox 756 1491 909 1559; x_wconf 88' lang='lat' dir='ltr'><strong>Germani,</strong></span> <span class='ocrx_word' id='word_1_75' title='bbox 938 1490 1085 1568; x_wconf 90' lang='lat' dir='ltr'><strong>quendam</strong></span> <span class='ocrx_word' id='word_1_76' title='bbox 1114 1491 1162 1550; x_wconf 84' lang='lat' dir='ltr'><strong>liic</strong></span> <span class='ocrx_word' id='word_1_77' title='bbox 1184 1491 1381 1568; x_wconf 89' lang='lat' dir='ltr'><strong>periculosum</strong></span> <span class='ocrx_word' id='word_1_78' title='bbox 1406 1491 1538 1570; x_wconf 79' lang='lat' dir='ltr'><strong>intercipi</strong></span> <span class='ocrx_word' id='word_1_79' title='bbox 1561 1493 1674 1552; x_wconf 78' lang='lat' dir='ltr'><strong>erro-&#39;t</strong></span> <span class='ocrx_word' id='word_1_80' title='bbox 1698 1503 1703 1538; x_wconf 78' lang='grc' dir='ltr'>ι</span> 
     </span>
     <span class='ocr_line' id='line_1_9' title="bbox 358 1592 1646 1671; baseline 0.003 -22"><span class='ocrx_word' id='word_1_81' title='bbox 358 1608 439 1650; x_wconf 92' lang='lat' dir='ltr'><strong>rem:</strong></span> <span class='ocrx_word' id='word_1_82' title='bbox 464 1598 558 1650; x_wconf 86' lang='lat' dir='ltr'><strong>vestra</strong></span> <span class='ocrx_word' id='word_1_83' title='bbox 579 1609 676 1670; x_wconf 89' lang='lat' dir='ltr'><strong>nuper</strong></span> <span class='ocrx_word' id='word_1_84' title='bbox 698 1593 772 1652; x_wconf 92' lang='lat' dir='ltr'><strong>ratio</strong></span> <span class='ocrx_word' id='word_1_85' title='bbox 796 1592 849 1652; x_wconf 88' lang='lat' dir='ltr'><strong>luit</strong></span> <span class='ocrx_word' id='word_1_86' title='bbox 871 1593 908 1653; x_wconf 90' lang='lat' dir='ltr'><strong>ita</strong></span> <span class='ocrx_word' id='word_1_87' title='bbox 932 1592 1020 1652; x_wconf 88' lang='lat' dir='ltr'><strong>istum</strong></span> <span class='ocrx_word' id='word_1_88' title='bbox 1043 1594 1213 1654; x_wconf 91' lang='lat' dir='ltr'><strong>damnatum</strong></span> <span class='ocrx_word' id='word_1_89' title='bbox 1236 1600 1268 1652; x_wconf 90' lang='lat' dir='ltr'><strong>ut</strong></span> <span class='ocrx_word' id='word_1_90' title='bbox 1289 1595 1381 1670; x_wconf 89' lang='lat' dir='ltr'><strong>magis</strong></span> <span class='ocrx_word' id='word_1_91' title='bbox 1396 1612 1454 1653; x_wconf 91' lang='lat' dir='ltr'><strong>nou</strong></span> <span class='ocrx_word' id='word_1_92' title='bbox 1470 1603 1584 1671; x_wconf 91' lang='lat' dir='ltr'><strong>posset,</strong></span> <span class='ocrx_word' id='word_1_93' title='bbox 1608 1594 1646 1653; x_wconf 90' lang='lat' dir='ltr'><strong>ita</strong></span> 
     </span>
     <span class='ocr_line' id='line_1_10' title="bbox 359 1691 1646 1762; baseline 0.005 -13"><span class='ocrx_word' id='word_1_94' title='bbox 359 1691 486 1752; x_wconf 80' lang='lat' dir='ltr'><strong>fractum</strong></span> <span class='ocrx_word' id='word_1_95' title='bbox 510 1700 541 1753; x_wconf 91' lang='lat' dir='ltr'><strong>ut</strong></span> <span class='ocrx_word' id='word_1_96' title='bbox 562 1694 675 1754; x_wconf 87' lang='lat' dir='ltr'><strong>restitui</strong></span> <span class='ocrx_word' id='word_1_97' title='bbox 697 1712 757 1753; x_wconf 93' lang='lat' dir='ltr'><strong>non</strong></span> <span class='ocrx_word' id='word_1_98' title='bbox 779 1691 863 1753; x_wconf 85' lang='lat' dir='ltr'><strong>lacile</strong></span> <span class='ocrx_word' id='word_1_99' title='bbox 887 1701 977 1762; x_wconf 88' lang='lat' dir='ltr'><strong>esset;</strong></span> <span class='ocrx_word' id='word_1_100' title='bbox 1001 1713 1100 1755; x_wconf 87' lang='lat' dir='ltr'><strong>meum</strong></span> <span class='ocrx_word' id='word_1_101' title='bbox 1123 1705 1224 1754; x_wconf 88' lang='lat' dir='ltr'><strong>contra</strong></span> <span class='ocrx_word' id='word_1_102' title='bbox 1247 1694 1400 1756; x_wconf 90' lang='lat' dir='ltr'><strong>consilium</strong></span> <span class='ocrx_word' id='word_1_103' title='bbox 1416 1702 1448 1756; x_wconf 89' lang='lat' dir='ltr'><strong>ot</strong></span> <span class='ocrx_word' id='word_1_104' title='bbox 1463 1696 1646 1755; x_wconf 81' lang='lat' dir='ltr'><strong>occasionem</strong></span> 
     </span>
     <span class='ocr_line' id='line_1_11' title="bbox 326 1793 1646 1874; baseline 0.005 -24"><span class='ocrx_word' id='word_1_105' title='bbox 326 1812 350 1850; x_wconf 84' lang='lat' dir='ltr'><strong>ro</strong></span> <span class='ocrx_word' id='word_1_106' title='bbox 360 1794 531 1872; x_wconf 82' lang='lat' dir='ltr'><strong>acciperetis</strong></span> <span class='ocrx_word' id='word_1_107' title='bbox 554 1813 626 1856; x_wconf 91' lang='lat' dir='ltr'><strong>neve</strong></span> <span class='ocrx_word' id='word_1_108' title='bbox 649 1793 803 1872; x_wconf 86' lang='lat' dir='ltr'><strong>colligendi</strong></span> <span class='ocrx_word' id='word_1_109' title='bbox 825 1813 856 1855; x_wconf 89' lang='lat' dir='ltr'><strong>se</strong></span> <span class='ocrx_word' id='word_1_110' title='bbox 879 1797 1004 1872; x_wconf 88' lang='lat' dir='ltr'><strong>spatium</strong></span> <span class='ocrx_word' id='word_1_111' title='bbox 1028 1796 1240 1863; x_wconf 90' lang='lat' dir='ltr'><strong>concederetis;</strong></span> <span class='ocrx_word' id='word_1_112' title='bbox 1264 1796 1343 1874; x_wconf 92' lang='lat' dir='ltr'><strong>qnod</strong></span> <span class='ocrx_word' id='word_1_113' title='bbox 1365 1797 1435 1857; x_wconf 90' lang='lat' dir='ltr'><strong>dum</strong></span> <span class='ocrx_word' id='word_1_114' title='bbox 1451 1798 1579 1873; x_wconf 83' lang='lat' dir='ltr'><strong>segniter</strong></span> <span class='ocrx_word' id='word_1_115' title='bbox 1595 1816 1646 1857; x_wconf 89' lang='lat' dir='ltr'><strong>ao·</strong></span> 
     </span>
     <span class='ocr_line' id='line_1_12' title="bbox 359 1884 1647 1976; baseline 0.003 -22"><span class='ocrx_word' id='word_1_116' title='bbox 359 1895 428 1955; x_wconf 86' lang='lat' dir='ltr'><strong>ditis</strong></span> <span class='ocrx_word' id='word_1_117' title='bbox 450 1903 500 1956; x_wconf 94' lang='lat' dir='ltr'><strong>aut</strong></span> <span class='ocrx_word' id='word_1_118' title='bbox 523 1897 609 1956; x_wconf 87' lang='lat' dir='ltr'><strong>nimis</strong></span> <span class='ocrx_word' id='word_1_119' title='bbox 631 1915 735 1958; x_wconf 87' lang='lat' dir='ltr'><strong>secure</strong></span> <span class='ocrx_word' id='word_1_120' title='bbox 757 1897 839 1958; x_wconf 89' lang='lat' dir='ltr'><strong>istius</strong></span> <span class='ocrx_word' id='word_1_121' title='bbox 862 1897 1078 1959; x_wconf 88' lang='lat' dir='ltr'><strong>danmationcrn</strong></span> <span class='ocrx_word' id='word_1_122' title='bbox 1103 1884 1246 1967; x_wconf 88' lang='lat' dir='ltr'><strong>tractatis,</strong></span> <span class='ocrx_word' id='word_1_123' title='bbox 1275 1897 1332 1957; x_wconf 91' lang='lat' dir='ltr'><strong>boc</strong></span> <span class='ocrx_word' id='word_1_124' title='bbox 1363 1900 1478 1958; x_wconf 88' lang='lat' dir='ltr'><strong>interim</strong></span> <span class='ocrx_word' id='word_1_125' title='bbox 1507 1899 1539 1957; x_wconf 90' lang='lat' dir='ltr'><strong>lit</strong></span> <span class='ocrx_word' id='word_1_126' title='bbox 1568 1898 1647 1976; x_wconf 89' lang='lat' dir='ltr'><strong>qood</strong></span> 
     </span>
     <span class='ocr_line' id='line_1_13' title="bbox 361 1998 1647 2077; baseline 0.003 -23"><span class='ocrx_word' id='word_1_127' title='bbox 361 2015 411 2056; x_wconf 84' lang='lat' dir='ltr'><strong>ros</strong></span> <span class='ocrx_word' id='word_1_128' title='bbox 434 2016 493 2071; x_wconf 85' lang='lat' dir='ltr'><strong>oon</strong></span> <span class='ocrx_word' id='word_1_129' title='bbox 515 1999 654 2077; x_wconf 88' lang='lat' dir='ltr'><strong>suspicati</strong></span> <span class='ocrx_word' id='word_1_130' title='bbox 676 2000 759 2068; x_wconf 87' lang='lat' dir='ltr'><strong>estis,</strong></span> <span class='ocrx_word' id='word_1_131' title='bbox 783 2019 838 2077; x_wconf 87' lang='lat' dir='ltr'><strong>ego</strong></span> <span class='ocrx_word' id='word_1_132' title='bbox 861 2008 975 2060; x_wconf 89' lang='lat' dir='ltr'><strong>mature</strong></span> <span class='ocrx_word' id='word_1_133' title='bbox 997 2000 1131 2076; x_wconf 74' lang='lat' dir='ltr'><strong>praecidi,</strong></span> <span class='ocrx_word' id='word_1_134' title='bbox 1161 2009 1193 2059; x_wconf 92' lang='lat' dir='ltr'><strong>ut</strong></span> <span class='ocrx_word' id='word_1_135' title='bbox 1221 2001 1275 2059; x_wconf 87' lang='lat' dir='ltr'><strong>iste</strong></span> <span class='ocrx_word' id='word_1_136' title='bbox 1297 2001 1327 2059; x_wconf 91' lang='lat' dir='ltr'><strong>in</strong></span> <span class='ocrx_word' id='word_1_137' title='bbox 1350 2016 1448 2060; x_wconf 91' lang='lat' dir='ltr'><strong>arcem</strong></span> <span class='ocrx_word' id='word_1_138' title='bbox 1472 1998 1580 2060; x_wconf 91' lang='lat' dir='ltr'><strong>luroris</strong></span> <span class='ocrx_word' id='word_1_139' title='bbox 1602 2001 1647 2060; x_wconf 91' lang='lat' dir='ltr'><strong>sui</strong></span> 
     </span>
     <span class='ocr_line' id='line_1_14' title="bbox 360 2097 1646 2180; baseline 0.002 -22"><span class='ocrx_word' id='word_1_140' title='bbox 360 2097 506 2178; x_wconf 85' lang='lat' dir='ltr'><strong>dilapsus,</strong></span> <span class='ocrx_word' id='word_1_141' title='bbox 529 2119 582 2162; x_wconf 92' lang='lat' dir='ltr'><strong>sua</strong></span> <span class='ocrx_word' id='word_1_142' title='bbox 598 2101 773 2162; x_wconf 85' lang='lat' dir='ltr'><strong>confidentia</strong></span> <span class='ocrx_word' id='word_1_143' title='bbox 787 2109 883 2172; x_wconf 91' lang='lat' dir='ltr'><strong>tutus,</strong></span> <span class='ocrx_word' id='word_1_144' title='bbox 907 2101 1031 2180; x_wconf 86' lang='lat' dir='ltr'><strong>obliquis</strong></span> <span class='ocrx_word' id='word_1_145' title='bbox 1047 2103 1104 2161; x_wconf 88' lang='lat' dir='ltr'><strong>iarn</strong></span> <span class='ocrx_word' id='word_1_146' title='bbox 1120 2099 1212 2161; x_wconf 89' lang='lat' dir='ltr'><strong>oculis</strong></span> <span class='ocrx_word' id='word_1_147' title='bbox 1229 2102 1369 2180; x_wconf 83' lang='lat' dir='ltr'><strong>quasique</strong></span> <span class='ocrx_word' id='word_1_148' title='bbox 1391 2120 1577 2162; x_wconf 90' lang='lat' dir='ltr'><strong>communem</strong></span> <span class='ocrx_word' id='word_1_149' title='bbox 1593 2102 1646 2161; x_wconf 92' lang='lat' dir='ltr'><strong>mi·</strong></span> 
     </span>
     <span class='ocr_line' id='line_1_15' title="bbox 359 2199 1715 2282; baseline 0.001 -23"><span class='ocrx_word' id='word_1_150' title='bbox 359 2201 456 2261; x_wconf 86' lang='lat' dir='ltr'><strong>nitaus</strong></span> <span class='ocrx_word' id='word_1_151' title='bbox 478 2199 592 2262; x_wconf 84' lang='lat' dir='ltr'><strong>cladem</strong></span> <span class='ocrx_word' id='word_1_152' title='bbox 616 2205 644 2262; x_wconf 90' lang='lat' dir='ltr'><strong>iu</strong></span> <span class='ocrx_word' id='word_1_153' title='bbox 669 2212 793 2264; x_wconf 81' lang='lat' dir='ltr'><strong>vestram</strong></span> <span class='ocrx_word' id='word_1_154' title='bbox 816 2203 1058 2265; x_wconf 88' lang='lat' dir='ltr'><strong>consultationem</strong></span> <span class='ocrx_word' id='word_1_155' title='bbox 1082 2202 1260 2282; x_wconf 87' lang='lat' dir='ltr'><strong>speculetur.</strong></span> <span class='ocrx_word' id='word_1_156' title='bbox 1299 2205 1383 2264; x_wconf 88' lang='lat' dir='ltr'><strong>cuins</strong></span> <span class='ocrx_word' id='word_1_157' title='bbox 1399 2202 1582 2282; x_wconf 78' lang='lat' dir='ltr'><strong>negligentiae</strong></span> <span class='ocrx_word' id='word_1_158' title='bbox 1599 2210 1715 2262; x_wconf 75' lang='lat' dir='ltr'><strong>ve-eo.</strong></span> 
     </span>
     <span class='ocr_line' id='line_1_16' title="bbox 326 2304 1687 2384; baseline 0.004 -24"><span class='ocrx_word' id='word_1_159' title='bbox 326 2310 431 2371; x_wconf 75' lang='lat' dir='ltr'><strong>tastrae</strong></span> <span class='ocrx_word' id='word_1_160' title='bbox 453 2321 520 2363; x_wconf 94' lang='lat' dir='ltr'><strong>cum</strong></span> <span class='ocrx_word' id='word_1_161' title='bbox 543 2304 660 2364; x_wconf 88' lang='lat' dir='ltr'><strong>tandem</strong></span> <span class='ocrx_word' id='word_1_162' title='bbox 691 2324 740 2365; x_wconf 88' lang='lat' dir='ltr'><strong>ros</strong></span> <span class='ocrx_word' id='word_1_163' title='bbox 769 2306 920 2384; x_wconf 72' lang='lat' dir='ltr'><strong>peniteat,</strong></span> <span class='ocrx_word' id='word_1_164' title='bbox 954 2314 1054 2384; x_wconf 78' lang='lat' dir='ltr'><strong>utpote</strong></span> <span class='ocrx_word' id='word_1_165' title='bbox 1083 2323 1150 2366; x_wconf 89' lang='lat' dir='ltr'><strong>sero</strong></span> <span class='ocrx_word' id='word_1_166' title='bbox 1179 2324 1311 2366; x_wconf 89' lang='lat' dir='ltr'><strong>errorem</strong></span> <span class='ocrx_word' id='word_1_167' title='bbox 1339 2312 1544 2383; x_wconf 87' lang='lat' dir='ltr'><strong>agnoscentes,</strong></span> <span class='ocrx_word' id='word_1_168' title='bbox 1579 2305 1648 2383; x_wconf 93' lang='lat' dir='ltr'><strong>quid</strong></span> <span class='ocrx_word' id='word_1_169' title='bbox 1683 2374 1687 2379; x_wconf 85' lang='lat'><strong>.</strong></span> 
     </span>
     <span class='ocr_line' id='line_1_17' title="bbox 361 2393 1647 2486; baseline 0.004 -24"><span class='ocrx_word' id='word_1_170' title='bbox 361 2393 493 2466; x_wconf 86' lang='lat' dir='ltr'><strong>loturum</strong></span> <span class='ocrx_word' id='word_1_171' title='bbox 515 2405 695 2467; x_wconf 81' lang='lat' dir='ltr'><strong>arbitramini</strong></span> <span class='ocrx_word' id='word_1_172' title='bbox 717 2409 741 2467; x_wconf 89' lang='lat' dir='ltr'><strong>si</strong></span> <span class='ocrx_word' id='word_1_173' title='bbox 764 2407 831 2467; x_wconf 90' lang='lat' dir='ltr'><strong>binc</strong></span> <span class='ocrx_word' id='word_1_174' title='bbox 854 2426 970 2486; x_wconf 89' lang='lat' dir='ltr'><strong>quoqne</strong></span> <span class='ocrx_word' id='word_1_175' title='bbox 995 2408 1200 2486; x_wconf 85' lang='lat' dir='ltr'><strong>progrediatur</strong></span> <span class='ocrx_word' id='word_1_176' title='bbox 1228 2409 1390 2468; x_wconf 72' lang='lat' dir='ltr'><strong>cunctatio?</strong></span> <span class='ocrx_word' id='word_1_177' title='bbox 1425 2406 1509 2486; x_wconf 80' lang='lat' dir='ltr'><strong>Saepe</strong></span> <span class='ocrx_word' id='word_1_178' title='bbox 1537 2409 1647 2485; x_wconf 90' lang='lat' dir='ltr'><strong>optima</strong></span> 
     </span>
     <span class='ocr_line' id='line_1_18' title="bbox 361 2510 1648 2588; baseline 0.001 -22"><span class='ocrx_word' id='word_1_179' title='bbox 361 2515 459 2567; x_wconf 90' lang='lat' dir='ltr'><strong>mente</strong></span> <span class='ocrx_word' id='word_1_180' title='bbox 482 2510 606 2587; x_wconf 89' lang='lat' dir='ltr'><strong>turpiter</strong></span> <span class='ocrx_word' id='word_1_181' title='bbox 620 2512 782 2587; x_wconf 86' lang='lat' dir='ltr'><strong>&#39;peccatum</strong></span> <span class='ocrx_word' id='word_1_182' title='bbox 804 2515 863 2569; x_wconf 87' lang='lat' dir='ltr'><strong>est:</strong></span> <span class='ocrx_word' id='word_1_183' title='bbox 888 2528 962 2586; x_wconf 91' lang='lat' dir='ltr'><strong>pene</strong></span> <span class='ocrx_word' id='word_1_184' title='bbox 984 2510 1041 2569; x_wconf 92' lang='lat' dir='ltr'><strong>iam</strong></span> <span class='ocrx_word' id='word_1_185' title='bbox 1064 2511 1173 2586; x_wconf 93' lang='lat' dir='ltr'><strong>cripuit</strong></span> <span class='ocrx_word' id='word_1_186' title='bbox 1193 2511 1247 2569; x_wconf 89' lang='lat' dir='ltr'><strong>iste</strong></span> <span class='ocrx_word' id='word_1_187' title='bbox 1269 2528 1311 2570; x_wconf 90' lang='grc' dir='ltr'>εε.</span> <span class='ocrx_word' id='word_1_188' title='bbox 1349 2510 1426 2588; x_wconf 93' lang='lat' dir='ltr'><strong>quod</strong></span> <span class='ocrx_word' id='word_1_189' title='bbox 1450 2511 1474 2568; x_wconf 92' lang='lat' dir='ltr'><strong>si</strong></span> <span class='ocrx_word' id='word_1_190' title='bbox 1497 2517 1648 2570; x_wconf 89' lang='lat' dir='ltr'><strong>assecutus</strong></span> 
     </span>
     <span class='ocr_line' id='line_1_19' title="bbox 360 2610 1647 2690; baseline 0.002 -22"><span class='ocrx_word' id='word_1_191' title='bbox 360 2610 412 2677; x_wconf 87' lang='lat' dir='ltr'><strong>sit,</strong></span> <span class='ocrx_word' id='word_1_192' title='bbox 437 2627 525 2688; x_wconf 91' lang='lat' dir='ltr'><strong>quern</strong></span> <span class='ocrx_word' id='word_1_193' title='bbox 546 2612 576 2670; x_wconf 95' lang='lat' dir='ltr'><strong>in</strong></span> <span class='ocrx_word' id='word_1_194' title='bbox 599 2620 653 2672; x_wconf 85' lang='lat' dir='ltr'><strong>nos</strong></span> <span class='ocrx_word' id='word_1_195' title='bbox 675 2612 814 2690; x_wconf 89' lang='lat' dir='ltr'><strong>impetum</strong></span> <span class='ocrx_word' id='word_1_196' title='bbox 838 2619 952 2689; x_wconf 90' lang='lat' dir='ltr'><strong>postea,</strong></span> <span class='ocrx_word' id='word_1_197' title='bbox 976 2630 1049 2690; x_wconf 91' lang='lat' dir='ltr'><strong>quos</strong></span> <span class='ocrx_word' id='word_1_198' title='bbox 1072 2612 1203 2680; x_wconf 89' lang='lat' dir='ltr'><strong>lurores,</strong></span> <span class='ocrx_word' id='word_1_199' title='bbox 1233 2629 1320 2688; x_wconf 89' lang='lat' dir='ltr'><strong>qnam</strong></span> <span class='ocrx_word' id='word_1_200' title='bbox 1349 2610 1517 2671; x_wconf 91' lang='lat' dir='ltr'><strong>barbariem</strong></span> <span class='ocrx_word' id='word_1_201' title='bbox 1538 2630 1572 2672; x_wconf 91' lang='lat' dir='ltr'><strong>ac</strong></span> <span class='ocrx_word' id='word_1_202' title='bbox 1593 2613 1647 2671; x_wconf 91' lang='lat' dir='ltr'><strong>im·</strong></span> 
     </span>
     <span class='ocr_line' id='line_1_20' title="bbox 343 2713 1715 2793; baseline 0 -23"><span class='ocrx_word' id='word_1_203' title='bbox 343 2713 531 2783; x_wconf 75' lang='lat' dir='ltr'><strong>,manitatem</strong></span> <span class='ocrx_word' id='word_1_204' title='bbox 554 2713 701 2774; x_wconf 82' lang='lat' dir='ltr'><strong>ellnndet?</strong></span> <span class='ocrx_word' id='word_1_205' title='bbox 730 2714 920 2793; x_wconf 81' lang='lat' dir='ltr'><strong>quaslnrias</strong></span> <span class='ocrx_word' id='word_1_206' title='bbox 948 2714 1082 2774; x_wconf 78' lang='lat' dir='ltr'><strong>invebet‘t</strong></span> <span class='ocrx_word' id='word_1_207' title='bbox 1109 2713 1261 2773; x_wconf 86' lang='lat' dir='ltr'><strong>Recordor</strong></span> <span class='ocrx_word' id='word_1_208' title='bbox 1288 2713 1429 2791; x_wconf 90' lang='lat' dir='ltr'><strong>quosdam</strong></span> <span class='ocrx_word' id='word_1_209' title='bbox 1457 2733 1473 2772; x_wconf 94' lang='lat' dir='ltr'><strong>a</strong></span> <span class='ocrx_word' id='word_1_210' title='bbox 1501 2715 1715 2792; x_wconf 69' lang='lat' dir='ltr'><strong>principiorc.</strong></span> 
     </span>
     <span class='ocr_line' id='line_1_21' title="bbox 326 2814 1650 2895; baseline 0.002 -23"><span class='ocrx_word' id='word_1_211' title='bbox 326 2817 404 2874; x_wconf 72' lang='lat' dir='ltr'><strong>eosic</strong></span> <span class='ocrx_word' id='word_1_212' title='bbox 426 2814 625 2885; x_wconf 86' lang='lat' dir='ltr'><strong>consuluisse,</strong></span> <span class='ocrx_word' id='word_1_213' title='bbox 649 2824 815 2895; x_wconf 85' lang='lat' dir='ltr'><strong>temporum</strong></span> <span class='ocrx_word' id='word_1_214' title='bbox 838 2817 981 2876; x_wconf 89' lang='lat' dir='ltr'><strong>rationem</strong></span> <span class='ocrx_word' id='word_1_215' title='bbox 1005 2815 1185 2885; x_wconf 89' lang='lat' dir='ltr'><strong>habendam,</strong></span> <span class='ocrx_word' id='word_1_216' title='bbox 1208 2815 1287 2895; x_wconf 92' lang='lat' dir='ltr'><strong>quod</strong></span> <span class='ocrx_word' id='word_1_217' title='bbox 1310 2822 1379 2885; x_wconf 87' lang='lat' dir='ltr'><strong>tunc</strong></span> <span class='ocrx_word' id='word_1_218' title='bbox 1402 2814 1566 2892; x_wconf 84' lang='lat' dir='ltr'><strong>periculose</strong></span> <span class='ocrx_word' id='word_1_219' title='bbox 1581 2834 1650 2893; x_wconf 90' lang='lat' dir='ltr'><strong>pro·</strong></span> 
     </span>
     <span class='ocr_line' id='line_1_22' title="bbox 360 2916 1648 2997; baseline 0.002 -22"><span class='ocrx_word' id='word_1_220' title='bbox 360 2917 460 2976; x_wconf 71' lang='lat' dir='ltr'><strong>vocari</strong></span> <span class='ocrx_word' id='word_1_221' title='bbox 483 2934 607 2995; x_wconf 83' lang='lat' dir='ltr'><strong>nequam</strong></span> <span class='ocrx_word' id='word_1_222' title='bbox 631 2917 757 2978; x_wconf 90' lang='lat' dir='ltr'><strong>hominis</strong></span> <span class='ocrx_word' id='word_1_223' title='bbox 779 2919 936 2978; x_wconf 85' lang='lat' dir='ltr'><strong>amentiam</strong></span> <span class='ocrx_word' id='word_1_224' title='bbox 959 2925 1111 2997; x_wconf 90' lang='lat' dir='ltr'><strong>putarent,</strong></span> <span class='ocrx_word' id='word_1_225' title='bbox 1143 2919 1284 2996; x_wconf 89' lang='lat' dir='ltr'><strong>quasique</strong></span> <span class='ocrx_word' id='word_1_226' title='bbox 1313 2916 1485 2978; x_wconf 86' lang='lat' dir='ltr'><strong>necessitate</strong></span> <span class='ocrx_word' id='word_1_227' title='bbox 1514 2917 1648 2995; x_wconf 87' lang='lat' dir='ltr'><strong>quadam,</strong></span> 
     </span>
     <span class='ocr_line' id='line_1_23' title="bbox 361 3019 1650 3099; baseline 0 -21"><span class='ocrx_word' id='word_1_228' title='bbox 361 3020 482 3079; x_wconf 90' lang='lat' dir='ltr'><strong>minime</strong></span> <span class='ocrx_word' id='word_1_229' title='bbox 505 3025 603 3080; x_wconf 86' lang='lat' dir='ltr'><strong>autern</strong></span> <span class='ocrx_word' id='word_1_230' title='bbox 625 3020 732 3081; x_wconf 90' lang='lat' dir='ltr'><strong>iudicio</strong></span> <span class='ocrx_word' id='word_1_231' title='bbox 755 3039 789 3079; x_wconf 90' lang='lat' dir='ltr'><strong>ac</strong></span> <span class='ocrx_word' id='word_1_232' title='bbox 813 3019 958 3081; x_wconf 86' lang='lat' dir='ltr'><strong>voluntate</strong></span> <span class='ocrx_word' id='word_1_233' title='bbox 980 3022 1065 3080; x_wconf 88' lang='lat' dir='ltr'><strong>istam</strong></span> <span class='ocrx_word' id='word_1_234' title='bbox 1087 3021 1298 3099; x_wconf 88' lang='lat' dir='ltr'><strong>interposuisse</strong></span> <span class='ocrx_word' id='word_1_235' title='bbox 1317 3036 1444 3078; x_wconf 92' lang='lat' dir='ltr'><strong>moram:</strong></span> <span class='ocrx_word' id='word_1_236' title='bbox 1468 3021 1518 3096; x_wconf 92' lang='lat' dir='ltr'><strong>qui</strong></span> <span class='ocrx_word' id='word_1_237' title='bbox 1534 3019 1650 3080; x_wconf 87' lang='lat' dir='ltr'><strong>rideant</strong></span> 
     </span>
     <span class='ocr_line' id='line_1_24' title="bbox 362 3119 1665 3201; baseline 0.002 -22"><span class='ocrx_word' id='word_1_238' title='bbox 362 3138 417 3179; x_wconf 93' lang='lat' dir='ltr'><strong>oro</strong></span> <span class='ocrx_word' id='word_1_239' title='bbox 446 3137 511 3198; x_wconf 70' lang='lat' dir='ltr'><strong>quae</strong></span> <span class='ocrx_word' id='word_1_240' title='bbox 538 3122 576 3180; x_wconf 90' lang='lat' dir='ltr'><strong>sit</strong></span> <span class='ocrx_word' id='word_1_241' title='bbox 603 3138 682 3182; x_wconf 90' lang='lat' dir='ltr'><strong>nunc</strong></span> <span class='ocrx_word' id='word_1_242' title='bbox 711 3121 853 3190; x_wconf 90' lang='lat' dir='ltr'><strong>conditio,</strong></span> <span class='ocrx_word' id='word_1_243' title='bbox 889 3129 921 3181; x_wconf 92' lang='lat' dir='ltr'><strong>ut</strong></span> <span class='ocrx_word' id='word_1_244' title='bbox 947 3121 1096 3201; x_wconf 90' lang='lat' dir='ltr'><strong>quomodo</strong></span> <span class='ocrx_word' id='word_1_245' title='bbox 1122 3141 1208 3183; x_wconf 89' lang='lat' dir='ltr'><strong>suurn</strong></span> <span class='ocrx_word' id='word_1_246' title='bbox 1237 3119 1309 3181; x_wconf 92' lang='lat' dir='ltr'><strong>illud</strong></span> <span class='ocrx_word' id='word_1_247' title='bbox 1337 3119 1490 3180; x_wconf 90' lang='lat' dir='ltr'><strong>consilinm</strong></span> <span class='ocrx_word' id='word_1_248' title='bbox 1519 3122 1665 3191; x_wconf 84' lang='lat' dir='ltr'><strong>cesserit,&#39;</strong></span> 
     </span>
     <span class='ocr_line' id='line_1_25' title="bbox 362 3222 1716 3309; baseline -0.001 -28"><span class='ocrx_word' id='word_1_249' title='bbox 362 3229 556 3300; x_wconf 86' lang='lat' dir='ltr'><strong>cognoscant:</strong></span> <span class='ocrx_word' id='word_1_250' title='bbox 579 3240 639 3282; x_wconf 90' lang='lat' dir='ltr'><strong>non</strong></span> <span class='ocrx_word' id='word_1_251' title='bbox 662 3224 719 3283; x_wconf 91' lang='lat' dir='ltr'><strong>iam</strong></span> <span class='ocrx_word' id='word_1_252' title='bbox 742 3230 781 3309; x_wconf 20' lang='lat' dir='ltr'><strong>ut,</strong></span> <span class='ocrx_word' id='word_1_253' title='bbox 796 3226 910 3302; x_wconf 89' lang='lat' dir='ltr'><strong>quietus</strong></span> <span class='ocrx_word' id='word_1_254' title='bbox 932 3226 985 3285; x_wconf 89' lang='lat' dir='ltr'><strong>iste</strong></span> <span class='ocrx_word' id='word_1_255' title='bbox 1014 3232 1192 3303; x_wconf 85' lang='lat' dir='ltr'><strong>provocetur</strong></span> <span class='ocrx_word' id='word_1_256' title='bbox 1220 3224 1347 3300; x_wconf 88' lang='lat' dir='ltr'><strong>agimus,</strong></span> <span class='ocrx_word' id='word_1_257' title='bbox 1379 3222 1435 3281; x_wconf 94' lang='lat' dir='ltr'><strong>hoc</strong></span> <span class='ocrx_word' id='word_1_258' title='bbox 1462 3222 1716 3283; x_wconf 72' lang='lat' dir='ltr'><strong>succendente.</strong></span> 
     </span>
     <span class='ocr_line' id='line_1_26' title="bbox 328 3313 1649 3404; baseline 0.004 -24"><span class='ocrx_word' id='word_1_259' title='bbox 328 3325 462 3402; x_wconf 69' lang='lat' dir='ltr'><strong>capotius</strong></span> <span class='ocrx_word' id='word_1_260' title='bbox 484 3332 528 3385; x_wconf 87' lang='lat' dir='ltr'><strong>est</strong></span> <span class='ocrx_word' id='word_1_261' title='bbox 549 3325 702 3390; x_wconf 69' lang='lat' dir='ltr'><strong>uteturore</strong></span> <span class='ocrx_word' id='word_1_262' title='bbox 730 3343 764 3386; x_wconf 91' lang='lat' dir='ltr'><strong>ac</strong></span> <span class='ocrx_word' id='word_1_263' title='bbox 791 3327 917 3386; x_wconf 90' lang='lat' dir='ltr'><strong>amentia</strong></span> <span class='ocrx_word' id='word_1_264' title='bbox 946 3333 1162 3404; x_wconf 90' lang='lat' dir='ltr'><strong>regrassantem</strong></span> <span class='ocrx_word' id='word_1_265' title='bbox 1192 3325 1332 3385; x_wconf 82' lang='lat' dir='ltr'><strong>arrdacern</strong></span> <span class='ocrx_word' id='word_1_266' title='bbox 1349 3313 1518 3394; x_wconf 88' lang='lat' dir='ltr'><strong>latronem,</strong></span> <span class='ocrx_word' id='word_1_267' title='bbox 1548 3326 1649 3401; x_wconf 78' lang='lat' dir='ltr'><strong>patrico</strong></span> 
     </span>
     <span class='ocr_line' id='line_1_27' title="bbox 362 3416 1648 3500; baseline 0 -14"><span class='ocrx_word' id='word_1_268' title='bbox 362 3425 526 3500; x_wconf 85' lang='lat' dir='ltr'><strong>excidiunl,</strong></span> <span class='ocrx_word' id='word_1_269' title='bbox 549 3426 635 3487; x_wconf 89' lang='lat' dir='ltr'><strong>bonis</strong></span> <span class='ocrx_word' id='word_1_270' title='bbox 657 3425 793 3487; x_wconf 90' lang='lat' dir='ltr'><strong>omuibus</strong></span> <span class='ocrx_word' id='word_1_271' title='bbox 816 3426 928 3489; x_wconf 89' lang='lat' dir='ltr'><strong>cladcrn</strong></span> <span class='ocrx_word' id='word_1_272' title='bbox 952 3429 1142 3495; x_wconf 90' lang='lat' dir='ltr'><strong>minitantem,</strong></span> <span class='ocrx_word' id='word_1_273' title='bbox 1166 3446 1200 3487; x_wconf 92' lang='lat' dir='ltr'><strong>ac</strong></span> <span class='ocrx_word' id='word_1_274' title='bbox 1222 3428 1292 3486; x_wconf 91' lang='lat' dir='ltr'><strong>istos</strong></span> <span class='ocrx_word' id='word_1_275' title='bbox 1314 3424 1399 3485; x_wconf 92' lang='lat' dir='ltr'><strong>nobis</strong></span> <span class='ocrx_word' id='word_1_276' title='bbox 1421 3425 1565 3486; x_wconf 89' lang='lat' dir='ltr'><strong>scelernm</strong></span> <span class='ocrx_word' id='word_1_277' title='bbox 1581 3416 1648 3487; x_wconf 91' lang='lat' dir='ltr'><strong>suo·</strong></span> 
     </span>
     <span class='ocr_line' id='line_1_28' title="bbox 363 3526 1718 3608; baseline -0.001 -21"><span class='ocrx_word' id='word_1_278' title='bbox 363 3545 430 3588; x_wconf 81' lang='lat' dir='ltr'><strong>rtuu</strong></span> <span class='ocrx_word' id='word_1_279' title='bbox 453 3535 690 3607; x_wconf 87' lang='lat' dir='ltr'><strong>propugnatores</strong></span> <span class='ocrx_word' id='word_1_280' title='bbox 713 3529 898 3590; x_wconf 90' lang='lat' dir='ltr'><strong>obiicientem</strong></span> <span class='ocrx_word' id='word_1_281' title='bbox 921 3532 1159 3608; x_wconf 88' lang='lat' dir='ltr'><strong>cornprimarnns.</strong></span> <span class='ocrx_word' id='word_1_282' title='bbox 1198 3528 1274 3606; x_wconf 92' lang='lat' dir='ltr'><strong>quod</strong></span> <span class='ocrx_word' id='word_1_283' title='bbox 1291 3529 1345 3588; x_wconf 91' lang='lat' dir='ltr'><strong>uisi</strong></span> <span class='ocrx_word' id='word_1_284' title='bbox 1362 3526 1496 3587; x_wconf 88' lang='lat' dir='ltr'><strong>celeriter</strong></span> <span class='ocrx_word' id='word_1_285' title='bbox 1511 3528 1569 3596; x_wconf 87' lang='lat' dir='ltr'><strong>fiet,</strong></span> <span class='ocrx_word' id='word_1_286' title='bbox 1593 3527 1648 3588; x_wconf 86' lang='lat' dir='ltr'><strong>dil·</strong></span> <span class='ocrx_word' id='word_1_287' title='bbox 1657 3534 1677 3585; x_wconf 85' lang='grc' dir='ltr'>ι.</span> <span class='ocrx_word' id='word_1_288' title='bbox 1688 3538 1718 3580; x_wconf 70' lang='lat'><strong>¹⁵.</strong></span> 
     </span>
     <span class='ocr_line' id='line_1_29' title="bbox 362 3614 1727 3714; baseline -0.001 -24"><span class='ocrx_word' id='word_1_289' title='bbox 362 3627 479 3690; x_wconf 88' lang='lat' dir='ltr'><strong>licnlter</strong></span> <span class='ocrx_word' id='word_1_290' title='bbox 501 3630 564 3698; x_wconf 88' lang='lat' dir='ltr'><strong>liet;</strong></span> <span class='ocrx_word' id='word_1_291' title='bbox 588 3633 736 3709; x_wconf 77' lang='lat' dir='ltr'><strong>praeterita</strong></span> <span class='ocrx_word' id='word_1_292' title='bbox 758 3632 852 3714; x_wconf 88' lang='lat' dir='ltr'><strong>omnis</strong></span> <span class='ocrx_word' id='word_1_293' title='bbox 875 3631 950 3691; x_wconf 88' lang='lat' dir='ltr'><strong>borra</strong></span> <span class='ocrx_word' id='word_1_294' title='bbox 979 3633 1096 3692; x_wconf 91' lang='lat' dir='ltr'><strong>occasio</strong></span> <span class='ocrx_word' id='word_1_295' title='bbox 1125 3641 1183 3698; x_wconf 88' lang='grc' dir='ltr'>εει,</span> <span class='ocrx_word' id='word_1_296' title='bbox 1213 3614 1367 3689; x_wconf 75' lang='lat' dir='ltr'><strong>riden‘dum</strong></span> <span class='ocrx_word' id='word_1_297' title='bbox 1397 3648 1433 3688; x_wconf 89' lang='lat' dir='ltr'><strong>ne</strong></span> <span class='ocrx_word' id='word_1_298' title='bbox 1460 3630 1490 3689; x_wconf 90' lang='lat' dir='ltr'><strong>in</strong></span> <span class='ocrx_word' id='word_1_299' title='bbox 1519 3627 1650 3708; x_wconf 90' lang='lat' dir='ltr'><strong>periculo</strong></span> <span class='ocrx_word' id='word_1_300' title='bbox 1721 3664 1727 3674; x_wconf 91' lang='lat'><strong>·</strong></span> 
     </span>
     <span class='ocr_line' id='line_1_30' title="bbox 364 3729 1650 3811; baseline -0.002 -19"><span class='ocrx_word' id='word_1_301' title='bbox 364 3750 483 3811; x_wconf 90' lang='lat' dir='ltr'><strong>qnoque</strong></span> <span class='ocrx_word' id='word_1_302' title='bbox 505 3732 686 3794; x_wconf 79' lang='lat' dir='ltr'><strong>defuerimus</strong></span> <span class='ocrx_word' id='word_1_303' title='bbox 707 3732 808 3793; x_wconf 90' lang='lat' dir='ltr'><strong>nobis:</strong></span> <span class='ocrx_word' id='word_1_304' title='bbox 844 3751 909 3793; x_wconf 92' lang='lat' dir='ltr'><strong>nam</strong></span> <span class='ocrx_word' id='word_1_305' title='bbox 933 3733 1002 3810; x_wconf 91' lang='lat' dir='ltr'><strong>qnid</strong></span> <span class='ocrx_word' id='word_1_306' title='bbox 1025 3732 1122 3792; x_wconf 90' lang='lat' dir='ltr'><strong>adbuc</strong></span> <span class='ocrx_word' id='word_1_307' title='bbox 1144 3732 1284 3792; x_wconf 88' lang='lat' dir='ltr'><strong>dillerctis</strong></span> <span class='ocrx_word' id='word_1_308' title='bbox 1311 3731 1368 3791; x_wconf 91' lang='lat' dir='ltr'><strong>hoc</strong></span> <span class='ocrx_word' id='word_1_309' title='bbox 1396 3729 1553 3791; x_wconf 85' lang='lat' dir='ltr'><strong>iudicium?</strong></span> <span class='ocrx_word' id='word_1_310' title='bbox 1587 3730 1650 3790; x_wconf 72' lang='lat' dir='ltr'><strong>baec</strong></span> 
     </span>
     <span class='ocr_line' id='line_1_31' title="bbox 330 3830 1782 3923; baseline -0.001 -31"><span class='ocrx_word' id='word_1_311' title='bbox 330 3833 429 3894; x_wconf 79' lang='lat' dir='ltr'><strong>audies</strong></span> <span class='ocrx_word' id='word_1_312' title='bbox 452 3835 587 3895; x_wconf 89' lang='lat' dir='ltr'><strong>constitui</strong></span> <span class='ocrx_word' id='word_1_313' title='bbox 614 3834 708 3902; x_wconf 88' lang='lat' dir='ltr'><strong>iubet,</strong></span> <span class='ocrx_word' id='word_1_314' title='bbox 738 3853 826 3915; x_wconf 87' lang='lat' dir='ltr'><strong>quarn</strong></span> <span class='ocrx_word' id='word_1_315' title='bbox 849 3834 884 3894; x_wconf 88' lang='lat' dir='ltr'><strong>dc</strong></span> <span class='ocrx_word' id='word_1_316' title='bbox 907 3853 938 3894; x_wconf 90' lang='lat' dir='ltr'><strong>se</strong></span> <span class='ocrx_word' id='word_1_317' title='bbox 961 3835 1068 3893; x_wconf 88' lang='lat' dir='ltr'><strong>laruam</strong></span> <span class='ocrx_word' id='word_1_318' title='bbox 1097 3836 1204 3894; x_wconf 79' lang='lat' dir='ltr'><strong>exteris</strong></span> <span class='ocrx_word' id='word_1_319' title='bbox 1231 3832 1398 3893; x_wconf 91' lang='lat' dir='ltr'><strong>nationibus</strong></span> <span class='ocrx_word' id='word_1_320' title='bbox 1426 3830 1560 3910; x_wconf 84' lang='lat' dir='ltr'><strong>praebere</strong></span> <span class='ocrx_word' id='word_1_321' title='bbox 1584 3830 1651 3893; x_wconf 89' lang='lat' dir='ltr'><strong>relit</strong></span> <span class='ocrx_word' id='word_1_322' title='bbox 1695 3913 1701 3923; x_wconf 39' lang='lat'><strong>·</strong></span> <span class='ocrx_word' id='word_1_323' title='bbox 1779 3908 1782 3915; x_wconf 22' lang='grc' dir='ltr'>ι</span> 
     </span>
     <span class='ocr_line' id='line_1_32' title="bbox 365 3932 1650 4016; baseline -0.004 -20"><span class='ocrx_word' id='word_1_324' title='bbox 365 3937 540 4004; x_wconf 85' lang='lat' dir='ltr'><strong>Germania,</strong></span> <span class='ocrx_word' id='word_1_325' title='bbox 563 3943 704 4016; x_wconf 84' lang='lat' dir='ltr'><strong>tyrannos</strong></span> <span class='ocrx_word' id='word_1_326' title='bbox 725 3956 763 3997; x_wconf 91' lang='lat' dir='ltr'><strong>ne</strong></span> <span class='ocrx_word' id='word_1_327' title='bbox 785 3938 845 4014; x_wconf 91' lang='lat' dir='ltr'><strong>pati</strong></span> <span class='ocrx_word' id='word_1_328' title='bbox 867 3955 903 3995; x_wconf 92' lang='lat' dir='ltr'><strong>an</strong></span> <span class='ocrx_word' id='word_1_329' title='bbox 926 3932 1091 3996; x_wconf 88' lang='lat' dir='ltr'><strong>libertatem</strong></span> <span class='ocrx_word' id='word_1_330' title='bbox 1114 3953 1247 3996; x_wconf 89' lang='lat' dir='ltr'><strong>asserere</strong></span> <span class='ocrx_word' id='word_1_331' title='bbox 1270 3954 1369 4002; x_wconf 90' lang='lat' dir='ltr'><strong>suam,</strong></span> <span class='ocrx_word' id='word_1_332' title='bbox 1400 3953 1487 4012; x_wconf 90' lang='lat' dir='ltr'><strong>quam</strong></span> <span class='ocrx_word' id='word_1_333' title='bbox 1510 3934 1547 3993; x_wconf 89' lang='lat' dir='ltr'><strong>ab</strong></span> <span class='ocrx_word' id='word_1_334' title='bbox 1570 3934 1650 3993; x_wconf 91' lang='lat' dir='ltr'><strong>initio</strong></span> 
     </span>
     <span class='ocr_line' id='line_1_33' title="bbox 366 4036 1649 4114; baseline -0.002 -18"><span class='ocrx_word' id='word_1_335' title='bbox 366 4056 466 4098; x_wconf 88' lang='lat' dir='ltr'><strong>rerum</strong></span> <span class='ocrx_word' id='word_1_336' title='bbox 490 4045 580 4099; x_wconf 89' lang='lat' dir='ltr'><strong>tutata</strong></span> <span class='ocrx_word' id='word_1_337' title='bbox 603 4045 647 4099; x_wconf 86' lang='lat' dir='ltr'><strong>est</strong></span> <span class='ocrx_word' id='word_1_338' title='bbox 668 4046 824 4107; x_wconf 89' lang='lat' dir='ltr'><strong>strenuue;</strong></span> <span class='ocrx_word' id='word_1_339' title='bbox 848 4038 1010 4098; x_wconf 89' lang='lat' dir='ltr'><strong>innocentis</strong></span> <span class='ocrx_word' id='word_1_340' title='bbox 1032 4038 1158 4098; x_wconf 89' lang='lat' dir='ltr'><strong>hominis</strong></span> <span class='ocrx_word' id='word_1_341' title='bbox 1180 4037 1290 4106; x_wconf 75' lang='lat' dir='ltr'><strong>caedem</strong></span> <span class='ocrx_word' id='word_1_342' title='bbox 1318 4036 1423 4114; x_wconf 90' lang='lat' dir='ltr'><strong>punire</strong></span> <span class='ocrx_word' id='word_1_343' title='bbox 1452 4036 1592 4095; x_wconf 90' lang='lat' dir='ltr'><strong>sustineat</strong></span> <span class='ocrx_word' id='word_1_344' title='bbox 1613 4052 1649 4094; x_wconf 90' lang='lat' dir='ltr'><strong>an</strong></span> 
     </span>
     <span class='ocr_line' id='line_1_34' title="bbox 366 4136 1651 4220; baseline -0.004 -22"><span class='ocrx_word' id='word_1_345' title='bbox 366 4157 483 4202; x_wconf 90' lang='lat' dir='ltr'><strong>armare</strong></span> <span class='ocrx_word' id='word_1_346' title='bbox 507 4139 639 4201; x_wconf 75' lang='lat' dir='ltr'><strong>furorem</strong></span> <span class='ocrx_word' id='word_1_347' title='bbox 662 4140 924 4219; x_wconf 87' lang='lat' dir='ltr'><strong>perditissimorum</strong></span> <span class='ocrx_word' id='word_1_348' title='bbox 948 4140 1116 4208; x_wconf 91' lang='lat' dir='ltr'><strong>bominum,</strong></span> <span class='ocrx_word' id='word_1_349' title='bbox 1140 4157 1266 4220; x_wconf 88' lang='lat' dir='ltr'><strong>quorum</strong></span> <span class='ocrx_word' id='word_1_350' title='bbox 1289 4139 1342 4197; x_wconf 90' lang='lat' dir='ltr'><strong>isto</strong></span> <span class='ocrx_word' id='word_1_351' title='bbox 1365 4145 1453 4215; x_wconf 86' lang='lat' dir='ltr'><strong>caput</strong></span> <span class='ocrx_word' id='word_1_352' title='bbox 1467 4144 1524 4205; x_wconf 92' lang='lat' dir='ltr'><strong>est,</strong></span> <span class='ocrx_word' id='word_1_353' title='bbox 1548 4136 1651 4199; x_wconf 84' lang='lat' dir='ltr'><strong>duret</strong></span> 
     </span>
     <span class='ocr_line' id='line_1_35' title="bbox 367 4237 1718 4320; baseline -0.007 -19"><span class='ocrx_word' id='word_1_354' title='bbox 367 4242 535 4320; x_wconf 87' lang='lat' dir='ltr'><strong>imperator.</strong></span> <span class='ocrx_word' id='word_1_355' title='bbox 571 4243 634 4303; x_wconf 91' lang='lat' dir='ltr'><strong>lloc</strong></span> <span class='ocrx_word' id='word_1_356' title='bbox 649 4261 749 4303; x_wconf 92' lang='lat' dir='ltr'><strong>rerum</strong></span> <span class='ocrx_word' id='word_1_357' title='bbox 765 4249 850 4313; x_wconf 90' lang='lat' dir='ltr'><strong>statu,</strong></span> <span class='ocrx_word' id='word_1_358' title='bbox 867 4243 921 4302; x_wconf 89' lang='lat' dir='ltr'><strong>bac</strong></span> <span class='ocrx_word' id='word_1_359' title='bbox 940 4241 1126 4303; x_wconf 83' lang='lat' dir='ltr'><strong>incumbente</strong></span> <span class='ocrx_word' id='word_1_360' title='bbox 1142 4242 1313 4301; x_wconf 89' lang='lat' dir='ltr'><strong>necessitate</strong></span> <span class='ocrx_word' id='word_1_361' title='bbox 1329 4237 1436 4315; x_wconf 88' lang='lat' dir='ltr'><strong>aliquid</strong></span> <span class='ocrx_word' id='word_1_362' title='bbox 1451 4256 1511 4297; x_wconf 92' lang='lat' dir='ltr'><strong>non</strong></span> <span class='ocrx_word' id='word_1_363' title='bbox 1526 4243 1647 4315; x_wconf 92' lang='lat' dir='ltr'><strong>repente</strong></span> <span class='ocrx_word' id='word_1_364' title='bbox 1659 4250 1718 4298; x_wconf 79' lang='lat' dir='ltr'><strong>cac.</strong></span> 
     </span>
     <span class='ocr_line' id='line_1_36' title="bbox 333 4339 1651 4423; baseline -0.003 -21"><span class='ocrx_word' id='word_1_365' title='bbox 333 4343 514 4421; x_wconf 67' lang='lat' dir='ltr'><strong>mageddom</strong></span> <span class='ocrx_word' id='word_1_366' title='bbox 537 4352 594 4412; x_wconf 88' lang='lat' dir='ltr'><strong>est,</strong></span> <span class='ocrx_word' id='word_1_367' title='bbox 623 4352 672 4419; x_wconf 79' lang='lat' dir='ltr'><strong>aot</strong></span> <span class='ocrx_word' id='word_1_368' title='bbox 699 4342 756 4403; x_wconf 94' lang='lat' dir='ltr'><strong>ulla</strong></span> <span class='ocrx_word' id='word_1_369' title='bbox 784 4363 844 4404; x_wconf 93' lang='lat' dir='ltr'><strong>nou</strong></span> <span class='ocrx_word' id='word_1_370' title='bbox 866 4345 1029 4423; x_wconf 87' lang='lat' dir='ltr'><strong>perniciosa</strong></span> <span class='ocrx_word' id='word_1_371' title='bbox 1053 4351 1312 4420; x_wconf 93' lang='lat' dir='ltr'><strong>quantumcunque</strong></span> <span class='ocrx_word' id='word_1_372' title='bbox 1335 4341 1421 4400; x_wconf 87' lang='lat' dir='ltr'><strong>etiam</strong></span> <span class='ocrx_word' id='word_1_373' title='bbox 1449 4339 1546 4400; x_wconf 87' lang='lat' dir='ltr'><strong>brevis</strong></span> <span class='ocrx_word' id='word_1_374' title='bbox 1568 4357 1651 4399; x_wconf 90' lang='lat' dir='ltr'><strong>mora</strong></span> 
     </span>
     <span class='ocr_line' id='line_1_37' title="bbox 369 4444 1652 4521; baseline -0.005 -16"><span class='ocrx_word' id='word_1_375' title='bbox 369 4446 441 4505; x_wconf 77' lang='lat' dir='ltr'><strong>erit?</strong></span> <span class='ocrx_word' id='word_1_376' title='bbox 465 4444 558 4515; x_wconf 85' lang='lat' dir='ltr'><strong>Quam</strong></span> <span class='ocrx_word' id='word_1_377' title='bbox 581 4447 682 4507; x_wconf 92' lang='lat' dir='ltr'><strong>mooui</strong></span> <span class='ocrx_word' id='word_1_378' title='bbox 703 4449 816 4508; x_wconf 89' lang='lat' dir='ltr'><strong>recenti</strong></span> <span class='ocrx_word' id='word_1_379' title='bbox 839 4447 1075 4507; x_wconf 88' lang='lat' dir='ltr'><strong>consternatione</strong></span> <span class='ocrx_word' id='word_1_380' title='bbox 1098 4444 1239 4503; x_wconf 89' lang='lat' dir='ltr'><strong>utendum</strong></span> <span class='ocrx_word' id='word_1_381' title='bbox 1263 4461 1341 4510; x_wconf 87' lang='lat' dir='ltr'><strong>esse,</strong></span> <span class='ocrx_word' id='word_1_382' title='bbox 1371 4451 1401 4501; x_wconf 90' lang='grc' dir='ltr'><strong>ει</strong></span> <span class='ocrx_word' id='word_1_383' title='bbox 1430 4448 1551 4521; x_wconf 87' lang='lat' dir='ltr'><strong>quantas</strong></span> <span class='ocrx_word' id='word_1_384' title='bbox 1573 4457 1652 4500; x_wconf 91' lang='lat' dir='ltr'><strong>nnuc</strong></span> 
     </span>
     <span class='ocr_line' id='line_1_38' title="bbox 369 4542 1651 4625; baseline -0.005 -18"><span class='ocrx_word' id='word_1_385' title='bbox 369 4546 482 4625; x_wconf 90' lang='lat' dir='ltr'><strong>elapsas</strong></span> <span class='ocrx_word' id='word_1_386' title='bbox 504 4549 674 4608; x_wconf 89' lang='lat' dir='ltr'><strong>occasiones</strong></span> <span class='ocrx_word' id='word_1_387' title='bbox 697 4548 791 4609; x_wconf 87' lang='lat' dir='ltr'><strong>rideo!</strong></span> <span class='ocrx_word' id='word_1_388' title='bbox 821 4567 856 4608; x_wconf 92' lang='lat' dir='ltr'><strong>eo</strong></span> <span class='ocrx_word' id='word_1_389' title='bbox 885 4550 963 4608; x_wconf 90' lang='lat' dir='ltr'><strong>enim</strong></span> <span class='ocrx_word' id='word_1_390' title='bbox 993 4555 1110 4607; x_wconf 86' lang='lat' dir='ltr'><strong>ventum</strong></span> <span class='ocrx_word' id='word_1_391' title='bbox 1139 4552 1183 4605; x_wconf 88' lang='lat' dir='ltr'><strong>est</strong></span> <span class='ocrx_word' id='word_1_392' title='bbox 1197 4550 1242 4603; x_wconf 77' lang='grc' dir='ltr'><strong>ἰιι</strong></span> <span class='ocrx_word' id='word_1_393' title='bbox 1270 4562 1345 4621; x_wconf 89' lang='lat' dir='ltr'><strong>pene</strong></span> <span class='ocrx_word' id='word_1_394' title='bbox 1368 4542 1486 4604; x_wconf 80' lang='lat' dir='ltr'><strong>difficile</strong></span> <span class='ocrx_word' id='word_1_395' title='bbox 1507 4544 1544 4603; x_wconf 93' lang='lat' dir='ltr'><strong>sit</strong></span> <span class='ocrx_word' id='word_1_396' title='bbox 1565 4544 1651 4601; x_wconf 89' lang='lat' dir='ltr'><strong>istum</strong></span> 
     </span>
     <span class='ocr_line' id='line_1_39' title="bbox 368 4643 1651 4726; baseline -0.005 -18"><span class='ocrx_word' id='word_1_397' title='bbox 368 4648 500 4709; x_wconf 89' lang='lat' dir='ltr'><strong>retundi:</strong></span> <span class='ocrx_word' id='word_1_398' title='bbox 523 4649 696 4710; x_wconf 76' lang='lat' dir='ltr'><strong>rotundetur</strong></span> <span class='ocrx_word' id='word_1_399' title='bbox 719 4658 817 4710; x_wconf 87' lang='lat' dir='ltr'><strong>tamen</strong></span> <span class='ocrx_word' id='word_1_400' title='bbox 838 4670 873 4711; x_wconf 92' lang='lat' dir='ltr'><strong>ac</strong></span> <span class='ocrx_word' id='word_1_401' title='bbox 895 4650 1091 4726; x_wconf 81' lang='lat' dir='ltr'><strong>refringetur,</strong></span> <span class='ocrx_word' id='word_1_402' title='bbox 1115 4648 1138 4707; x_wconf 92' lang='lat' dir='ltr'><strong>si</strong></span> <span class='ocrx_word' id='word_1_403' title='bbox 1161 4665 1211 4707; x_wconf 89' lang='lat' dir='ltr'><strong>ros</strong></span> <span class='ocrx_word' id='word_1_404' title='bbox 1234 4645 1369 4707; x_wconf 89' lang='lat' dir='ltr'><strong>celeriter</strong></span> <span class='ocrx_word' id='word_1_405' title='bbox 1391 4645 1422 4704; x_wconf 87' lang='lat' dir='ltr'><strong>in</strong></span> <span class='ocrx_word' id='word_1_406' title='bbox 1437 4643 1564 4704; x_wconf 89' lang='lat' dir='ltr'><strong>medium</strong></span> <span class='ocrx_word' id='word_1_407' title='bbox 1581 4661 1651 4702; x_wconf 94' lang='lat' dir='ltr'><strong>con·</strong></span> 
     </span>
    </p>
   </div>
   <div class='ocr_carea' id='block_1_3' title="bbox 367 4785 568 4794">
    <p class='ocr_par' dir='ltr' id='par_1_3' title="bbox 367 4785 568 4794">
     <span class='ocr_line' id='line_1_40' title="bbox 367 4785 568 4794; baseline 0.005 -1"><span class='ocrx_word' id='word_1_408' title='bbox 367 4785 568 4794; x_wconf 73' lang='lat'><strong>—————-</strong></span> 
     </span>
    </p>
   </div>
   <div class='ocr_carea' id='block_1_4' title="bbox 370 4863 1748 5031">
    <p class='ocr_par' dir='ltr' id='par_1_4' title="bbox 370 4863 1748 5031">
     <span class='ocr_line' id='line_1_41' title="bbox 436 4863 1748 4937; baseline -0.008 -17"><span class='ocrx_word' id='word_1_409' title='bbox 436 4866 541 4920; x_wconf 75' lang='grc' dir='ltr'><strong>ιιιὶιῙ.</strong></span> <span class='ocrx_word' id='word_1_410' title='bbox 566 4875 704 4922; x_wconf 74' lang='lat' dir='ltr'><strong>tament.</strong></span> <span class='ocrx_word' id='word_1_411' title='bbox 729 4868 979 4937; x_wconf 76' lang='lat' dir='ltr'><strong>(qnasitnboderet</strong></span> <span class='ocrx_word' id='word_1_412' title='bbox 999 4869 1033 4931; x_wconf 79' lang='lat'><strong>1.)</strong></span> <span class='ocrx_word' id='word_1_413' title='bbox 1108 4866 1164 4918; x_wconf 74' lang='lat' dir='ltr'><strong>⁴tri</strong></span> <span class='ocrx_word' id='word_1_414' title='bbox 1182 4871 1205 4916; x_wconf 83' lang='lat'><strong>1.</strong></span> <span class='ocrx_word' id='word_1_415' title='bbox 1291 4865 1384 4915; x_wconf 83' lang='lat' dir='ltr'><strong>¹²uon</strong></span> <span class='ocrx_word' id='word_1_416' title='bbox 1403 4868 1425 4913; x_wconf 87' lang='lat'><strong>1.</strong></span> <span class='ocrx_word' id='word_1_417' title='bbox 1445 4863 1603 4912; x_wconf 72' lang='lat' dir='ltr'><strong>bendecar.</strong></span> <span class='ocrx_word' id='word_1_418' title='bbox 1622 4867 1651 4912; x_wconf 79' lang='lat'><strong>11.</strong></span> <span class='ocrx_word' id='word_1_419' title='bbox 1743 4887 1748 4894; x_wconf 94' lang='lat'><em>·</em></span> 
     </span>
     <span class='ocr_line' id='line_1_42' title="bbox 370 4948 1730 5031; baseline -0.007 -28"><span class='ocrx_word' id='word_1_420' title='bbox 370 4953 390 4986; x_wconf 74' lang='lat'><strong>¹⁵</strong></span> <span class='ocrx_word' id='word_1_421' title='bbox 409 4958 488 5005; x_wconf 75' lang='lat' dir='ltr'><strong>tentia</strong></span> <span class='ocrx_word' id='word_1_422' title='bbox 510 4958 530 5005; x_wconf 87' lang='lat'><strong>1.</strong></span> <span class='ocrx_word' id='word_1_423' title='bbox 549 4955 661 5005; x_wconf 82' lang='lat' dir='ltr'><strong>taudem</strong></span> <span class='ocrx_word' id='word_1_424' title='bbox 677 4962 788 5031; x_wconf 63' lang='lat' dir='ltr'><strong>cornil.</strong></span> <span class='ocrx_word' id='word_1_425' title='bbox 864 4953 884 4986; x_wconf 80' lang='lat'><strong>¹⁰</strong></span> <span class='ocrx_word' id='word_1_426' title='bbox 902 4954 966 5003; x_wconf 87' lang='lat' dir='ltr'><strong>hinc</strong></span> <span class='ocrx_word' id='word_1_427' title='bbox 985 4957 1008 5002; x_wconf 86' lang='lat'><strong>1.</strong></span> <span class='ocrx_word' id='word_1_428' title='bbox 1039 4952 1153 5002; x_wconf 84' lang='lat' dir='ltr'><strong>ulterius</strong></span> <span class='ocrx_word' id='word_1_429' title='bbox 1171 4953 1234 5001; x_wconf 87' lang='lat' dir='ltr'><strong>hine</strong></span> <span class='ocrx_word' id='word_1_430' title='bbox 1253 4953 1397 5000; x_wconf 63' lang='lat' dir='ltr'><strong>comme</strong></span> <span class='ocrx_word' id='word_1_431' title='bbox 1414 4955 1444 4998; x_wconf 76' lang='lat' dir='ltr'><strong>fl.</strong></span> <span class='ocrx_word' id='word_1_432' title='bbox 1463 4949 1545 5010; x_wconf 78' lang='lat' dir='ltr'><strong>refert</strong></span> <span class='ocrx_word' id='word_1_433' title='bbox 1564 4951 1589 4997; x_wconf 84' lang='lat'><strong>2.</strong></span> <span class='ocrx_word' id='word_1_434' title='bbox 1606 4948 1654 4996; x_wconf 83' lang='lat' dir='ltr'><strong>ced</strong></span> <span class='ocrx_word' id='word_1_435' title='bbox 1727 4975 1730 4982; x_wconf 89' lang='lat'>·</span> 
     </span>
    </p>
   </div>
   <div class='ocr_carea' id='block_1_5' title="bbox 368 5037 1047 5104">
    <p class='ocr_par' dir='ltr' id='par_1_5' title="bbox 368 5037 1047 5104">
     <span class='ocr_line' id='line_1_43' title="bbox 368 5037 1047 5104; baseline -0.003 -17"><span class='ocrx_word' id='word_1_436' title='bbox 368 5045 423 5088; x_wconf 76' lang='lat' dir='ltr'><strong>stne</strong></span> <span class='ocrx_word' id='word_1_437' title='bbox 441 5040 516 5089; x_wconf 81' lang='lat' dir='ltr'><strong>dubio</strong></span> <span class='ocrx_word' id='word_1_438' title='bbox 533 5057 582 5104; x_wconf 83' lang='lat' dir='ltr'><strong>pro</strong></span> <span class='ocrx_word' id='word_1_439' title='bbox 600 5039 663 5088; x_wconf 85' lang='lat' dir='ltr'><strong>hinc</strong></span> <span class='ocrx_word' id='word_1_440' title='bbox 681 5043 711 5086; x_wconf 79' lang='grc' dir='ltr'><strong>Η.</strong></span> <span class='ocrx_word' id='word_1_441' title='bbox 730 5041 906 5103; x_wconf 72' lang='lat' dir='ltr'><strong>(adscripscrat</strong></span> <span class='ocrx_word' id='word_1_442' title='bbox 924 5037 1047 5086; x_wconf 78' lang='lat' dir='ltr'><strong>ulterius.</strong></span> 
     </span>
    </p>
   </div>
   <div class='ocr_carea' id='block_1_6' title="bbox 429 5122 1430 5253">
    <p class='ocr_par' dir='ltr' id='par_1_6' title="bbox 429 5122 1430 5253">
     <span class='ocr_line' id='line_1_44' title="bbox 429 5122 1430 5179; baseline -0.003 -6"><span class='ocrx_word' id='word_1_443' title='bbox 429 5123 561 5174; x_wconf 73' lang='lat' dir='ltr'><strong>livorna</strong></span> <span class='ocrx_word' id='word_1_444' title='bbox 575 5122 642 5173; x_wconf 77' lang='lat' dir='ltr'><strong>Orr.</strong></span> <span class='ocrx_word' id='word_1_445' title='bbox 656 5138 719 5174; x_wconf 82' lang='lat' dir='ltr'><strong>vor..</strong></span> <span class='ocrx_word' id='word_1_446' title='bbox 734 5123 765 5172; x_wconf 87' lang='lat' dir='ltr'><strong>V.</strong></span> <span class='ocrx_word' id='word_1_447' title='bbox 1411 5122 1430 5179; x_wconf 80' lang='grc'>4</span> 
     </span>
     <span class='ocr_line' id='line_1_45' title="bbox 1237 5211 1258 5253; baseline 0 -2"><span class='ocrx_word' id='word_1_448' title='bbox 1237 5211 1258 5253; x_wconf 75' lang='lat'>0</span> 
     </span>
    </p>
   </div>
   <div class='ocr_carea' id='block_1_7' title="bbox 0 0 2154 6059">
    <p class='ocr_par' dir='ltr' id='par_1_7' title="bbox 0 0 2154 6059">
     <span class='ocr_line' id='line_1_46' title="bbox 0 0 2154 6059; baseline 0 0"><span class='ocrx_word' id='word_1_449' title='bbox 0 0 2154 6059; x_wconf 95' lang='lat' dir='ltr'><strong> </strong></span> 
     </span>
    </p>
   </div>
  </div>
 </body>
</html>
