4300 6059
667 737 721 778 Qvo
736 737 810 772 10110
823 738 980 773 annianum
994 739 1058 774 SINT
1071 740 1101 774 ltt
1114 740 1273 775 CVRATIONE
1287 740 1340 775 11Αο
1354 741 1461 775 1111101.
1630 710 1714 782 435

418 891 461 950 cis
482 891 589 951 iterum
612 891 720 950 uostris
741 890 842 951 herbis
864 892 939 952 iutra
962 892 1109 954 decimum
1132 902 1182 955 aut
1203 895 1411 957 duodecimum
1434 896 1511 957 diem
1527 897 1600 956 citra
1616 896 1708 957 lebris

419 998 530 1052 metum
558 991 715 1060 coaluisse,
744 999 815 1053 ‘non
857 995 921 1053 deri
943 996 1106 1056 secundum
1135 1014 1263 1057 canones
1290 997 1353 1058 ista'
1383 998 1557 1060 dictitantes.
1601 998 1638 1059 Et
1666 999 1775 1060 detra.

418 1093 546 1155 Guamco
569 1112 647 1155 iruna
670 1097 748 1157 idem
769 1097 912 1164 sentiunt,
942 1098 1024 1156 cuius
1053 1099 1109 1157 vim
1137 1116 1224 1175 quam
1254 1106 1340 1160 acute
1368 1098 1547 1176 intelligant,
1577 1108 1606 1160 et
1635 1118 1709 1179 quos

418 1196 455 1256 de
471 1215 506 1256 oo
521 1214 675 1275 sermones
697 1197 807 1259 habere
829 1196 958 1266 soleant,
983 1218 1018 1258 er
1041 1199 1132 1260 nobili
1155 1201 1306 1261 cuiusdam
1328 1220 1388 1262 non
1414 1204 1526 1263 iuvenis
1548 1204 1605 1263 iam
1628 1203 1706 1271 dum,

396 1304 451 1357 sut
472 1300 600 1377 experiri
621 1300 753 1378 incipiat,
786 1300 837 1360 sed
865 1318 947 1379 paene
975 1300 1133 1379 decrepiti,
1165 1310 1196 1363 ut
1217 1305 1410 1372 tricenuam,
1441 1304 1560 1366 blesuen
1590 1312 1619 1365 et
1640 1304 1708 1364 reli·

419 1417 493 1478 quos
515 1401 668 1472 medicinae
690 1409 808 1463 autores
830 1411 862 1461 ut
884 1419 997 1479 ungues
1018 1422 1089 1464 suos
1110 1402 1217 1464 callere
1240 1405 1335 1482 ipsum
1358 1405 1512 1485 probabile
1535 1407 1635 1474 luerit,
1659 1425 1708 1467 re·

420 1520 530 1581 sponso
553 1520 734 1580 cognoscere
756 1504 851 1565 datur.
889 1504 914 1563 is
936 1506 1013 1564 euim
1037 1524 1103 1565 cum
1126 1508 1252 1567 maxime
1276 1508 1338 1567 liaeo
1359 1515 1547 1576 annotarem,
1571 1516 1601 1568 et
1615 1508 1708 1568 Frau-

419 1603 562 1675 colurdio,
586 1605 637 1667 ubi
660 1605 788 1684 ‘Recipe’
811 1605 914 1667 scribit
935 1605 997 1676 ille,
1021 1609 1077 1667 iter
1100 1608 1237 1678 lacerem,
1261 1612 1458 1688 iuterrogatus
1473 1609 1510 1670 ab
1526 1613 1621 1670 amico
1636 1628 1708 1688 quo·

419 1706 486 1766 dam
501 1726 575 1768 mec
598 1707 634 1767 de
657 1710 784 1770 Guaiaco
807 1710 877 1787 quid
900 1712 1019 1778 sentiat,
1045 1720 1114 1770 ‘nou
1137 1712 1202 1772 vidi’
1225 1713 1333 1790 iuquit,
1358 1712 1418 1771 ‘sed
1435 1710 1638 1791 qualecunque
1654 1720 1706 1779 est,

385 1816 536 1885 rooportet
557 1811 620 1870 eius
643 1811 831 1871 considerare
853 1811 982 1889 pondus,
1012 1811 1157 1882 colorem,
1187 1814 1307 1880 odorem
1331 1816 1359 1874 iu
1383 1813 1520 1894 qualitate
1543 1821 1572 1874 et
1594 1815 1707 1892 quanti·

417 1911 494 1971 tate'.
539 1910 583 1971 lbi
603 1919 702 1974 tamen
726 1931 781 1990 ego
803 1919 852 1982 „at
867 1912 983 1989 pondus
999 1915 1024 1974 ei
1041 1922 1085 1974 est
1100 1934 1252 1993 pergrave,
1276 1924 1304 1976 et
1318 1917 1348 1976 in
1364 1935 1439 1994 aqua
1454 1917 1598 1993 mergitur
1613 1933 1705 1993 quan·
1715 1925 1734 1974 t.
1744 1926 1774 1971 ra

418 2018 600 2091 tumcuuque
622 2016 756 2075 minutim
778 2017 919 2083 iucisuur;
949 2015 1031 2075 color
1061 2019 1110 2094 qui
1139 2017 1218 2077 buxo
1240 2018 1318 2085 lere,
1349 2016 1464 2097 oletque
1486 2017 1612 2079 obscure
1635 2019 1707 2079 resi·

417 2131 542 2174 uaceum
566 2117 719 2194 quiddam:
742 2119 800 2177 iam
823 2128 854 2177 tu
877 2118 934 2177 scis
956 2119 1046 2195 igitur
1069 2121 1188 2181 Guaiaci
1210 2129 1314 2179 natura
1336 2137 1402 2197 quar
1425 2126 1453 2180 et
1474 2138 1540 2198 quae
1555 2119 1633 2180 visl'’
1656 2119 1707 2180 llle

418 2216 515 2277 verbis
537 2237 584 2278 me
606 2218 770 2281 obtundere
793 2220 913 2281 adortus
936 2222 1034 2281 nescio
1057 2221 1126 2299 quid
1149 2240 1185 2281 cx
1207 2221 1441 2298 predicamentis
1455 2220 1618 2283 Aristotelis
1639 2239 1706 2298 gar·

386 2318 524 2380 reuehat.
567 2319 643 2380 Turn
667 2338 723 2397 ego
745 2322 830 2389 „lieri
853 2329 965 2400 potest,
988 2339 1092 2391 senex,
1116 2331 1149 2382 ut
1171 2341 1237 2383 cum
1257 2337 1353 2383 novus
1375 2325 1413 2383 sit
1434 2322 1557 2383 morbus
1571 2335 1775 2402 novaquetur.

418 2420 482 2481 haec
504 2422 664 2491 medicina,
694 2424 875 2500 incognitum
905 2430 998 2482 totum
1021 2422 1117 2484 adbuc
1145 2423 1230 2484 nobis
1252 2425 1402 2502 negotium
1424 2425 1487 2484 sit”.
1532 2424 1639 2487 ‘Erras'
1661 2427 1707 2486 iu·
1811 2439 1817 2450 ·

419 2526 489 2601 quit,
513 2534 581 2584 ‘uon
604 2542 697 2585 novus
720 2531 765 2586 est
786 2524 917 2592 morbus,
941 2543 1019 2616 cunr·
1032 2526 1068 2586 de
1092 2523 1139 2584 illu
1162 2525 1271 2586 scribat
1293 2525 1421 2586 Plinius'.
1466 2525 1577 2605 Cupide
1592 2527 1622 2587 id
1637 2527 1708 2587 mibi

418 2626 584 2695 accidebat,
614 2627 716 2687 audire
744 2625 852 2687 volenti
873 2626 952 2705 apud
974 2625 1098 2687 Plinium
1121 2627 1191 2704 quid
1214 2625 1390 2703 intelligeret
1411 2629 1473 2705 ipse
1496 2629 1574 2708 quod
1597 2648 1644 2689 rue
1667 2628 1707 2688 la·

418 2733 508 2796 teret,
532 2728 713 2807 quaesitoque
735 2715 846 2789 Plinius
867 2746 926 2807 quc
949 2729 1067 2789 nomine
1089 2729 1226 2791 morbum
1243 2729 1322 2790 bunc
1338 2729 1478 2808 appellet,
1504 2729 1705 2806 ‘nreutagram’

382 2831 527 2908 uinquit,
553 2831 629 2907 ‘quia
652 2838 737 2890 vexat
758 2828 906 2892 mentem'.
951 2829 1047 2899 „Tum
1070 2830 1117 2891 alii
1140 2829 1253 2891 morbi”
1276 2830 1409 2892 dicebam
1432 2850 1513 2901 „non
1535 2840 1640 2892 vexant
1655 2841 1776 2894 auttts.

418 2931 595 3013 perturbant
616 2941 744 2994 mentem
767 2933 872 3011 igitur?
901 2940 952 2993 aut
979 2951 1039 2993 nou
1061 2934 1155 3010 magis
1178 2932 1288 2993 laciuut
1316 2932 1372 2994 boc
1400 2933 1570 3012 phrenesis
1599 2935 1705 3002 mania,

418 3034 586 3105 comitialis,
617 3043 646 3096 et
673 3034 793 3113 reliqua
815 3037 921 3096 mentis
943 3043 1089 3113 capturae,
1117 3054 1204 3114 quam
1228 3035 1350 3096 morbus
1371 3033 1535 3096 Gallicus‘l”
1579 3033 1631 3094 lllo
1654 3054 1706 3095 ne·

418 3139 478 3199 scio
502 3138 572 3218 quid
594 3140 821 3217 interpretante,
851 3136 967 3197 subdidi
989 3136 1110 3207 „bisce
1141 3156 1158 3196 ο
1181 3155 1285 3206 senex,
1317 3138 1431 3197 cautius
1453 3136 1648 3215 respendere,
1676 3138 1706 3196 in

416 3349 447 3395 aa
464 3344 505 3407 tarr
523 3352 549 3407 rr
566 3342 666 3408 reterre
684 3345 722 3395 uir
741 3345 795 3406 aaut
815 3343 851 3395 iri
870 3341 982 3405 bimari,
1005 3346 1044 3393 ute
1063 3344 1095 3406 [ir
1112 3345 1167 3405 aad)
1186 3343 1242 3404 iuri
1262 3339 1293 3394 oi
1308 3340 1381 3404 bitem
1401 3344 1463 3404 potr)
1482 3344 1549 3401 teri,
1571 3347 1612 3392 rra
1631 3337 1775 3402 traditu.

383 3428 452 3491 ufir
471 3428 510 3480 rit
529 3428 556 3480 tn
575 3428 651 3490 iungi
670 3432 725 3491 tagi
744 3430 845 3480 rttrrutt
864 3428 937 3490 toti,
961 3427 1030 3490 laub*
1049 3427 1077 3479 iu
1094 3432 1122 3480 bt
1140 3422 1228 3490 ttulit
1246 3429 1322 3488 atter,
1346 3431 1384 3478 ate
1404 3427 1435 3488 id)
1453 3422 1484 3476 ui
1503 3424 1556 3475 riu?
1575 3424 1650 3487 ianus
1669 3439 1708 3475 rr·

417 3511 471 3576 tuti
489 3512 547 3575 bin,
571 3510 603 3564 ui
621 3513 666 3564 ritu
685 3523 747 3576 arur
763 3502 793 3576 rt
811 3510 959 3575 etrarrdtfurt
978 3524 1019 3564 our
1037 3513 1066 3564 ot
1084 3515 1123 3565 ate
1142 3511 1173 3575 ir>
1189 3509 1232 3574 rip
1250 3511 1326 3575 [drab
1345 3509 1375 3564 ui
1397 3510 1443 3562 rtur
1467 3506 1499 3570 up
1521 3509 1601 3560 metui
1624 3507 1707 3571 triani

417 3597 607 3661 petrariarum,
632 3611 664 3661 aa
688 3611 712 3648 rr
735 3595 766 3649 ui
781 3596 854 3660 bitror
874 3599 937 3660 truta
958 3597 1016 3660 trittt
1035 3605 1147 3649 auruum
1166 3610 1191 3647 rr
1209 3596 1254 3647 mir
1272 3599 1319 3647 mut
1342 3596 1387 3656 ras
1409 3595 1465 3656 nrt)
1488 3592 1527 3644 uir
1550 3591 1628 3658 grtrtpt
1652 3592 1706 3654 tob,

418 3695 443 3732 n
461 3682 492 3745 [ti
511 3682 556 3734 mir
574 3697 598 3732 re
617 3676 664 3733 mit
683 3681 707 3743 [o
725 3672 783 3744 uiri
802 3679 843 3732 ruo‘
858 3683 913 3744 bed)
931 3681 981 3746 [rin
1000 3682 1110 3745 genitu,
1132 3681 1201 3745 turb,
1225 3681 1351 3746 primumi
1374 3680 1401 3732 iu
1427 3680 1484 3731 atter
1502 3678 1647 3741 gettgmtreit
1665 3677 1704 3728 br-

419 3768 522 3828 studii,
544 3773 574 3818 aa
592 3766 665 3829 tarot)
685 3766 715 3828 id)
734 3779 758 3816 rr
777 3765 807 3829 itt
826 3765 907 3827 [muer
926 3761 1038 3827 nutriter
1061 3766 1089 3817 iu
1112 3767 1156 3818 atti
1181 3762 1260 3830 molet
1283 3776 1357 3817 uuirt
1380 3765 1425 3817 uit
1448 3763 1515 3815 ttriu
1539 3776 1562 3813 rs
1584 3762 1631 3826 itt,
1656 3762 1775 3828 petrau.

383 3850 471 3913 soteri
489 3851 521 3912 ut
540 3850 672 3913 [biremis
689 3848 786 3914 bubbari
803 3850 827 3914 [u
846 3850 876 3914 itt
895 3850 985 3913 teibtidr
1003 3849 1052 3913 [rin
1070 3850 1206 3914 grimmam,
1222 3856 1253 3901 ba
1269 3850 1337 3913 timp
1351 3865 1374 3901 rr
1392 3863 1424 3901 arr
1443 3845 1638 3912 asserturus
1656 3846 1707 3897 tir-

417 3935 479 3998 ou,
496 3924 570 3997 sarrit
589 3934 637 3986 ultr
655 3936 752 3987 struem
771 3936 802 3999 ttr
821 3933 882 3997 urit
901 3933 1003 3997 [etheris
1022 3947 1055 3997 ur
1072 3926 1102 3998 31⁰1
1121 3935 1189 4001 tagi,
1214 3933 1255 3997 att
1278 3935 1310 3997 m
1331 3924 1361 3996 rii
1380 3931 1434 3998 tettt
1454 3924 1517 3995 mirlt
1543 3931 1613 3996 [earn
1632 3930 1704 3982 ttrtrt
1716 3933 1774 3982 tlt·

417 4023 480 4072 atter
498 4033 523 4071 rr
541 4032 596 4083 rung
616 4018 666 4074 trin
682 4028 708 4082 rr
728 4021 767 4073 ein
785 4034 864 4072 umet
882 4020 944 4082 ttetr
963 4020 1003 4072 rin
1027 4033 1111 4072 urum
1134 4029 1232 4084 aruum
1257 4017 1384 4082 curarem,
1406 4012 1443 4069 ori
1464 4013 1515 4078 oui
1536 4021 1562 4078 rr
1584 4017 1639 4078 ure)
1662 4027 1706 4078 gur
1831 4006 1837 4017 ’

445 4184 448 4190 “
485 4189 594 4255 ⁵poene
613 4192 639 4239 3.
692 4190 846 4252 tricenna,
866 4190 994 4256 princeps
1013 4188 1159 4239 medicinae
1183 4183 1558 4246 doctorArabs†a.1037.
1611 4182 1707 4233 Mesae

418 4274 534 4339 (iunior)
554 4273 663 4324 Cabirae
682 4275 739 4335 †a.
755 4273 828 4325 1015.
891 4273 921 4307 ⁷·⁸
938 4273 1121 4324 Franeofurto
1139 4277 1164 4325 8.
1218 4271 1238 4304 ¹⁹
1256 4273 1432 4336 Mentagram
1451 4270 1578 4332 (Flectite,
1599 4267 1707 4319 Gallice

417 4362 517 4422 dartre,
536 4359 653 4424 Anglice
672 4360 759 4423 letter)
779 4375 796 4408 a
814 4363 920 4419 menta,
939 4374 994 4408 non
1012 4375 1029 4408 a
1047 4363 1147 4420 mente,
1166 4362 1197 4406 ut
1214 4356 1307 4420 paullo
1325 4359 1387 4421 post
1404 4355 1506 4405 dictum
1525 4358 1576 4415 est,
1595 4353 1651 4402 dici
1670 4352 1707 4402 le-

418 4446 483 4511 pida
494 4445 596 4495 medici
608 4444 691 4494 istius
708 4445 867 4510 ignorantia
885 4444 945 4494 fuit.
983 4443 1036 4504 Qui
1054 4443 1176 4492 morbum
1189 4440 1327 4491 Gallicum
1344 4439 1480 4489 lichenem
1494 4452 1555 4487 esse
1567 4429 1707 4501 putarent,

417 4530 521 4579 refutat
540 4528 632 4578 multis
651 4529 750 4578 Petrus
768 4529 893 4578 Andreas
910 4527 1079 4578 blattheolaa
1099 4526 1238 4576 Senensis.
1273 4524 1359 4573 Plinii
1377 4524 1423 4586 (H.
1437 4524 1468 4573 N.
1482 4521 1581 4571 XXVI.
1603 4519 1624 4570 l.
1638 4526 1706 4570 sect.

417 4613 458 4678 2.)
477 4613 555 4665 locus
572 4613 618 4663 bic
632 4619 687 4663 est:
709 4613 927 4675 „Gravissimum
948 4629 980 4662 ex
993 4612 1036 4662 his
1051 4610 1146 4677 [faciei
1158 4610 1268 4669 morbis]
1282 4608 1407 4658 lichenas
1421 4605 1597 4673 appellavere
1611 4603 1708 4654 Graeco

418 4700 527 4749 nomine
546 4699 664 4760 Latine,
689 4697 816 4762 quoniam
836 4713 853 4746 a
871 4702 963 4746 mento
988 4697 1047 4746 sere
1066 4695 1221 4755 oriebatur,
1247 4693 1365 4743 ioculari
1388 4694 1503 4759 primum
1520 4689 1653 4751 lascivia,
1678 4695 1708 4738 ut

419 4789 461 4834 est
478 4799 581 4849 procax
598 4787 698 4833 natura
717 4781 860 4832 multorum
879 4783 906 4831 in
925 4781 1025 4831 alienis
1043 4780 1178 4840 miseriis,
1198 4794 1258 4827 mox
1276 4783 1304 4828 et
1321 4780 1452 4842 usurpato
1470 4772 1605 4826 vocabulo
1625 4773 1708 4823 ‘men-

418 4871 543 4935 tagram',
563 4872 745 4934 occupantem
763 4867 791 4916 in
810 4866 902 4915 multis
920 4871 993 4915 totos
1010 4864 1111 4928 ubique
1130 4863 1234 4925 vultus,
1254 4861 1342 4912 oculis
1360 4864 1465 4910 tantum
1478 4858 1642 4919 inmunibus,
1662 4859 1707 4909 de-

418 4953 595 5004 scendentem
614 4968 679 5002 vero
699 4956 727 5001 ot
746 4953 773 5001 iu
792 4950 864 5000 colla
882 4953 1033 5016 pectusque
1052 4963 1086 4996 ac
1105 4963 1201 4997 manus
1219 4948 1292 4997 loedo
1311 4947 1381 4996 cutis
1400 4944 1531 4995 furfure”.
1583 4940 1606 4973 ¹³
1624 4943 1716 4994 inter*

417 5044 553 5105 prestante
574 5041 597 5087 2.
617 5038 803 5101 interprmtirte
823 5040 846 5084 6.
898 5032 920 5064 Υ*
938 5032 1123 5083 'l'curulentor
1176 5031 1198 5062 ²⁰
1215 5029 1349 5096 ,inadtlurt
1369 5045 1394 5079 a.
1448 5026 1470 5060 ³⁰
1488 5027 1673 5092 thubpbaurrr.

1380 5113 1444 5177 28*
