4300 6059
566 687 688 744 RVTTENl
707 706 736 742 ltt
756 707 849 743 Dvclibl
868 708 1147 744 WIBTENPERGENSEH
1166 708 1267 744 ORATIO
1288 707 1319 742 11.
1339 706 1452 743 rnssvttr.
1465 707 1491 744 A.
1506 702 1565 745 1517.
1663 677 1707 751 3¹

424 860 576 924 bominem
595 863 676 923 omni
692 860 779 924 belua
796 864 1017 934 immaniorem,
1033 865 1114 929 omni
1128 864 1191 924 iera
1206 861 1462 948 truculentiorem,
1481 866 1531 943 qui
1547 882 1650 926 ornnes
1667 846 1713 945 ty?

423 983 536 1027 rennos
557 967 664 1026 sevitia
681 968 845 1056 superarit,
866 965 1062 1045 proditionem
1085 984 1120 1026 ac
1135 965 1289 1046 perfidiam
1307 965 1376 1026 lruic
1395 967 1505 1025 nationi
1522 969 1640 1036 invexit,
1661 970 1711 1047 qui

423 1069 454 1127 in
475 1069 588 1129 amicos
611 1074 640 1129 et
661 1066 828 1147 proximos,
851 1067 882 1126 in
905 1075 987 1128 snam
1009 1069 1165 1146 coniugem
1187 1069 1267 1128 omni
1290 1068 1379 1128 animi
1398 1087 1432 1128 ac
1451 1069 1586 1147 corporis
1602 1069 1709 1130 decore

423 1170 542 1247 egregie
563 1169 706 1240 dotatam,
734 1172 818 1231 cuins
846 1169 1020 1230 claritudine
1046 1188 1129 1230 suam
1152 1170 1273 1230 domum
1300 1169 1511 1239 illustraverat,
1540 1189 1576 1230 ex
1599 1190 1709 1250 quase
1749 1218 1751 1221 -

398 1269 525 1331 aliberis
545 1281 680 1344 auxerat,
710 1291 744 1333 ea
770 1273 902 1333 exercuit
931 1266 1053 1352 quaein
1084 1271 1200 1333 bostem
1220 1288 1309 1333 nerno
1331 1278 1499 1333 conaretur.
1541 1288 1629 1349 quem
1653 1279 1778 1348 egotu.

420 1356 610 1452 primnm⁴ex
631 1375 689 1435 boc
711 1375 814 1436 ordine
836 1376 1017 1436 Germanum
1035 1382 1124 1452 puto,
1147 1375 1197 1452 qui
1221 1392 1252 1434 se
1279 1375 1407 1434 externis
1427 1372 1545 1451 probris
1566 1380 1596 1434 et
1610 1374 1710 1451 ignota

420 1476 506 1554 prius
523 1475 593 1537 huic
622 1478 733 1538 nationi
761 1476 944 1556 turpitudine
972 1475 1209 1536 commacularit:
1237 1476 1288 1536 sed
1318 1476 1403 1536 nimis
1427 1493 1520 1553 prope
1547 1476 1709 1545 accessi,a

420 1595 480 1655 qua
504 1597 552 1638 me
575 1580 855 1640 commemoratione
877 1578 974 1656 pudor
996 1586 1130 1639 revocat:
1159 1576 1208 1638 ille
1236 1578 1402 1663 veroquid
1430 1575 1518 1638 laciet
1540 1579 1632 1638 iratus
1660 1586 1711 1638 aut

421 1697 456 1738 ex
482 1699 569 1741 causa
592 1687 773 1752 commotus,
795 1698 861 1741 curn
883 1679 946 1740 baec
968 1681 1103 1758 quietus?
1125 1687 1176 1740 aut
1201 1697 1265 1760 qum
1288 1680 1442 1741 adversum
1464 1687 1606 1741 nocentes
1629 1698 1709 1741 com·

387 1782 518 1841 remittet
539 1784 588 1861 qni
611 1784 786 1844 innocentes
808 1784 850 1843 sic
872 1782 1022 1843 tractarit?
1045 1783 1092 1841 cui
1112 1788 1208 1843 autem
1228 1780 1334 1842 sceleri
1349 1800 1376 1863 ,n
1425 1782 1572 1859 accinget
1591 1800 1656 1843 sese
1673 1784 1710 1842 ex

420 1886 510 1944 tantis
532 1883 682 1946 maleficiis
704 1885 907 1964 impunitatem
927 1891 1141 1970 consequutus,
1164 1883 1209 1944 rel
1233 1899 1330 1961 unqua
1360 1874 1368 1899 ⁷¹
1455 1882 1518 1944 'scet
1539 1882 1595 1943 bac
1616 1883 1709 1963 semel

419 1987 574 2046 atrocitate
594 1985 740 2057 imbutus,
764 1994 813 2047 aut
834 1995 937 2065 suapte
959 1995 1061 2047 natura
1084 1985 1121 2046 ad
1136 1987 1289 2046 sanitatem
1305 1964 1353 2047 inl
1436 1986 1521 2047 etur‘t
1544 1987 1592 2046 cui
1611 1972 1709 2046 autern

420 2105 490 2166 spes
515 2095 560 2149 est
584 2088 694 2166 aliquid
723 2087 847 2168 postbac
869 2087 973 2150 melius
992 2096 1043 2150 aut
1065 2086 1212 2148 iacturum
1239 2094 1289 2147 aut
1313 2088 1509 2164 cogitaturum
1532 2088 1583 2167 qui
1606 2089 1636 2147 in
1659 2106 1708 2148 cx·

419 2196 517 2248 tremo
539 2188 640 2251 salutis
660 2209 719 2251 sure
742 2191 913 2252 discrimine
935 2198 993 2251 tarn
1016 2197 1153 2270 repertus
1175 2190 1336 2258 est-ferox,
1359 2197 1417 2249 tarn
1440 2191 1576 2251 immanis
1591 2209 1626 2250 ac
1640 2208 1708 2269 per·

386 2290 520 2365 reditus?
542 2300 571 2352 et
593 2294 644 2370 qui
665 2292 753 2354 buius
776 2299 857 2353 metu
877 2291 978 2352 iudicii
1001 2293 1147 2354 contineri
1169 2311 1228 2353 non
1251 2294 1360 2371 potnit,
1382 2310 1449 2353 eurn
1472 2281 1596 2353 vacuum
1613 2299 1642 2352 et
1659 2312 1708 2353 ex·

419 2411 508 2454 cnsso
532 2393 630 2472 legum
652 2412 686 2454 ac
705 2395 884 2456 iudiciorum
904 2396 974 2470 ingo
995 2395 1032 2456 ad
1055 2396 1251 2455 mansuetiora
1275 2394 1479 2457 traducturum
1500 2413 1566 2456 sese
1586 2394 1708 2457 conlidi·
1793 2390 1796 2394 ’

419 2490 478 2557 tis?
501 2497 589 2556 Venia
610 2505 708 2558 autem
728 2497 835 2575 dignus
856 2497 973 2558 censeri
994 2512 1052 2555 non
1076 2495 1166 2557 debet
1188 2499 1357 2576 quinoque
1379 2516 1415 2557 ex
1437 2515 1520 2557 more
1540 2498 1626 2575 petit,
1653 2509 1775 2559 netto.

419 2615 479 2675 que
501 2601 526 2659 si
547 2606 642 2678 petat,
667 2617 796 2678 unquam
821 2597 929 2678 aliquid
953 2599 1021 2659 iecit
1050 2597 1121 2659 boni
1150 2600 1230 2676 quod
1257 2617 1322 2660 earn
1344 2597 1385 2658 illi
1415 2600 1537 2676 gratiam
1563 2599 1708 2668 conciliet,

419 2718 487 2779 qum
508 2700 551 2761 vel
576 2700 639 2762 lere
671 2700 790 2779 aliquod
816 2702 917 2762 odium
945 2702 1125 2778 restinguat:
1156 2709 1258 2761 contra
1286 2708 1384 2761 autem
1416 2703 1547 2762 omnium
1575 2685 1730 2780 prolecto‘
1765 2704 1769 2715 ’

381 2804 472 2882 soqui
495 2803 526 2862 in
546 2803 701 2864 Germania
724 2804 768 2864 rei
790 2804 859 2863 tacti
882 2811 965 2873 sunt,
989 2803 1081 2873 turta,
1105 2803 1215 2873 credes,
1245 2802 1396 2863 latrocinia
1419 2802 1582 2882 etreliqua
1604 2803 1707 2882 idge-

419 2923 477 2965 nus
508 2903 616 2981 flagitia
643 2923 676 2965 ac
704 2906 830 2984 pessima
854 2884 979 2984 quiequ'le
1002 2905 1133 2985 facinora
1160 2907 1252 2984 siquis
1278 2904 1365 2966 simul
1389 2894 1500 2984 ponat,
1527 2906 1604 2966 inira
1625 2908 1709 2967 istius

407 3006 525 3067 delicta
549 3015 645 3068 erunt.
689 3007 749 3068 lam
770 3009 800 3068 in
823 3007 880 3068 lroc
899 3009 1030 3068 omnium
1048 3009 1137 3068 animi
1156 3009 1357 3077 consentiunt,
1380 3009 1511 3068 omniurn
1529 3007 1707 3088 populorum
1719 3020 1777 3070 tn.

418 3127 455 3169 ac
478 3110 630 3169 nationum
659 3108 766 3170 iudicia
797 3112 989 3178 conveniunt,
1017 3109 1131 3171 nullum
1162 3129 1227 3171 esse
1249 3109 1434 3190 prodigatius
1460 3110 1628 3188 proditione
1651 3111 1708 3170 cri·

420 3229 505 3281 men,
527 3229 654 3289 eumque
675 3211 812 3273 omnibus
833 3211 936 3273 baberi
958 3212 1074 3275 bostem
1098 3214 1150 3291 qui
1173 3215 1235 3274 suis
1253 3229 1317 3273 erse
1336 3213 1479 3291 potuerit,
1503 3230 1558 3272 nec
1576 3211 1626 3273 ulli
1645 3197 1708 3272 ser·

383 3320 559 3378 iuraturum
581 3313 669 3374 fldem
692 3316 743 3393 qui
764 3315 892 3375 amicum
914 3314 1096 3392 prodiderit,
1119 3316 1169 3393 qui
1192 3316 1237 3385 ei,
1260 3335 1276 3376 a
1296 3333 1355 3394 quo
1370 3315 1419 3393 pie
1436 3319 1559 3383 amatus,
1581 3313 1708 3374 fideliter

420 3416 583 3477 custoditus
607 3423 666 3486 est,
688 3435 743 3496 per
766 3415 982 3477 simulationem
1005 3417 1095 3477 oificii
1118 3416 1258 3478 scelestas
1281 3418 1384 3478 lecerit
1405 3416 1541 3484 insidiam
1565 3435 1661 3496 neque
1682 3419 1708 3476 is

419 3518 456 3578 ab
479 3516 540 3584 ullo
564 3535 623 3578 non
647 3517 795 3598 timebitur
816 3537 903 3597 quem
927 3519 952 3576 is
975 3519 1024 3596 qui
1045 3519 1150 3579 timere
1171 3536 1230 3579 non
1255 3518 1357 3579 debuit
1378 3517 1465 3579 talem
1493 3524 1631 3597 expertus
1652 3526 1705 3579 ost.

419 3619 495 3690 Quid
518 3621 555 3681 do
574 3614 696 3700 reliquis
716 3629 812 3682 autem
834 3621 929 3683 dicam
952 3623 995 3682 sic
1022 3620 1103 3680 robis
1131 3623 1223 3692 notis,
1252 3623 1295 3682 sic
1318 3639 1334 3681 a
1361 3640 1408 3682 me
1437 3620 1594 3699 expositis?
1616 3638 1706 3699 porro
1717 3632 1774 3682 §.ts

418 3723 514 3799 priori
537 3723 651 3784 actione
676 3725 745 3784 satis
772 3722 954 3785 intellectum
981 3722 1112 3783 arbitror
1140 3742 1228 3802 quem
1261 3740 1316 3801 ego
1341 3723 1492 3784 cardinem
1520 3722 1590 3782 buic
1613 3741 1708 3783 causae

383 3839 544 3903 apponam:
568 3842 675 3904 nempe
693 3826 724 3883 in
747 3843 782 3885 eo
802 3806 897 3885 omne*
911 3823 1062 3887 vertebam
1085 3829 1257 3902 negocium,
1280 3827 1385 3903 utqui
1408 3828 1543 3886 iuvenem
1565 3826 1707 3884 innocen·

418 3926 583 3994 tissimum,
605 3943 691 3986 suurn
714 3928 865 3995 comitem,
880 3925 1030 4004 >flagitiose
1053 3928 1247 4005 prodidisset,
1276 3929 1388 3989 nelarie
1411 3928 1584 3996 occidisset,
1607 3928 1634 3988 is
1655 3945 1707 3987 ne·

419 4031 550 4087 cessario
574 4027 729 4089 damnatus
749 4030 816 4089 iure
837 4031 1002 4108 puniretur.
1039 4028 1090 4088 Cni
1109 4048 1204 4090 causae
1220 4038 1328 4095 nostrae
1345 4031 1474 4108 equitari
1489 4030 1627 4108 quoniam
1644 4028 1774 4090 baccis.

419 4130 566 4208 tantisper
581 4128 693 4191 obstitit
707 4149 805 4199 mora,
824 4130 882 4192 lroc
898 4132 928 4190 in
946 4149 1076 4209 praesens
1093 4133 1275 4202 conandum,
1293 4134 1423 4210 primurn
1438 4150 1476 4192 ne
1495 4149 1551 4209 qua
1568 4149 1620 4192 vos
1636 4130 1707 4191 ialsa

419 4228 584 4291 clementiae
605 4234 744 4310 opinione
766 4233 848 4293 indui
870 4234 981 4302 sinam;
1004 4232 1109 4295 deinde
1125 4241 1158 4294 ut
1177 4253 1265 4314 quarn
1286 4236 1459 4318 maturrime
1480 4233 1634 4294 damnetur
1654 4235 1707 4293 iste

387 4334 472 4411 arqui
494 4334 559 4392 sine
582 4336 731 4395 communi
754 4336 885 4395 omnium
908 4334 1041 4413 periculo
1068 4355 1225 4415 superesse
1254 4337 1364 4397 diutins
1394 4354 1452 4396 non
1480 4342 1586 4415 potest.
1629 4334 1706 4414 quod

419 4433 491 4494 dnm
513 4433 631 4513 prrblico
653 4436 809 4497 commodo
830 4436 937 4497 molior
958 4437 1037 4516 quod
1059 4445 1168 4499 nostrae
1191 4438 1348 4498 calamitati
1369 4437 1514 4506 debetur,
1533 4445 1628 4499 restra
1652 4439 1708 4498 vir-

419 4541 481 4596 tute
505 4536 627 4614 dignum
649 4546 707 4608 est,
730 4538 835 4600 efficite
856 4556 894 4600 ne
916 4540 1024 4600 trustra
1045 4541 1128 4600 nisus
1145 4558 1210 4601 esse
1231 4540 1341 4600 videar.
1379 4538 1454 4610 Quid
1478 4541 1555 4600 enirn
1575 4539 1634 4600 boc
1655 4539 1776 4600 ali-§.ao

420 4638 486 4715 quis
505 4639 646 4717 accipiat,
675 4626 846 4702 facillimum
873 4659 992 4722 semper
1015 4641 1052 4701 ad
1077 4641 1311 4703 misericordiam
1331 4641 1443 4702 aditum
1469 4642 1560 4703 luisse
1584 4642 1707 4703 aidicto·

419 4757 487 4800 rum
504 4741 675 4820 principum
696 4742 841 4804 fortunae?
863 4762 899 4804 ex
917 4744 964 4804 sui
980 4742 1057 4803 istud
1080 4749 1185 4805 natura
1200 4744 1402 4806 estimandum
1418 4752 1477 4806 est:
1497 4762 1568 4805 suos
1583 4761 1708 4825 namque

488 4944 495 4978 ¹
516 4945 609 4995 bellua
628 4949 654 4995 2.
706 4942 716 4975 l
735 4950 840 5007 coner]
859 4945 952 4997 vellet.
966 4962 1035 4997 corr.
1049 4951 1079 4996 rt.
1125 4946 1147 4979 ¹⁸
1161 4956 1222 5012 port
1239 4948 1305 5000 boni
1323 4964 1373 4998 non
1390 4948 1452 4998 nibil
1467 4949 1598 4998 addidisse
1615 4953 1645 4998 11.
1663 4951 1711 4999 red

420 5031 488 5096 quod
504 5034 555 5095 lepi
571 5046 620 5080 non
636 5036 725 5094 posset
742 5031 872 5081 adnotavit
889 5035 915 5081 2.
972 5029 995 5064 ²⁶
1012 5032 1067 5082 fec.
1081 5032 1134 5085 ins.
1147 5037 1177 5081 11,
1207 5033 1323 5084 insidias
1342 5033 1442 5084 iecerit
1455 5037 1478 5083 1.
1540 5030 1562 5065 ⁸⁹
1580 5047 1666 5098 namq)
1685 5037 1708 5084 1.

1875 790 1917 889 θ
