4300 6059
527 729 589 772 Qvo:
601 730 686 766 ctttct
698 731 803 781 vic'rvtt
816 733 884 767 Post·
897 731 1078 768 CVRATIONEH
1091 732 1164 767 HANG
1178 732 1341 768 onsuvtns
1355 732 1526 770 CONVEMM'.
1595 705 1670 778 493

379 894 529 963 pocrates;
558 867 647 946 buius
668 895 712 947 est
732 886 819 954 illud,
848 906 864 945 a
888 885 985 946 multis
1008 893 1108 965 postea
1132 888 1304 963 repetitum,
1334 887 1482 957 frictione,
1512 889 1670 951 vehemens

379 990 403 1047 si
424 989 478 1055 sit,
503 988 603 1047 durari
626 1007 749 1066 corpus,
773 990 798 1046 si
819 986 905 1056 lenis,
936 986 1057 1053 molliri,
1088 990 1112 1047 si
1137 987 1242 1056 multa,
1273 987 1378 1056 minui,
1406 990 1430 1048 si
1452 990 1583 1061 modica,
1612 993 1667 1052 im·

380 1089 463 1166 pleri.
509 1090 570 1149 Hac
593 1089 698 1149 cotidie
721 1097 806 1150 utens
828 1089 885 1149 boc
915 1097 1063 1167 tempore,
1094 1107 1179 1148 usaue
1201 1090 1380 1166 presertim,
1411 1092 1529 1166 quando
1551 1111 1568 1151 a
1590 1091 1668 1153 lecto
1685 1111 1744 1161 nto.

380 1192 488 1268 surgit,
512 1192 554 1250 vir
571 1192 757 1251 doctissimus
772 1190 913 1251 Erasmus
927 1190 1146 1251 Roterodamus
1168 1192 1245 1250 tueri
1267 1208 1299 1250 se
1322 1189 1566 1261 incolumitatem,
1590 1192 1672 1253 valde

353 1291 534 1353 aimbecillis
555 1291 664 1370 alioqui
687 1294 837 1371 corporis,
866 1299 963 1370 putat;
992 1311 1099 1371 tneque
1121 1299 1154 1351 ut
1175 1290 1246 1351 nibil
1269 1299 1410 1368 praeterea
1434 1291 1541 1352 obnixe
1563 1288 1674 1364 mutiet,

380 1402 411 1454 ut
434 1394 556 1461 inciam,
580 1412 614 1453 ac
637 1393 785 1453 studiosos
807 1401 951 1472 praeterea
974 1396 1091 1454 ornnes:
1121 1410 1231 1469 sequor
1253 1394 1339 1452 amici
1362 1394 1547 1463 suasionem,
1578 1403 1607 1454 et
1628 1396 1673 1456 iu·

380 1504 546 1555 ramentum
569 1497 674 1554 sentio.
719 1495 842 1566 Quidam
866 1495 1044 1555 interdicunt
1066 1495 1225 1554 lavationes
1248 1512 1282 1553 ac
1304 1495 1335 1553 in
1357 1497 1525 1555 universum
1542 1495 1743 1566 balneasttr.

381 1616 489 1676 casque
503 1595 670 1656 insalubres
686 1596 786 1656 dicunt
809 1596 946 1656 omnibus
969 1597 1018 1674 qui
1035 1615 1069 1655 ex
1086 1595 1143 1655 boc
1158 1593 1265 1654 morbo
1281 1594 1492 1664 convaluerint,
1517 1604 1587 1673 puto
1603 1598 1671 1675 quia

381 1717 488 1759 nervos
510 1697 663 1759 emolliunt
684 1716 719 1757 ac
741 1696 907 1764 resolvunt,
931 1704 1090 1773 vetantque
1111 1714 1186 1775 aqua
1203 1695 1350 1776 perluudi,
1375 1696 1482 1775 alioqui
1505 1698 1675 1759 sudationes

350 1813 443 1860 ttnon
467 1799 676 1877 improbando:
701 1801 791 1878 ‘Aqua
814 1800 912 1859 nervis
934 1798 1042 1865 officit',
1066 1796 1231 1857 Alexander
1252 1798 1362 1876 inquit,
1387 1799 1485 1858 ‘ctiam
1500 1798 1602 1866 calida,
1625 1818 1674 1861 re·

382 1920 449 1961 rum
472 1919 530 1960 non
554 1902 622 1978 quia
645 1900 752 1969 calida,
784 1901 836 1961 sed
859 1902 926 1977 quia
950 1899 1088 1960 hurnida'.
1134 1897 1264 1958 Calidum
1292 1898 1441 1960 lavacrum
1465 1901 1676 1961 commendans

382 2001 490 2063 l‘aulus
512 2004 555 2062 sic
576 2004 672 2079 inquit
695 2002 789 2062 ‘solvit
812 2003 1026 2078 fatigationem,
1057 2001 1176 2060 discutit
1197 2000 1421 2077 plenitudinem,
1445 2000 1575 2071 calfacit,
1599 2004 1675 2063 miti·

382 2112 445 2181 gat,
469 2102 576 2170 mollit,
600 2104 686 2163 llatus
709 2104 858 2173 diffundit,
883 2121 1018 2163 somnum
1041 2100 1144 2169 allicit,
1167 2100 1373 2178 corpulentum
1397 2103 1501 2163 reddit.
1541 2111 1585 2165 est
1604 2123 1675 2166 vero

382 2205 652 2265 commodissimum
676 2206 782 2283 cuique
806 2207 868 2263 viro
897 2211 926 2264 et
953 2202 1086 2271 mulieri,
1115 2220 1208 2278 puero
1238 2211 1267 2262 et
1294 2205 1357 2262 seni
1387 2212 1415 2264 et
1442 2206 1580 2283 privatis'.
1625 2208 1675 2268 Sic

349 2306 500 2367 iaPaulus.
548 2308 654 2366 Verum
677 2306 733 2365 boc
756 2314 888 2383 tempore
910 2324 969 2365 non
992 2307 1049 2365 nisi
1069 2304 1218 2363 rarissime
1245 2303 1343 2363 lavant
1364 2304 1442 2374 ltali,
1471 2308 1549 2385 quod
1572 2309 1674 2379 miror,

383 2427 450 2469 cum
473 2399 580 2468 cotidie
602 2406 678 2467 soliti
701 2406 769 2466 olim
793 2409 859 2475 sint,
882 2415 914 2466 ut
936 2406 1028 2465 literae
1050 2411 1193 2465 testantur
1217 2412 1246 2463 ct
1267 2405 1449 2467 thermarum
1464 2409 1566 2468 Roma
1588 2411 1673 2497 vesti·

383 2513 429 2586 gia
459 2509 578 2570 urbium
601 2510 630 2567 in
653 2527 766 2567 moreni
797 2508 1053 2568 exmdibcatarum.
1098 2506 1130 2566 ln
1159 2508 1306 2566 exercitiis
1335 2508 1455 2568 modum
1484 2527 1549 2570 esse
1571 2510 1742 2579 adsentio.

286 2662 290 2677 .
385 2612 510 2671 vandum
534 2609 663 2671 Galenus
685 2610 784 2680 docet,
816 2608 1111 2670 ‘ltnmederatiouem'
1135 2609 1270 2686 inquiens
1293 2618 1358 2684 ‘ego
1388 2609 1498 2689 ubique
1521 2613 1673 2689 vitupero'.

384 2713 464 2773 ldem
487 2713 528 2772 ait
557 2711 649 2771 ‘Sicut
676 2712 802 2771 maxime
830 2711 1018 2771 commodum
1049 2710 1150 2769 estad
1173 2711 1326 2770 sanitatem
1349 2718 1417 2771 ante
1440 2712 1539 2773 eibum
1562 2716 1675 2774 exerci-

349 2816 473 2883 aotium,
503 2814 542 2873 ita
564 2813 789 2873 nocentissimus
818 2815 913 2872 «imnis
941 2820 1009 2891 post
1036 2812 1223 2889 adsumptum
1253 2830 1320 2870 eum
1349 2819 1462 2873 motus:
1491 2814 1675 2876 distribuitur

384 2917 463 2976 enim
486 2934 520 2975 ex
544 2923 644 2975 ventre
668 2913 751 2973 cibus
774 2922 931 2993 autequam
955 2916 1119 2989 digeratur,
1151 2919 1179 2972 ot
1207 2914 1314 2973 exinde
1336 2913 1491 2975 multitudo
1514 2917 1675 2976 crudorum

384 3023 561 3095 aggregatur
583 3015 742 3075 humorum
765 3015 927 3077 secuudum
957 3034 1059 3083 renas,
1091 3015 1168 3073 uude
1197 3016 1387 3091 aegritudines
1415 3017 1552 3093 generari
1580 3018 1673 3077 omui·

383 3118 479 3178 modae
509 3116 742 3177 consueverunt.
789 3116 921 3176 ‘Tamdiu
950 3118 1152 3177 exercitationi
1181 3116 1401 3193 indulgendum'
1425 3118 1533 3179 Paulus
1560 3119 1672 3188 suadet,
1684 3138 1742 3188 eso.

385 3219 491 3298 ‘quoad
514 3220 542 3277 in
567 3227 712 3279 tumorem
736 3236 845 3296 corpus
867 3218 1017 3278 attollatur
1040 3225 1068 3278 et
1091 3217 1243 3286 rubescat,
1267 3228 1295 3278 et
1318 3227 1415 3280 motus
1437 3220 1523 3290 lirmi,
1547 3221 1675 3299 aequabi·

349 3321 429 3382 sales
452 3328 481 3382 et
504 3320 603 3380 faciles
625 3321 697 3393 sint,
727 3328 813 3397 atque
835 3321 926 3380 sudor
949 3322 1050 3399 vapori
1077 3320 1208 3380 videatur
1236 3323 1434 3388 commisceri:
1466 3322 1675 3400 quiescendum
1712 3375 1715 3380 .

385 3559 429 3611 mit
442 3562 489 3610 mot
503 3550 545 3622 [id
557 3565 597 3609 oco
610 3559 675 3621 citici
688 3562 776 3621 attacti
789 3557 905 3620 fltbtudi,
924 3554 957 3612 ori
975 3559 1005 3621 id)
1023 3561 1079 3618 oud>
1098 3557 1129 3618 op
1148 3560 1184 3610 iri
1204 3568 1252 3620 rot,
1271 3554 1305 3612 mi
1324 3549 1378 3621 ttt'tt
1398 3559 1447 3609 mir
1466 3563 1522 3611 mot.
1559 3559 1598 3612 ec
1616 3565 1742 3617 ost-§.to

385 3645 519 3706 bittinum
539 3645 574 3694 nit
592 3650 617 3705 os
636 3643 692 3706 boo,
718 3649 765 3693 ono
785 3642 864 3705 molti?
884 3645 930 3694 mit
950 3641 1183 3706 moderatiorem
1202 3644 1226 3702 [o
1244 3644 1281 3694 tic
1299 3646 1393 3695 blatern
1412 3644 1484 3707 tobi,
1510 3639 1545 3695 ori
1562 3645 1631 3708 [onan
1650 3655 1742 3704 cetat.

384 3730 421 3792 [tp
440 3731 498 3780 insu
518 3729 557 3779 nit
575 3729 660 3794 uolunt
677 3730 729 3790 sod)
749 3724 819 3789 lapsu
838 3728 870 3791 [te
888 3729 929 3779 ini
945 3734 972 3790 tp
991 3727 1093 3790 [troius
1109 3719 1148 3791 εὖ.
1184 3726 1241 3779 wit
1259 3732 1306 3779 mot
1324 3729 1424 3792 vontus
1440 3736 1466 3792 op
1484 3731 1540 3782 oms
1558 3730 1594 3795 iet
1613 3730 1675 3793 toll,

384 3814 420 3865 iot
439 3812 530 3874 tostin?
550 3815 606 3863 lons
624 3813 678 3864 boot
697 3826 755 3864 mon
774 3812 867 3875 meniu,
892 3818 939 3862 ono
958 3816 1017 3873 bont
1033 3813 1087 3872 too]
1111 3825 1152 3863 ooo
1174 3804 1243 3876 trit?
1259 3814 1295 3864 oit
1319 3814 1421 3875 schotti.
1458 3812 1516 3876 3¹1³
1539 3813 1742 3878 selinuntos.

351 3897 447 3948 cultile
465 3896 499 3959 [ot
519 3893 597 3973 nolin
616 3897 679 3957 itin,
697 3902 724 3949 oi
744 3893 909 3960 nometipsos
929 3896 959 3958 iit
977 3896 1120 3958 oltntbothi
1139 3899 1274 3960 octbotttn,
1293 3897 1367 3961 nebia
1385 3899 1416 3962 itt
1434 3912 1475 3949 ooo
1492 3907 1531 3950 ott
1549 3897 1613 3963 [scip
1630 3890 1674 3963 'nist

385 3982 440 4033 obst
458 3982 630 4044 nituerunt),
655 3981 749 4045 pibone
773 3981 808 4043 iot
827 3986 888 4034 meri
907 3978 947 4040 bib
964 3989 1005 4032 ott
1023 3980 1069 4031 trib
1089 3994 1164 4032 mosot
1184 3983 1242 4033 toirt
1267 3989 1314 4033 ono
1338 3984 1377 4034 sit
1400 3984 1491 4035 mdiu.
1528 3982 1597 4046 §lber
1613 3989 1672 4038 betti
1684 3993 1743 4042 tao.

385 4185 549 4250 prehensum
568 4185 614 4244 sit,
634 4185 680 4248 qui
698 4185 775 4246 dixit,
796 4187 934 4243 frictione,
953 4185 977 4233 si
997 4185 1145 4233 vehemens
1164 4185 1208 4246 sit,
1229 4185 1321 4234 durari
1341 4201 1449 4250 eorpus,
1468 4186 1491 4236 si
1509 4186 1590 4248 lenis,
1610 4188 1675 4238 mol·

386 4269 444 4329 liri,
469 4270 492 4318 si
516 4269 616 4331 multa,
641 4270 741 4327 minui,
765 4271 789 4318 si
813 4271 934 4331 modica,
960 4267 1095 4334 impleri‘.
1166 4269 1187 4302 ¹⁰
1209 4267 1375 4334 Alexander]
1394 4271 1412 4321 l.
1428 4288 1452 4320 e.
1471 4288 1497 4336 p.
1510 4270 1579 4322 2591.
1599 4273 1620 4321 1.
1633 4271 1676 4322 48.

386 4353 463 4416 „Cur
482 4369 554 4417 oque
574 4353 675 4416 frigide
694 4354 785 4403 nervis
804 4355 926 4416 officiat,
951 4354 1045 4403 calida
1069 4369 1123 4403 non
1148 4356 1247 4419 prosit,
1272 4355 1321 4404 sed
1345 4354 1411 4404 talis
1435 4370 1540 4420 quoqne
1560 4357 1677 4408 adverso
1700 4405 1708 4414 ,

385 4439 431 4487 sit.
467 4453 530 4487 nam
550 4437 641 4500 siquid
659 4439 769 4487 noxium
789 4445 844 4498 est,
865 4440 1034 4488 contrarium
1053 4440 1114 4488 eius
1132 4440 1300 4490 commodum
1319 4454 1380 4488 esse
1398 4455 1514 4489 necesse
1534 4447 1584 4502 ost,
1603 4442 1677 4494 haud

386 4524 459 4571 enim
477 4521 538 4571 fieri
557 4527 662 4586 potest,
687 4529 716 4571 ut
734 4525 874 4573 contraria
892 4524 972 4573 modo
991 4524 1076 4572 simili
1094 4523 1261 4573 efficiantur.
1297 4525 1412 4573 dixerim
1432 4539 1531 4588 aquam
1550 4540 1604 4574 non
1623 4541 1677 4590 que

387 4612 429 4656 ast
447 4607 540 4657 calida
558 4622 639 4672 pesse
659 4605 786 4667 officere,
807 4608 856 4657 sed
876 4623 930 4672 qna
950 4607 1042 4657 calida
1062 4613 1090 4658 et
1108 4608 1245 4658 hunride''.
1311 4607 1331 4640 ¹²
1350 4606 1438 4673 Paul]
1459 4610 1481 4658 1.
1494 4609 1536 4658 51.
1601 4609 1676 4660 calo·

386 4692 456 4741 facit
473 4695 545 4741 stt).
617 4689 667 4723 ¹2¹³
685 4691 808 4756 mittigat
827 4696 866 4741 10.
921 4692 941 4724 ¹⁸
960 4692 1083 4742 Galeuus
1101 4697 1126 4742 2.
1158 4691 1266 4756 Gelam]
1286 4693 1319 4742 de
1339 4709 1468 4757 cognosc.
1487 4695 1572 4742 animi
1591 4694 1676 4744 morb.

387 4792 411 4824 e.
425 4774 450 4825 3.
471 4767 587 4839 „delicie
606 4769 659 4840 peip
679 4771 772 4827 ἔοικεν
791 4772 926 4842 εἰρῆσθαι
951 4769 981 4828 τὸ
1004 4772 1107 4842 μέτρον
1129 4767 1258 4841 ἄριστον,
1282 4769 1318 4836 ὡς
1341 4769 1460 4837 οὐδενὸς
1483 4769 1607 4842 ἀμέτρου
1625 4795 1675 4829 κα·

386 4858 439 4918 laic
462 4855 640 4925 γιγνομένου.
711 4862 748 4910 ei.
772 4876 855 4926 supra
873 4861 931 4909 XX.
946 4862 1026 4920 §.tt
1099 4861 1117 4893 ¹⁹
1141 4860 1230 4927 Idem-l
1256 4865 1283 4911 in
1307 4863 1438 4929 Hippoer.
1457 4862 1518 4912 libr.
1543 4863 1576 4912 de
1600 4862 1675 4914 alim.

386 4960 482 4993 comm.
496 4945 532 4994 ΙΙ.
547 4961 571 4996 c.
585 4947 610 4994 t.
624 4944 695 5006 (XV.
710 4961 735 5009 p.
749 4944 807 4995 239.
823 4945 864 4994 ed.
880 4945 979 5007 Kiihn.)
1032 4944 1083 4977 ²²³³
1102 4948 1256 4996 omnimode
1271 4952 1295 4997 2.
1347 4946 1368 4979 ²⁸
1387 4946 1533 4997 Taudiu&
1586 4947 1676 5014 Paul]

386 5031 405 5077 Ι.
424 5028 461 5078 17.
514 5027 535 5060 ²¹
554 5031 715 5078 intunrerom
736 5034 761 5077 3.
813 5029 835 5060 ²*
850 5021 949 5092 Jstlmit
968 5048 992 5081 o.
