4300 6059
514 699 616 733 (trouu.
631 697 747 733 ssntsvs
759 699 794 732 ΔΙ)
810 698 1033 733 PROPOSITIONEII
1046 699 1229 732 nsxtssrnrnns
1246 700 1301 733 llil’.
1316 701 1341 733 Α.
1356 693 1412 733 1518.
1428 699 1544 736 PACTMI.
1604 669 1671 739 183

386 869 444 905 rum
463 869 533 904 esse.
585 853 654 902 llaec
673 853 760 904 oratio
779 868 840 903 curn
857 853 956 911 iustam
976 857 1003 902 ct
1022 869 1132 917 gravem
1152 854 1290 919 qncrclam
1308 855 1458 916 habuisset,
1479 860 1507 905 et
1519 871 1583 906 vere
1602 871 1672 908 com·

386 943 567 990 memorasset
585 944 686 1003 quanto
704 939 732 987 in
751 938 873 1005 periculo
893 942 966 988 essct
984 940 1114 988 universa
1125 939 1265 998 Ecclesia,
1286 956 1365 1004 qnam
1379 943 1464 1004 prirnn,
1485 944 1564 1005 mmm
1577 957 1672 991 ueces-

386 1027 487 1075 sarium
507 1030 580 1073 essct
598 1040 692 1074 omnes
711 1025 795 1074 bonos
808 1040 841 1073 ac
855 1025 939 1074 sortes
952 1024 1025 1072 viros
1039 1023 1073 1072 ad
1087 1024 1138 1072 hoc
1152 1025 1302 1088 pericnlum
1314 1025 1504 1089 dcpcllcndnm
1517 1041 1671 1090 accurrere,

386 1126 439 1160 non
457 1110 544 1160 solum
563 1110 660 1159 summi
677 1109 833 1170 Pontificis,
853 1109 900 1157 sed
920 1109 1005 1173 ipsius
1017 1108 1155 1158 Ecclesiae
1166 1109 1332 1159 Christianae
1352 1126 1402 1160 sor
1415 1126 1475 1160 csse
1488 1112 1671 1162 indicabatur.

385 1198 485 1261 Itaque
504 1211 565 1244 cum
583 1194 677 1245 Coesar
696 1196 724 1244 in
742 1194 891 1259 praesentia
909 1209 999 1259 panca
1017 1194 1132 1243 dixisset
1150 1194 1183 1243 de
1201 1210 1252 1243 sua
1274 1195 1430 1257 voluntate,
1457 1201 1485 1244 ct
1508 1197 1673 1247 ostendisset

312 1331 319 1345 ,
385 1297 414 1332 se
433 1281 544 1330 summis
564 1280 634 1329 votis
652 1279 724 1348 bunc
743 1294 904 1337 consensum
924 1280 1064 1327 nationum
1085 1295 1191 1343 semper
1209 1284 1320 1345 optasse
1339 1279 1373 1327 ad
1386 1279 1488 1329 bellum
1501 1280 1672 1331 inferendum

385 1367 496 1427 Turcis,
517 1370 544 1414 et
563 1363 714 1413 adiecisset
731 1364 763 1414 dc
783 1364 888 1412 ratione
908 1363 975 1413 belli
993 1364 1105 1428 gerendi
1125 1379 1154 1414 so
1179 1380 1239 1413 cum
1262 1364 1435 1428 Principibus
1458 1365 1672 1415 deliberaturum

386 1465 459 1512 esse,
479 1448 596 1508 mirifica
614 1452 674 1498 crat
692 1448 849 1512 expectatio
868 1449 987 1498 omnium
1007 1447 1142 1499 ordinum:
1168 1464 1231 1497 nam
1256 1464 1316 1498 cum
1339 1465 1432 1499 omnes
1456 1450 1598 1515 Principes
1622 1466 1672 1501 sua

384 1541 482 1601 sponte
496 1536 601 1601 optime
621 1533 736 1582 animati
755 1537 847 1583 essent
865 1549 931 1598 erga
949 1534 1022 1583 banc
1042 1528 1181 1592 caussam,
1200 1534 1248 1582 sed
1267 1535 1392 1584 vidercnt
1410 1550 1477 1599 opus
1496 1549 1555 1585 esse
1569 1535 1672 1587 adrem

329 1602 338 1610 ι
384 1626 491 1671 tantam
508 1619 712 1683 suscipiendam
735 1618 961 1682 peritissimorum
985 1619 1200 1682 deliberatione,
1230 1619 1345 1670 maxime
1375 1620 1523 1685 cupiebant
1554 1621 1588 1669 ab
1613 1621 1672 1685 ipso

386 1705 497 1755 Cessare
516 1709 625 1769 propter
644 1703 718 1752 illins
743 1702 924 1753 excellentem
947 1703 1121 1768 prudentiam
1145 1709 1173 1752 ct
1196 1719 1272 1754 usum
1296 1706 1324 1752 in
1348 1721 1376 1753 re
1401 1706 1514 1755 militari
1538 1706 1672 1756 rationem

386 1789 502 1856 parandi
521 1794 549 1838 et
567 1788 681 1853 gerendi
699 1786 765 1836 belli
784 1789 889 1852 exponi.
933 1787 999 1836 Cum
1024 1787 1119 1837 Cacsar
1143 1789 1183 1837 sic
1209 1788 1323 1839 affectos
1346 1805 1406 1838 esse
1430 1790 1670 1853 animadverteret,

385 1876 507 1927 venitin
526 1888 683 1924 consessum
702 1873 860 1937 Principum
878 1877 939 1937 post
957 1886 1058 1936 paitcos
1077 1872 1153 1933 dies,
1175 1887 1289 1937 cumque
1308 1873 1488 1923 consalutatis
1501 1875 1540 1924 cis
1554 1875 1671 1925 assedis-

386 1967 441 2023 set,
461 1961 546 2025 coepit
564 1974 699 2023 exponere
719 1958 836 2007 consilia
856 1954 1069 2007 et'volnntatem
1089 1972 1165 2008 suam
1184 1958 1212 2007 iu
1230 1958 1301 2008 hanc
1320 1959 1497 2019 sententiam:

403 2063 476 2113 lMP.
495 2059 731 2112 MAXIMILIANI
749 2057 909 2130 CAESARIS
928 2057 1078 2108 AVGVS'I'.
1098 2059 1245 2112 ORATIO.
1266 2058 1643 2126 [entititapcpp.176...18l.]

453 2149 637 2211 Posteaquam
655 2144 706 2195 hoe
724 2126 803 2194 modo
821 2145 960 2209 peroravit
978 2144 1131 2208 Imperator
1147 2145 1366 2206 Maximilianns,
1385 2146 1529 2210 Principes
1548 2146 1672 2211 aliquan·

386 2234 486 2297 tisper,
505 2237 535 2280 ut
553 2231 596 2293 tit,
616 2229 745 2281 collocuti
763 2234 839 2291 sunt,
865 2235 893 2278 et
911 2230 975 2295 quia
994 2244 1027 2278 ex
1045 2230 1226 2295 imperatoria
1244 2230 1368 2280 oratione
1386 2230 1595 2294 intellexerant,
1618 2247 1672 2282 non

386 2318 472 2367 solnm
491 2332 572 2381 quam
589 2315 775 2365 necessarium
795 2319 869 2364 esset
885 2313 937 2364 hoc
956 2314 1071 2374 bellum,
1092 2314 1140 2363 sed
1160 2315 1245 2363 etiam
1263 2330 1323 2378 quie
1342 2315 1436 2365 futura
1454 2320 1547 2366 essent
1560 2317 1672 2378 auxilia,

387 2418 448 2452 cum
466 2403 571 2451 scireut
589 2416 618 2450 se
638 2416 689 2449 nec
709 2399 844 2448 communi
862 2398 945 2447 saluti
968 2414 1019 2448 nec
1043 2399 1142 2448 studiis
1166 2398 1283 2448 aliarum
1302 2399 1423 2462 gentium
1446 2401 1543 2451 deesse
1562 2402 1672 2465 debere,

387 2487 453 2536 daut
476 2487 617 2552 negotium
641 2483 753 2535 Albcrto
776 2484 990 2549 Archicpiscopo
1014 2483 1177 2548 Moguntino
1198 2484 1316 2548 principi
1342 2484 1468 2546 electori,
1490 2491 1521 2535 ut
1543 2486 1577 2537 de
1601 2486 1673 2538 bello

386 2571 556 2622 voluntatem
573 2571 693 2636 ipsorum
711 2568 816 2618 Caesari
836 2573 998 2632 exponeret,
1023 2583 1053 2617 sc
1081 2570 1138 2617 Deo
1162 2568 1268 2631 gratias
1292 2583 1390 2632 agere,
1415 2569 1485 2634 qnod
1509 2586 1579 2635 pace
1602 2571 1675 2621 inter

388 2656 540 2706 Christiani
558 2655 674 2705 nominis
693 2655 784 2719 Reges
802 2653 952 2703 constituta
970 2653 1081 2702 tandem
1100 2652 1151 2701 hoc
1171 2652 1271 2701 bellum
1289 2653 1393 2723 suscipi
1410 2659 1515 2719 posset,
1536 2670 1569 2705 ac
1587 2655 1675 2705 liben-

388 2747 429 2791 ter
446 2756 477 2791 se
495 2745 624 2804 venturos
643 2754 703 2789 esse
722 2739 750 2788 in
768 2740 931 2788 societatem
949 2743 1005 2788 tam
1029 2737 1143 2803 gloriosi
1167 2745 1195 2787 ct
1218 2739 1259 2801 pii
1283 2739 1363 2798 belli,
1388 2754 1535 2804 omnesque
1559 2749 1636 2805 opes'
1648 2748 1676 2791 et

389 2828 461 2877 vires
479 2841 544 2877 suas
564 2825 599 2875 sd
617 2839 784 2875 communem
802 2823 991 2873 defensionem
1011 2822 1172 2894 collaturos3
1192 2838 1275 2886 quare
1293 2824 1388 2872 statim
1406 2823 1478 2874 velle
1495 2839 1525 2873 sc
1539 2824 1675 2875 delibera·

390 2912 491 2961 tionem
504 2910 537 2960 de
551 2909 668 2960 formula
680 2909 838 2969 instituere,
859 2907 963 2972 etquid
977 2909 1044 2973 ipsis
1056 2908 1207 2968 videretur,
1227 2907 1390 2973 Imperatori
1402 2908 1538 2969 indicare,
1553 2915 1676 2974 utquam
1769 2942 1771 2945 v

390 2996 503 3062 primum
522 2995 663 3046 conveniri
681 3001 795 3059 posset.v
818 2992 949 3043 Formula
974 3009 1007 3043 ca
1031 2992 1268 3058 complectebatur
1291 2998 1421 3057 quantum
1444 2995 1566 3058 equitum
1584 3000 1612 3043 et
1629 3011 1677 3060 pe·

345 3124 358 3155 ¹,
391 3081 474 3131 ditum
493 3080 595 3147 singuli
613 3080 757 3145 Principes
777 3084 804 3129 et
822 3076 914 3143 populi
933 3077 1043 3128 mittere
1061 3077 1203 3128 deberent.
1240 3077 1271 3126 ln
1289 3078 1342 3127 bac
1361 3083 1439 3144 parte
1457 3079 1526 3128 nihil
1544 3085 1677 3130 mutatum

391 3174 444 3218 est:
464 3182 528 3217 nam
546 3166 673 3218 militiam
691 3178 770 3214 nemo
789 3163 976 3224 detrectabat,
994 3162 1115 3212 libenter
1133 3166 1233 3227 quippe
1251 3162 1354 3228 singuli
1366 3165 1423 3212 suis
1435 3164 1575 3230 stipendia
1586 3164 1678 3214 daturi

392 3258 480 3302 eraut.
515 3252 570 3302 Sed
587 3255 689 3317 praeter
706 3249 765 3299 baec
785 3249 813 3298 in
832 3247 948 3298 fonnula
967 3252 1028 3296 erat
1045 3262 1143 3297 novum
1162 3247 1259 3297 tributi
1277 3262 1377 3311 genus,
1397 3253 1427 3298 ut
1437 3251 1571 3316 Episcopi
1588 3257 1617 3301 et
1629 3250 1677 3301 Sa·

392 3338 518 3392 cerdotes
536 3335 697 3387 deciderent
714 3335 748 3385 de
766 3336 822 3384 suis
841 3332 975 3383 reditibus
994 3333 1116 3381 decimas
1136 3332 1317 3382 conferendas
1335 3334 1364 3382 in
1383 3332 1449 3386 belli
1472 3341 1589 3397 sumtus,
1616 3335 1678 3386 reli·

392 3422 599 3489 quiPrincipes
617 3421 770 3477 vicesimas.
802 3419 835 3468 de
860 3418 913 3468 hac
938 3433 1010 3467 nova
1033 3417 1130 3465 tributi
1154 3416 1269 3466 termula
1288 3419 1433 3469 sentcntiae
1451 3420 1608 3485 Principum
1630 3435 1677 3470 va·

392 3507 516 3558 stabant:
536 3508 616 3555 erant
633 3503 757 3554 nonnulli
776 3504 822 3568 qui
835 3502 957 3552 libertati
969 3504 1056 3552 veteri
1069 3501 1253 3566 periculosum
1266 3518 1325 3552 esse
1339 3503 1491 3566 ducebant;
1510 3505 1559 3554 sed
1573 3511 1680 3555 sacrat

392 3598 457 3643 tunc
476 3591 586 3657 quidem
605 3590 728 3654 gravitas
747 3592 775 3636 et
792 3588 951 3652 Principum
969 3588 1070 3646 virtus,
1089 3592 1120 3636 ut
1137 3586 1269 3653 impedire
1288 3588 1389 3638 bellum
1408 3590 1523 3655 privatis
1541 3590 1613 3639 caris
1633 3594 1681 3639 sut

393 3677 540 3728 affectibus
558 3690 730 3739 nequaqnam
749 3673 898 3723 voluerint:
917 3673 1012 3736 itaque
1031 3672 1085 3722 etsi
1103 3671 1137 3721 de
1155 3671 1208 3721 bac
1221 3672 1329 3722 'tributi
1348 3674 1465 3725 formula
1482 3675 1680 3736 dissenserant,

393 3761 599 3813 tamenstatim
618 3761 747 3810 convenit
764 3759 805 3808 ita
822 3761 927 3807 certum
945 3771 1085 3806 numerum
1104 3758 1225 3822 equitum
1244 3762 1272 3806 et
1290 3759 1411 3823 peditum
1429 3760 1532 3826 singuli
1550 3760 1680 3810 utmitts-

394 3853 467 3910 rent,
487 3846 577 3898 ethis
595 3845 734 3911 stipendia
752 3844 892 3894 solverent
910 3842 977 3906 ipsi:
1002 3840 1101 3891 deiude
1119 3848 1150 3891 ut
1168 3843 1271 3892 tributa
1288 3844 1391 3910 singuli
1408 3845 1563 3896 indicerent
1580 3846 1608 3895 in
1625 3845 1682 3894 suis

394 3932 544 3983 ditionibus
560 3947 609 3997 pro
627 3929 793 3980 facultatum
811 3927 898 3978 modo.
934 3927 1021 3990 Atque
1045 3925 1105 3974 baec
1129 3930 1221 3978 omnis
1239 3930 1274 3979 ad
1292 3929 1429 3979 Caesarem
1447 3931 1591 3996 Principes
1609 3935 1681 3979 retu·

393 4017 496 4080 lerunt,
522 4017 567 4081 qui
590 4015 755 4065 collaudatis
779 4013 936 4077 Principum
959 4010 1147 4070 voluntatibus
1172 4013 1280 4062 tandem
1305 4014 1337 4064 de
1366 4015 1468 4065 tributo
1491 4015 1627 4076 decrevit,
1651 4018 1683 4064 ut

350 4162 353 4169 Ι
395 4101 510 4168 singuli,
530 4116 592 4151 curn
608 4100 637 4149 in
655 4116 718 4150 suas
737 4097 854 4148 ditiones
870 4091 1020 4154 redissent,
1045 4095 1161 4146 subditis
1185 4098 1328 4148 consilinm
1354 4104 1381 4148 et
1398 4094 1568 4150 voluntatem
1587 4099 1683 4150 Cress-
1725 4116 1728 4121 ’

394 4189 434 4239 ris
450 4189 647 4253 proponerent,
668 4191 696 4235 et
714 4199 742 4234 re
762 4182 917 4233 deliberata
935 4186 1014 4232 tanta
1036 4181 1156 4246 publicas
1174 4183 1304 4233 utilitatis
1327 4198 1427 4233 caussa
1450 4185 1555 4235 tributa
1577 4185 1683 4236 indice-

395 4277 466 4329 rent.
500 4273 538 4321 Et
555 4272 620 4335 quia
637 4274 724 4321 totam
742 4267 971 4318 deliberationem
988 4265 1022 4316 de
1042 4273 1179 4332 apparatu
1197 4267 1264 4317 belli
1283 4273 1346 4318 ante
1366 4270 1516 4334 proximum
1528 4285 1577 4321 ver
1588 4269 1685 4336 perfici

320 4407 325 4414 ,
395 4357 495 4421 voluit,
516 4356 622 4413 addidit
639 4355 791 4417 decretum.
810 4368 840 4403 se
858 4351 980 4418 proxima
998 4350 1095 4414 hyeme
1119 4353 1148 4402 in
1170 4352 1335 4419 Epiphaniis
1358 4355 1456 4404 iterum
1479 4360 1604 4406 acturum
1622 4370 1683 4407 esse
1750 4402 1752 4407 .

397 4446 572 4500 conventum,
594 4439 628 4489 ad
647 4455 726 4504 quem
745 4443 775 4487 ut
787 4437 931 4502 Principes
950 4435 1081 4486 afferrent
1099 4437 1242 4486 formulam
1261 4444 1288 4486 et
1306 4439 1412 4488 modum
1430 4440 1590 4491 tributornm
1608 4456 1683 4490 man·

397 4527 487 4586 davit,
507 4541 542 4575 ne
560 4524 589 4574 in
608 4540 683 4574 mora
702 4526 794 4574 essent
811 4522 913 4574 bellum
932 4527 1045 4571 maturo.
1082 4522 1134 4572 His
1153 4522 1224 4570 actis
1242 4523 1395 4588 Imperator
1418 4531 1579 4575 conventum
1603 4524 1685 4575 solvit

398 4612 510 4661 circiter
528 4609 629 4661 testum
647 4609 705 4659 divi
721 4606 929 4667 Bartholomaei;
948 4606 1012 4656 inde
1024 4607 1053 4655 in
1065 4607 1204 4657 Austriam
1217 4607 1407 4675 proficiscitur.
1443 4610 1579 4676 Egregios
1593 4614 1684 4659 autem

399 4701 514 4751 conatus
532 4700 560 4746 et
577 4694 682 4759 optima
700 4694 760 4759 eius
773 4692 895 4744 'consilia
914 4691 1132 4741 luctuosissimus
1155 4693 1209 4742 toti
1231 4692 1391 4758 reipublicae
1415 4710 1496 4767 casus
1520 4695 1682 4746 antevertit:

398 4783 457 4847 ipss
476 4782 550 4832 enim
568 4779 705 4830 extinctus
724 4785 766 4830 est
783 4778 872 4844 pridie
890 4777 955 4826 Idus
968 4776 1126 4836 Ianuarias,
1145 4778 1224 4829 Anno
1236 4780 1272 4830 M.
1280 4781 1314 4830 D.
1322 4780 1405 4842 XIX,
1425 4797 1486 4832 cum
1498 4781 1606 4848 quidem
1618 4785 1703 4846 psa·

399 4881 446 4917 cos
463 4865 522 4916 dies
541 4863 679 4916 febricula
697 4869 726 4914 et
742 4862 900 4915 lubricitate
920 4861 976 4911 alvi
993 4860 1157 4911 laborasset.

857 5062 1254 5081 -ῷ----.
