4300 6059
483 692 555 762 324
593 721 692 755 Leonis
706 721 731 756 X.
745 719 852 755 CONTRA
869 719 1017 754 LVTHERVM
1032 720 1119 752 BVLLA
1134 719 1196 753 DAT.
1211 715 1243 752 15.
1254 719 1309 754 tvtt.
1324 720 1349 752 Α.
1360 713 1415 752 1520.
1431 720 1454 753 C.
1468 718 1592 752 HVTTEN!
1608 717 1701 750 nrtrts.

478 880 624 953 ploravit,
653 879 704 950 qui
729 878 774 934 illi
800 893 832 934 sc
857 891 914 934 noa
938 875 1062 932 credere
1081 878 1183 950 palam
1201 880 1385 950 profitetur.)
1413 877 1452 932 itu
1480 881 1512 932 ul
1537 879 1642 932 caedra
1664 875 1797 946 ipsum,-

481 988 622 1054 tanquam
644 979 681 1036 dc
698 978 759 1049 fide
781 979 892 1035 notarie
911 983 1092 1051 suspectum,
1116 979 1173 1037 imo
1195 995 1263 1036 aere
1281 977 1462 1048 haereticum,
1478 976 1588 1050 absque
1607 977 1672 1033 nlla
1693 976 1773 1033 cita-

480 1085 565 1155 tione,
588 1083 632 1140 acl
648 1092 747 1152 marn,
771 1081 814 1137 ad
833 1080 1102 1144 condemnationem
1123 1087 1153 1138 et
1173 1081 1391 1146 damnationem
1411 1081 1487 1149 eius,
1510 1084 1652 1151 tamqnam
1671 1076 1773 1134 loere-

481 1187 545 1253 tici,
577 1200 614 1242 ac
640 1184 769 1241 amatium
795 1190 823 1241 ct
849 1185 1035 1254 stirpaturum
1057 1184 1334 1257 suprascriptarum
1351 1196 1510 1255 paucarum
1526 1186 1555 1238 et
1574 1193 1772 1249 censurarum

481 1286 664 1342 amenitatem
681 1285 846 1358 procedere
875 1288 1057 1357 ⁰possemus:
1086 1283 1275 1342 nihilominus
1305 1279 1357 1342 ‘dc
1384 1284 1545 1342 eorundem
1562 1281 1698 1354 srntnam
1716 1294 1800 1338 aaa

479 1394 607 1446 strorum
627 1389 763 1458 coasilio,
784 1389 986 1461 omnipotentis
1005 1387 1074 1445 “dei
1094 1389 1239 1445 imitantes
1255 1389 1452 1456 clenentiam,
1475 1386 1527 1458 qai
1543 1401 1599 1443 noa
1615 1378 1774 1442 ault'mor-

480 1495 536 1547 tem
552 1492 734 1563 peccatoris,
751 1489 806 1548 sed
825 1491 920 1563 mapis
936 1495 969 1547 nt
987 1496 1178 1548 coercerentur
1199 1492 1331 1559 etaient,
1354 1490 1480 1546 omnuim
1499 1489 1679 1545 iniuriarum
1696 1485 1774 1543 leac-

480 1598 564 1649 tcaus
585 1591 666 1649 nolis
684 1600 712 1649 et
733 1593 902 1666 apostolicae
923 1593 989 1649 sedi
1009 1594 1162 1650 illatarum
1184 1592 1278 1665 obliti,
1303 1593 1382 1648 omrai
1402 1587 1484 1663 ''qna
1496 1604 1651 1663 possumus
1661 1589 1775 1662 pietate

480 1695 524 1751 nti
545 1692 742 1752 decrevimus:
763 1701 793 1752 et
809 1700 951 1767 quantum
974 1697 1003 1752 in
1022 1693 1105 1751 nobis
1125 1700 1169 1751 est
1188 1711 1292 1766 apere,
1314 1700 1346 1751 nt
1365 1695 1519 1767 proposita
1539 1690 1775 1748 mansuetudinis

480 1796 537 1864 aia,
557 1795 600 1853 ad
615 1811 668 1853 cor
685 1802 860 1867 reuertatur,
882 1806 912 1854 et
925 1812 944 1853 a
955 1798 1112 1871 predictis
1125 1796 1248 1854 recedat
1261 1795 1427 1853 erroribus:
1449 1802 1481 1852 nt
1495 1795 1590 1868 ipsum
1611 1799 1773 1865 'tanquam
1786 1806 1810 1847 n

476 1899 572 1968 filium
598 1898 679 1955 illum
702 1899 865 1972 prodipum
887 1894 1112 1971 badarenum
1135 1898 1278 1958 Ecclesiae
1299 1904 1489 1957 reuertentem
1510 1897 1634 1967 bantana
1659 1896 1775 1970 recipi-
1818 1971 1820 1974 .

480 2014 575 2056 amus.
620 1998 723 2073 Ipsum
743 2002 834 2073 ipitur
852 2000 1017 2058 Martinam
1038 2009 1067 2060 et
1087 2016 1273 2074 natoscuuque
1288 2002 1319 2058 ei
1331 2000 1526 2070 adherentes,
1548 2000 1668 2070 eiusque
1685 2013 1774 2056 rece-

478 2106 625 2174 ptatores,
647 2108 676 2158 at
691 2100 843 2173 semones,
866 2106 937 2175 eper
958 2106 1072 2162 viscera
1092 2102 1304 2161 misericordiae
1326 2103 1375 2160 dei
1395 2103 1502 2177 nostri,
1524 2096 1570 2159 det
1587 2116 1646 2173 per
1665 2115 1775 2173 asper-

481 2204 590 2285 sionem
610 2204 765 2275 sanpninls
789 2203 901 2261 domini
919 2208 1013 2264 nostri
1034 2205 1102 2263 lesu
1119 2204 1240 2278 Claristi,
1263 2220 1334 2277 qua,
1357 2211 1385 2263 et
1399 2220 1458 2277 per
1475 2218 1560 2275 quem
1582 2202 1708 2260 humani
1719 2218 1775 2276 pe-

481 2306 562 2362 ncris
578 2305 741 2378 redemptio
756 2311 785 2362 et
800 2313 913 2364 sanctae
927 2309 1031 2365 matris
1050 2308 1184 2366 ccclesiae
1199 2307 1365 2378 edificatio·
1374 2305 1463 2378 sacta
1477 2313 1521 2365 est
1529 2351 1536 2373 ,
1558 2321 1598 2364 cn
1612 2309 1669 2362 toto
1682 2303 1808 2362 cardeia

480 2407 636 2466 liortamur
656 2415 684 2465 et
704 2407 904 2484 obsecramus,
928 2418 959 2467 ut
980 2411 1074 2483 ipsius
1088 2408 1233 2469 Ecclesia
1249 2425 1372 2484 pacem,
1392 2409 1548 2478 unitatem,
1571 2413 1600 2465 ct
1613 2407 1775 2477 ceritatem,

383 2494 386 2500 ¹
478 2523 536 2581 pro
553 2525 614 2582 qun
635 2511 699 2582 ipse
721 2508 858 2568 Saluatar
881 2517 941 2568 tam
959 2513 1104 2569 instanter
1124 2513 1222 2569 arara
1238 2510 1281 2568 ad
1296 2516 1429 2586 patrem,
1460 2510 1600 2568 ‘turbare
1621 2510 1774 2579 desistant,

481 2616 509 2668 ct
535 2627 554 2668 a
580 2612 737 2684 praedictis
765 2622 825 2671 tarn
843 2615 1020 2687 perniciosis
1049 2608 1215 2672 'erroribus
1235 2629 1362 2687 prorsus
1393 2613 1574 2671 abstineant:
1608 2611 1778 2670 ‘laverdini

481 2778 616 2839 anobis:
645 2780 782 2841 seducitis
805 2800 859 2841 nos
882 2783 975 2849 enim,
1006 2788 1033 2841 et
1056 2788 1197 2860 astantum
1219 2783 1250 2840 in
1273 2780 1356 2840 vobis
1383 2790 1441 2849 est,
1471 2780 1600 2857 perditis.
1677 2776 1773 2848 “Ouid

482 2881 538 2949 ais,
561 2882 733 2942 interlector
756 2882 974 2954 conciliorum!
1008 2883 1109 2942 Hosne
1133 2883 1279 2943 liutherus
1308 2882 1394 2942 lacit!
1458 2882 1560 2953 'Orrod
1590 2883 1684 2961 potnit
1712 2897 1808 2941 enen

481 2979 580 3042 voluit.
626 2983 697 3054 Quis
731 2992 846 3045 accusat
881 2985 1031 3045 Leonem!
1111 2982 1201 3045 ‘Vide
1235 2985 1405 3045 modestiam
1439 2984 1773 3051 deserendissimnrnm.

480 3084 521 3142 ⁸0
544 3083 729 3144 clementiam
757 3086 974 3148 incredibilem!
1004 3087 1040 3146 Et
1062 3086 1191 3147 Leonem
1220 3086 1338 3166 quidem
1362 3105 1448 3147 nemo
1472 3089 1581 3165 putavit
1603 3103 1691 3164 posse
1713 3093 1773 3145 mm

482 3183 655 3246 clementem
679 3205 758 3253 esse,
790 3189 952 3266 presertim
984 3188 1101 3266 tpnande
1128 3188 1263 3249 occidere
1292 3197 1399 3266 posset.
1473 3187 1585 3248 hEtiam
1614 3189 1680 3266 pius
1709 3203 1774 3247 esee

481 3287 541 3346 Len
563 3295 676 3365 posset,
700 3288 788 3348 modo
811 3291 972 3368 rapientem
997 3309 1062 3351 enm
1088 3298 1116 3350 et
1138 3298 1319 3366 grassantem
1342 3292 1447 3367 ingiter
1463 3292 1616 3350 terremus.
1684 3286 1772 3358 *Quia

482 3390 583 3449 niteris
605 3389 712 3450 bonam
736 3391 893 3453 nsteridere
923 3394 996 3452 viam
1024 3400 1120 3460 tuam,
1151 3392 1187 3480 ad
1216 3392 1403 3468 querendam
1434 3391 1632 3460 dilectionem,
1664 3394 1713 3469 qni
1740 3393 1805 3453 ine

482 3489 619 3568 strpierbia
643 3500 670 3552 et
693 3492 804 3552 malicia
828 3501 877 3553 tua
900 3494 1024 3554 docuisti
1047 3495 1107 3553 rias
1129 3500 1207 3562 tuae,
1232 3503 1260 3554 et
1283 3495 1311 3554 in
1334 3493 1386 3554 alis
1410 3495 1467 3553 tisis
1489 3495 1623 3554 irn'entus
1646 3501 1691 3555 est
1706 3511 1773 3575 san·

482 3594 546 3670 gnis
574 3593 737 3654 animarum
765 3614 929 3673 pauperum
959 3604 989 3656 et
1015 3597 1222 3656 innocentum!
1303 3596 1384 3656 'Heu
1414 3595 1570 3672 prodigum
1599 3596 1771 3664 Lntherum,

482 3696 532 3772 qui
555 3696 598 3753 sic
619 3694 741 3773 largiter
764 3698 896 3775 proludit
919 3697 1117 3776 evangelicam
1133 3697 1314 3757 doctrinam!
1401 3695 1540 3766 *Quoties
1565 3696 1772 3759 inculcandum

483 3804 541 3865 est,
572 3797 601 3855 in
624 3796 748 3858 ecclesia
770 3806 819 3857 tna
843 3798 919 3860 nolle
944 3801 1052 3860 versari
1076 3818 1146 3867 nos,
1176 3817 1272 3876 neque
1295 3816 1361 3858 cnm
1385 3798 1520 3874 Copiistis
1542 3799 1599 3858 tuis
1622 3798 1697 3859 velle
1719 3799 1772 3860 tibi

482 3897 647 3957 adsentari!
678 3897 752 3967 Quin
783 3907 813 3960 tu
837 3903 933 3978 potins
956 3900 991 3960 ad
1016 3901 1167 3960 sanitatem
1191 3900 1285 3969 redis,
1314 3901 1470 3977 proiiciens
1492 3903 1641 3960 avaritiam
1665 3897 1701 3962 eri
1725 3920 1805 3963 ca·se

482 3997 600 4070 lamnia,
624 4008 654 4061 et
668 4003 819 4061 excutiens
834 4021 939 4063 manus
960 4010 1026 4062 tiras
1048 4002 1085 4062 ab
1109 4002 1188 4061 emrri
1208 4020 1344 4072 nirrrrere.
1411 4002 1497 4062 eHaec
1518 4009 1547 4060 te
1562 4004 1774 4065 misericordie

482 4103 592 4162 viscera
615 4102 737 4163 induere
760 4103 841 4164 iubet
862 4103 983 4173 Paulus,
1007 4103 1092 4163 simul
1109 4103 1334 4180 benignitatem,
1358 4103 1563 4172 damnitatem,
1588 4105 1771 4175 modestiam,

442 4245 446 4252 -
483 4211 511 4262 et
533 4204 714 4282 patientiam:
738 4223 824 4283 quem
848 4224 901 4264 rins
923 4207 1054 4266 videmus
1078 4222 1183 4282 magno
1206 4206 1292 4264 etiam
1316 4223 1384 4266 cnm
1407 4203 1509 4264 dolore
1532 4212 1643 4275 nostro,
1667 4215 1771 4268 contra

481 4304 616 4365 indutum
638 4324 693 4383 pro
715 4308 915 4368 misericordia
938 4307 1158 4376 crudelitatem,
1182 4324 1236 4384 pro
1259 4308 1397 4384 patientia
1421 4307 1617 4375 iracundiam,
1649 4327 1704 4386 pre
1728 4311 1771 4368 in·

483 4408 557 4467 stitia
587 4409 782 4485 iniquitatem,
818 4418 846 4469 et
876 4417 908 4469 nt
935 4410 1025 4470 semel
1053 4409 1165 4477 dicam,
1199 4427 1254 4488 pro
1280 4408 1436 4468 virtutibus
1466 4410 1557 4474 vicia,
1584 4409 1612 4468 id
1642 4416 1688 4469 est
1716 4428 1804 4488 pron

484 4509 600 4569 Christe
623 4508 678 4568 deo
693 4509 903 4570 Antichristnm
920 4509 1080 4571 diabolum.
1146 4507 1274 4578 tiatira,
1298 4509 1361 4570 talis
1377 4529 1443 4570 crim
1467 4512 1515 4580 sie,
1539 4510 1601 4570 hec
1624 4528 1713 4588 posse
1728 4512 1771 4572 Ιο-

483 4613 532 4688 qui
555 4618 584 4670 te
607 4611 738 4681 interim,
762 4614 804 4671 sic
825 4613 951 4688 fingere,
974 4613 1016 4672 sic
1037 4609 1175 4672 simulare
1199 4620 1229 4672 et
1244 4611 1436 4673 dissimulare.
1501 4613 1630 4673 ‘Secura
1648 4613 1709 4673 ruit
1724 4633 1771 4675 re·

484 4730 574 4787 gnare
602 4712 752 4781 [tecirnns3
781 4714 832 4772 sed
862 4732 963 4773 vereor
992 4720 1023 4772 ut
1051 4714 1142 4791 pessit
1169 4715 1210 4773 sic
1238 4720 1383 4773 commota
1407 4716 1572 4776 Germania.
1639 4711 1771 4795 ‘Quippe

483 4814 561 4874 unde
583 4815 674 4874 lanies
695 4823 739 4875 to!
760 4815 1071 4875 reverendissimorum
1096 4823 1124 4876 et
1146 4816 1268 4893 penuria
1284 4816 1338 4894 ipsi
1354 4814 1473 4877 domino
1488 4817 1629 4877 imminet.
1696 4817 1771 4878 ‘Fa-

484 4923 684 4934 ——-——.

551 4968 594 5008 ⁶¹¹!-
608 4967 650 5015 Cf.
664 4967 731 5016 Luc.
746 4967 792 5015 lx.
807 4965 1171 5019 att.10ann.111.l'l.xt1.48.
1221 4966 1239 4998 ¹¹
1254 4967 1297 5016 ef.
1305 4969 1372 5017 Luc.
1380 4969 1437 5017 XV.
1448 4969 1533 5033 13.sq.
1582 4968 1602 5000 ¹⁶³
1624 4969 1770 5023 cantant.

486 5051 668 5102 XX1!',!.etc.
704 5049 1080 5118 ’‘Quidetc.]ler.11.33.eq.
1116 5049 1398 5103 ”Ismxxxtlnla
1434 5049 1768 5117 ”Pautleacmunla
