4300 6059
445 677 519 750 246
555 707 738 743 iraxnamaam
752 705 789 741 an
802 705 916 742 aeonem
929 705 955 740 x.
969 706 1004 740 na
1018 705 1148 741 cerauno
1161 706 1249 740 cerer.
1264 707 1290 740 n.
1304 705 1368 741 ava.
1382 705 1459 747 viso.
1472 705 1498 739 n.
1506 699 1666 740 amusan.
1675 700 1732 740 tote.

512 930 686 980 Par-embolum
709 929 809 992 pallida
832 932 929 994 pagina
948 930 1045 994 poscit:
1073 929 1142 979 inter
1164 930 1210 978 bns
1233 932 1317 994 r'tnquc
1340 930 1471 978 orationes
1493 931 1592 993 legatur
1618 930 1650 978 iis
1672 932 1736 992 ipsis

442 1017 501 1081 fere
519 1015 607 1082 qrtr'bua
624 1015 679 1064 beru
696 1012 789 1063 dabitis
806 1021 862 1063 ment
881 1015 968 1064 diebus
985 1030 1002 1063 a
1020 1014 1197 1064 Ματὶηιὶἱίαπο
1215 1015 1251 1063 ad
1265 1016 1408 1077 pontificem
1421 1015 1556 1063 Romanum
1566 1016 1666 1078 scripto
1683 1016 1736 1078 cpi·

354 1156 362 1177 ·
444 1104 523 1162 stulu,
543 1115 579 1150 ex
591 1099 685 1150 Bzcnt'o
705 1097 936 1165 (mpssdbaq.)
954 1103 1123 1162 transcripta.

530 1205 688 1262 Beatissimo
711 1213 802 1280 pater,
826 1204 934 1261 domine
957 1205 1189 1261 reverendissime.
1222 1204 1381 1278 Accepimus
1404 1221 1458 1260 non
1474 1205 1541 1260 adeo
1558 1204 1659 1260 multos
1674 1215 1736 1261 ante

446 1292 504 1347 dies
527 1290 660 1364 quendam
683 1292 795 1347 fratrem
817 1290 1045 1364 Augustinianum
1068 1290 1212 1346 blartinum
1234 1289 1383 1346 Lutlrerum
1406 1288 1564 1345 nonnullas
1583 1289 1737 1346 conclusio·

446 1393 495 1432 nes
518 1377 544 1431 in
567 1376 678 1431 materia
703 1375 931 1450 indulgentiarum
954 1374 1117 1431 scholastico
1141 1391 1215 1432 more
1243 1374 1425 1430 discutiendas
1452 1375 1656 1436 disseminasse.
1688 1394 1737 1432 nec

447 1478 501 1517 nou
518 1461 545 1516 in
565 1459 786 1518 conclusionibus
801 1461 858 1517 suis
874 1460 948 1517 etde
964 1477 993 1516 ea
1010 1478 1039 1516 rc
1063 1469 1090 1515 et
1111 1460 1145 1515 de
1167 1459 1191 1514 vi
1207 1457 1416 1533 apostolicarum
1433 1460 1736 1517 excommunicationum

447 1544 562 1620 plurima
585 1546 725 1608 docuisse.
750 1548 776 1603 in
800 1544 899 1622 quibus
922 1545 1051 1601 damnosa
1073 1554 1101 1600 et
1123 1545 1249 1600 baeretica
1272 1538 1402 1619 pleraque
1425 1545 1579 1607 videantur,
1603 1554 1683 1620 atque
1705 1564 1737 1601 ea

447 1648 519 1686 nrum
541 1648 590 1705 per
612 1632 773 1704 magistrum
796 1633 865 1687 sacri
888 1631 970 1686 vestri
992 1629 1087 1704 palatii
1109 1637 1203 1686 notata
1225 1646 1294 1686 esse.
1338 1628 1403 1697 Quae
1426 1647 1471 1685 res
1492 1630 1572 1686 nobis
1594 1647 1627 1686 co
1651 1632 1738 1704 magis

448 1716 601 1790 displicuit.
626 1734 681 1789 quo
703 1717 869 1791 pertinacius
893 1716 981 1772 dictus
1004 1715 1103 1777 trater,
1128 1724 1159 1771 ut
1180 1715 1269 1771 edocti
1291 1732 1398 1777 sunaus,
1421 1715 1553 1774 doctrinm
1575 1733 1631 1772 suae
1655 1716 1738 1771 inlim-

447 1818 510 1857 rcre
532 1810 613 1874 atque
635 1801 790 1875 complures
813 1818 936 1858 errorum
959 1818 1072 1857 suorum
1095 1801 1304 1857 delens01·eset
1325 1809 1474 1874 patronos,
1497 1801 1578 1857 etiam
1600 1810 1737 1875 potentes,

448 1895 635 1960 consequutus
657 1905 717 1942 esse
732 1887 840 1943 dicitnr.
878 1887 977 1942 Verum
992 1903 1052 1942 curn
1068 1894 1202 1959 suspectae
1217 1887 1382 1941 assertiones
1398 1894 1426 1941 et
1441 1885 1595 1960 periculosa
1610 1886 1737 1960 dogmata

448 1989 463 2027 a
486 1971 592 2028 nemine
615 1970 725 2035 melius,
749 1973 850 2028 rectius
873 1980 901 2027 ct
922 1970 1012 2027 verius
1034 1971 1174 2026 diiudicari
1197 1978 1297 2044 queant
1320 1988 1399 2043 quam
1421 1988 1436 2025 a
1458 1971 1623 2029 beatitudine
1638 1979 1737 2033 vestra,

449 2074 510 2130 quus
533 2055 591 2111 sola
613 2065 644 2112 ut
666 2064 759 2130 potest
780 2058 816 2113 ita
839 2056 920 2129 debet
941 2073 1067 2112 ranarum
1091 2056 1289 2129 quaestionum,
1319 2056 1527 2129 sophisticarum
1551 2057 1686 2112 rationum
1709 2065 1737 2111 ct

448 2141 623 2196 verbosarum
645 2142 850 2198 contentionum
874 2150 983 2197 autores
1006 2157 1193 2215 compescere,
1223 2140 1321 2214 quibus
1352 2139 1554 2214 pestilentiosas
1577 2141 1737 2197 Christianae

448 2227 543 2300 pietati
566 2224 634 2281 nulli
656 2227 846 2300 contigerunt,
876 2227 928 2282 linc
959 2234 1062 2282 tanturn
1092 2233 1245 2299 spectante,
1275 2234 1305 2280 ut
1333 2225 1405 2298 quod
1436 2227 1487 2299 ipsi
1515 2226 1681 2288 didicerunt.
1711 2227 1737 2281 id

448 2310 536 2367 solum
559 2310 690 2368 habeatur
712 2312 738 2367 in
763 2313 868 2386 precio;
892 2312 965 2386 quod
986 2328 1050 2367 vero
1073 2319 1101 2366 ct
1123 2311 1268 2384 praesentis
1290 2310 1382 2366 saeculi
1404 2311 1572 2367 eruditorum
1588 2330 1738 2367 cousensus

448 2404 475 2451 ct
496 2397 541 2470 pie
564 2404 643 2452 antea
665 2396 692 2452 in
715 2397 823 2452 Christo
846 2398 1037 2453 detunctorum
1060 2395 1172 2451 candida
1194 2403 1222 2451 et
1244 2389 1335 2452 solida
1358 2396 1481 2451 doctrina
1507 2396 1681 2470 comprobat.
1711 2397 1738 2452 id

447 2497 562 2555 prorsus
585 2481 738 2537 reiiciatur:
768 2490 843 2537 extat
864 2499 928 2537 sane
951 2490 1137 2555 pervetustum
1160 2480 1291 2555 pontificii
1314 2490 1425 2536 senatus
1453 2481 1591 2538 decretum
1619 2482 1651 2538 de
1673 2500 1738 2538 con·

447 2565 591 2621 stituendis
613 2566 786 2629 doctoribus,
811 2567 837 2623 in
861 2585 916 2641 quo
938 2566 972 2622 de
994 2566 1143 2640 sophistica
1167 2583 1299 2638 nusquam
1322 2582 1449 2639 umquam
1469 2566 1612 2640 quicquam
1627 2576 1737 2623 cautum

445 2658 502 2712 est,
532 2650 585 2706 nisi
608 2651 680 2725 quod
704 2652 754 2707 ista
778 2652 804 2707 in
827 2652 944 2708 decretis
966 2660 1098 2708 vocantur
1120 2652 1147 2706 io
1169 2649 1295 2712 dubium.
1324 2659 1414 2706 utrum
1444 2651 1484 2706 las
1514 2651 1551 2707 sit
1579 2669 1610 2708 ea
1631 2652 1738 2708 discere

447 2752 496 2792 nec
518 2753 566 2798 ne.
596 2744 624 2793 ct
651 2737 749 2793 horum
777 2737 897 2793 studium
924 2755 938 2792 a
962 2735 1054 2792 multis
1084 2745 1111 2792 ct
1132 2736 1237 2809 magnis
1260 2735 1421 2792 authoribus
1448 2736 1627 2810 improbatur.
1670 2738 1737 2793 Cum

446 2820 532 2893 igitur
554 2822 626 2895 quod
650 2822 809 2895 pontificum
832 2822 985 2878 authoritas
1008 2821 1089 2878 iussit
1110 2820 1273 2895 negligitur.
1302 2821 1384 2877 etde
1407 2840 1462 2894 quo
1484 2822 1651 2884 dubitatum,
1682 2823 1736 2877 imo

447 2906 518 2980 quod
550 2907 731 2982 improbatum
759 2915 814 2969 cst,
848 2907 874 2963 id
903 2906 992 2963 solum
1021 2906 1167 2981 recipitur,
1196 2923 1307 2962 neccsse
1335 2913 1377 2962 est
1405 2907 1539 2963 interdum
1567 2906 1737 2969 hallucinari,

445 2990 580 3048 somniare
603 2999 631 3048 et
652 2992 780 3048 ementire
802 2993 949 3065 magistros
972 2990 1049 3054 illos,
1073 2990 1171 3065 quilius
1194 2990 1219 3046 id
1242 3008 1325 3046 unum
1347 2991 1462 3047 debetur
1483 2992 1556 3065 quod
1577 3009 1631 3047 non
1647 2991 1737 3048 solum

445 3075 576 3133 hactenus
598 3077 727 3134 doctores
750 3076 784 3132 ab
806 3076 920 3134 ecclesia
942 3076 1044 3150 recepti
1068 3075 1212 3131 solidiores
1235 3093 1290 3131 non
1313 3075 1390 3139 lecti,
1419 3077 1466 3132 scd
1494 3075 1618 3151 plerique
1640 3077 1737 3151 depra-

444 3161 498 3217 vati
520 3169 585 3217 sunt
607 3171 689 3236 utque
713 3161 800 3218 mutili
823 3160 929 3219 redditi.
965 3169 1103 3217 taceamus
1126 3160 1169 3216 bis
1191 3159 1350 3217 auctoribus
1373 3160 1523 3235 pullulasse
1546 3161 1628 3234 longe
1643 3161 1737 3236 plures

445 3264 524 3320 quam
546 3265 673 3320 uinquam
695 3248 834 3303 damnatas
856 3247 940 3303 luisse
963 3246 1097 3308 haeresem
1128 3255 1263 3302 taceamus
1285 3245 1503 3302 Reucblinianam
1532 3247 1737 3303 infamationem

444 3341 472 3386 et
494 3349 566 3387 urum
588 3342 752 3406 praesentem
779 3332 847 3389 banc
869 3330 1127 3406 periculosissimam
1155 3331 1188 3386 de
1217 3331 1394 3404 indulgentiis
1422 3341 1504 3405 atque
1525 3333 1649 3388 censuris
1671 3351 1737 3406 apo·

445 3416 549 3472 stolicis
573 3417 797 3491 disceptationem
821 3418 863 3473 nis
885 3417 1048 3492 perniciosis
1071 3414 1215 3472 autoribus
1244 3417 1270 3471 in
1298 3416 1427 3473 anundum
1454 3434 1606 3473 emanasse:
1636 3417 1738 3490 quibus

443 3502 496 3556 nisi
519 3501 695 3558 beatitudinis
718 3512 813 3560 vestrm
836 3511 864 3559 et
886 3501 1173 3558 reverendissimorum
1195 3510 1303 3574 patrum
1330 3501 1463 3557 autoritas
1490 3501 1578 3575 legem
1601 3501 1737 3578 finemque

445 3587 617 3660 imposuerit,
641 3587 715 3644 brevi
739 3605 793 3644 non
817 3587 904 3644 solum
934 3586 1066 3661 imperitae
1095 3585 1275 3648 multitudini.
1304 3586 1349 3642 scd
1379 3595 1407 3642 et
1433 3587 1586 3663 principum
1614 3587 1737 3645 virorum

444 3671 495 3726 sibi
519 3689 611 3727 auram
635 3681 663 3728 et
685 3674 803 3728 favorem
828 3673 855 3728 in
878 3681 998 3728 mutuam
1021 3671 1167 3745 perniciem
1190 3671 1400 3745 comparabunt:
1424 3671 1522 3746 quibus
1545 3673 1568 3729 si
1590 3673 1737 3729 conniven-

444 3755 517 3811 tibus
540 3756 627 3812 oculis
649 3776 761 3832 campus
777 3766 888 3831 apertus
904 3766 986 3831 atque
1001 3755 1071 3812 liber
1086 3756 1252 3817 dimittatur,
1276 3756 1397 3812 futurum
1414 3766 1456 3813 est
1473 3766 1510 3819 ut,
1527 3759 1597 3831 quod
1615 3759 1736 3814 omnium
1765 3778 1767 3781 ’

443 3842 557 3897 manime
582 3843 608 3897 in
633 3843 702 3899 rotis
725 3842 838 3905 babent,
862 3860 912 3916 pro
936 3842 1046 3916 optimis
1069 3851 1104 3898 et·
1119 3841 1296 3897 sanctissimis
1318 3842 1477 3898 doctoribus
1500 3843 1616 3898 istorum
1633 3844 1735 3898 naenias

444 3945 501 4001 prae
525 3925 611 3983 oculis
635 3927 733 3983 babere
755 3936 871 4000 cogatur
895 3936 969 3984 totus
992 3927 1118 3983 mundus.
1164 3926 1226 3983 llaec
1247 3945 1299 4000 pro
1322 3926 1453 4001 singulari
1476 3935 1570 3983 nostra
1593 3928 1620 3983 in
1643 3928 1736 3984 sedem

426 4011 622 4086 ,apostolicam
645 4013 795 4068 reverentia
819 4011 979 4069 beatitudini
1004 4022 1099 4069 restrui
1122 4012 1344 4084 significavimus,
1369 4020 1399 4067 ut
1420 4013 1561 4069 sinceritas
1583 4013 1736 4070 Christiana

442 4097 596 4152 huiusmodi
626 4098 775 4154 temerariis
803 4096 1034 4172 disputationibus
1064 4105 1092 4153 ct
1114 4096 1244 4171 captiosis
1271 4097 1439 4169 argumentis
1473 4115 1527 4152 non
1563 4097 1677 4153 laedatur
1708 4108 1736 4155 et
1824 4104 1828 4112 '

441 4182 652 4239 scandalizetur:
666 4201 727 4239 nos
749 4184 821 4239 enim
844 4183 971 4257 quicquid
995 4182 1143 4256 superbis
1165 4189 1256 4237 sancte
1280 4183 1420 4245 statuerit,
1449 4182 1476 4237 in
1500 4183 1614 4258 imperio
1638 4192 1735 4239 nostro

441 4267 473 4323 ad
496 4267 601 4324 laudem
624 4276 651 4324 ct
672 4269 805 4325 bonorem
827 4269 869 4324 dei
893 4268 1090 4342 omnipotentis
1118 4275 1147 4323 ct
1166 4266 1386 4323 Cbristibdeliuua
1414 4267 1529 4325 salutem
1552 4267 1586 4324 ab
1608 4269 1735 4326 omnibus

439 4352 577 4408 observari
599 4354 736 4410 faciemus.

525 4438 618 4494 batum
643 4439 669 4494 in
691 4439 798 4496 civitate
822 4446 916 4494 nostra
932 4437 1062 4512 imperiali
1080 4439 1215 4510 Augusta,
1238 4438 1282 4493 die
1298 4439 1392 4511 quinta
1407 4439 1507 4494 mensis
1523 4440 1640 4512 Augusti
1656 4441 1735 4497 nnnc

440 4522 602 4580 mttxvttt.
626 4525 782 4598 llegnorum
806 4532 964 4580 nostrorum
987 4524 1099 4579 Romani
1121 4523 1389 4597 XXXlll.llm1gariae
1413 4541 1475 4579 vero
1498 4524 1584 4580 XXIX.

759 4608 953 4666 blanimilianus
976 4608 1065 4664 divina
1088 4608 1194 4665 favente
1216 4608 1358 4666 clementia
1382 4609 1563 4665 Romanorum
1586 4610 1648 4666 lter.

506 4823 529 4858 ¹⁰
546 4827 649 4877 Leonis
661 4829 715 4877 I‘P.
729 4827 776 4878 1v.
786 4842 852 4886 can.
867 4825 889 4876 l.
903 4825 966 4875 dist.
980 4826 1038 4874 xm?
1053 4824 1090 4886 (a.
1104 4824 1175 4888 850.)
