4300 6059
819 1377 1000 1440 VLRICHVS
1023 1377 1070 1438 DE
1093 1375 1245 1437 HWTEN
1267 1375 1387 1448 EQVES

804 1496 989 1548 osnuuurs
1025 1496 1186 1547 ouumvs
1221 1495 1400 1545 snnvrrnr.

400 1686 447 1736 tr.
481 1696 484 1701 ·
542 1671 619 1732 Ecce
647 1669 729 1731 vobis
758 1670 864 1730 Leonis
887 1669 997 1730 Decimi
1020 1668 1150 1738 Bullam,
1181 1669 1234 1727 viri
1257 1669 1412 1735 Germani,
1443 1685 1500 1744 qua
1528 1675 1748 1751 remergcnterp

457 1773 505 1834 ille
528 1775 678 1834 veritatem
694 1771 888 1832 Christianam
910 1772 1056 1832 remorari
1078 1779 1217 1842 conatur,
1238 1787 1327 1849 quam
1348 1768 1504 1846 respiranti
1525 1767 1612 1845 longa
1628 1769 1747 1830 laudem

458 1876 676 1955 compressione
699 1854 827 1934 libertati
848 1883 971 1943 nostrae,
993 1891 1032 1934 ne
1054 1873 1131 1933 vires
1151 1872 1276 1951 recipiat
1298 1888 1332 1932 ac
1354 1868 1440 1951 plane
1455 1872 1621 1940 reviviscat,
1646 1869 1770 1932 obiicit⁵

458 1986 486 2037 et
509 1978 640 2057 opponit.
686 1975 738 2036 Cui
766 1992 821 2035 nos
849 1972 917 2036 talia
938 1972 1070 2035 molienti
1092 1992 1151 2033 non
1174 1970 1360 2044 obsistimus,
1389 1980 1440 2034 sut
1467 1971 1585 2052 publico
1613 1972 1747 2043 consilio,

457 2097 495 2138 ne
517 2078 635 2155 longius
656 2077 797 2158 pervadat
818 2082 890 2138 neve
912 2076 1023 2154 aliquid
1045 2093 1101 2154 pro
1124 2074 1250 2137 hominis
1277 2074 1427 2155 irrequieti
1455 2075 1614 2154 cupiditate
1642 2084 1672 2135 et
1694 2095 1747 2135 au·

400 2198 445 2248 ιτ.
458 2180 540 2241 dacia
564 2179 685 2248 efficiat,
709 2177 801 2241 multo
822 2184 890 2238 ante
912 2177 1066 2239 cavemus?
1089 2174 1195 2247 Quaeso
1216 2196 1268 2238 vos
1289 2195 1345 2256 per
1366 2176 1561 2239 immortalem
1585 2176 1746 2248 Christum,

456 2281 574 2360 quando
596 2289 797 2360 opportunum
819 2282 913 2359 magis
940 2270 1057 2360 tempus
1086 2279 1154 2350 luit,
1185 2279 1301 2359 quando
1330 2278 1434 2341 melior
1461 2279 1576 2340 occasio
1604 2280 1685 2340 dedit
1712 2299 1747 2341 se

454 2382 563 2461 aliquid
586 2384 733 2444 Germano
756 2381 877 2461 dignum
899 2383 1019 2443 nomine
1046 2381 1187 2460 gerendi?
1216 2379 1320 2441 Omnia
1349 2380 1451 2443 videtis
1480 2401 1515 2442 eo
1545 2382 1682 2451 tendere,
1712 2390 1747 2443 ut
1759 2392 1782 2431 ¹⁰

455 2503 523 2564 spes
545 2485 597 2554 sit,
621 2492 727 2565 quanta
751 2500 902 2562 nunquam
916 2485 1014 2564 prius,
1038 2485 1197 2545 extinctum
1212 2484 1249 2543 iri
1263 2482 1340 2544 hanc
1354 2483 1552 2563 tyrannidem,
1576 2484 1623 2544 isti
1638 2482 1746 2544 morbo

396 2605 443 2656 ca.
455 2586 632 2647 medicinam
655 2586 831 2647 adiuturam.
876 2573 959 2658 Quod
983 2586 1088 2653 audete
1114 2585 1232 2645 tandem
1260 2603 1295 2646 ac
1321 2584 1468 2664 perficite!
1503 2583 1568 2644 Non
1595 2584 1746 2647 Luthcrus

453 2689 548 2768 agitur
571 2688 628 2748 lroc
650 2690 680 2749 iu
703 2690 837 2767 negotio,
861 2689 912 2750 sed
935 2688 970 2749 ad
994 2706 1097 2748 omnes
1119 2689 1261 2766 pertinet,
1284 2685 1425 2766 quicquid
1441 2693 1499 2754 est;
1522 2703 1577 2746 nec
1596 2687 1626 2745 iu
1649 2705 1745 2747 unum

452 2792 620 2869 quempiam
643 2789 691 2850 hio
713 2791 866 2870 stringitur
887 2790 1016 2869 gladius,
1045 2790 1096 2850 sed
1119 2788 1236 2867 publice
1264 2805 1486 2869 oppugnamur:
1516 2788 1620 2850 nolunt
1647 2789 1744 2851 recla-

452 2894 527 2952 mari
548 2910 608 2952 suae
631 2891 792 2971 tyrannidi,
815 2910 884 2953 suas
906 2891 1024 2953 fraudes
1040 2891 1138 2970 detegi
1153 2890 1272 2960 nolunt,
1295 2908 1424 2970 suosque
1439 2891 1548 2969 aperiri
1564 2891 1662 2961 lucos,
1688 2906 1778 2952 soors

395 2993 547 3066 primori
570 2993 771 3068 obsisti,‚snao
791 3001 968 3072 grassaturas
990 2993 1230 3072 impedimentum
1258 2992 1332 3054 lieri.
1376 2992 1440 3054 lloc
1468 2994 1564 3072 ipsum
1591 3000 1636 3052 est
1663 2994 1743 3072 quod

450 3095 638 3173 indignantur
661 3097 799 3174 quodque
821 3095 952 3157 fremunt
973 3113 1067 3172 usque
1090 3095 1179 3165 adeo,
1202 3102 1235 3155 ut
1255 3112 1288 3156 se
1309 3095 1428 3155 minime
1451 3095 1559 3155 decore
1581 3103 1669 3172 agant
1691 3095 1742 3156 ibi.

450 3194 534 3266 Quod
557 3197 711 3258 manifeste
734 3197 865 3260 videntes
886 3215 952 3268 vos,
975 3197 1045 3277 quid
1070 3196 1188 3259 tandem
1210 3196 1320 3276 agetis?
1342 3196 1422 3274 quod
1441 3194 1595 3256 consilium
1611 3196 1744 3257 inibitisl

449 3299 495 3358 lle
518 3299 636 3378 quidem
658 3299 683 3358 si
706 3299 842 3370 audietis,
866 3300 1030 3361 Germanos
1052 3316 1117 3360 esse
1138 3316 1189 3359 vos
1210 3298 1411 3360 memineritis
1450 3296 1521 3367 Quae
1537 3317 1593 3359 uua
1602 3292 1743 3360 commo·

392 3425 438 3475 μὴ
451 3401 521 3460 nitio
543 3401 613 3462 satis
635 3419 699 3461 esse
722 3399 825 3471 debet,
856 3407 888 3462 ut
916 3401 980 3463 hmo
1003 3401 1163 3462 vindicetis.
1207 3399 1270 3478 Ego
1298 3417 1378 3462 nunc
1405 3407 1502 3460 vestro
1533 3407 1562 3460 et
1590 3403 1777 3462 communion

450 3502 568 3562 nomine
596 3501 762 3580 periclitor,
795 3502 847 3564 sed
876 3502 1017 3565 libenter:
1046 3503 1175 3582 primum
1203 3503 1282 3565 enim
1313 3502 1382 3564 laeti
1408 3503 1545 3562 conscius
1572 3501 1644 3562 milri
1674 3522 1742 3564 snm

448 3601 655 3680 pulcherrimi;
686 3604 792 3665 deinde
814 3620 873 3665 non
895 3623 983 3685 spero
1006 3605 1080 3674 iam,
1109 3604 1160 3665 sed
1189 3622 1244 3682 pro
1267 3611 1349 3665 certo
1371 3603 1467 3665 habeo
1497 3605 1599 3673 etiam,
1636 3623 1743 3667 omnes

390 3728 437 3779 pe,
450 3722 500 3763 vos
522 3705 624 3765 eadem
640 3704 795 3784 aliquando
811 3725 936 3767 ausuros
952 3726 1076 3772 ruscum,
1114 3707 1181 3766 llaec
1198 3725 1267 3768 vero
1283 3704 1366 3766 Bulla
1383 3715 1416 3766 ut
1431 3703 1633 3785 publicaretur
1648 3724 1741 3776 rrurrc,

448 3806 555 3866 autlror
577 3806 618 3867 lui
639 3807 677 3867 ob
699 3808 745 3879 id,
769 3816 802 3869 ut
823 3827 890 3868 cum
913 3809 1063 3887 legeretis
1088 3808 1172 3869 lacile
1195 3809 1231 3868 alr
1249 3827 1305 3868 rrua
1322 3807 1475 3869 disceretis
1490 3825 1603 3868 omues.
1628 3806 1739 3869 Valere.

704 3995 774 4045 Vide
792 3995 916 4046 Iudicem
933 3996 1119 4062 bibliograph.
1138 3997 1252 4046 llutten.
1272 4010 1344 4043 num.
1363 3995 1477 4045 XXXII.

513 4147 605 4197 Verbo
623 4149 726 4198 Leonis
744 4149 778 4198 X.
793 4151 876 4199 armis
894 4150 922 4199 in
941 4151 1029 4201 fronte
1049 4148 1137 4199 libelli
1161 4148 1370 4213 circumscripto
1395 4164 1428 4198 ex
1447 4149 1548 4201 Psalm.
1562 4151 1679 4200 XLllll.
1696 4149 1736 4200 10.

444 4231 588 4297 desumpto
611 4237 688 4295 sont,
713 4234 758 4297 qui
782 4235 932 4284 seeundum
957 4236 1109 4285 versionem
1133 4234 1278 4299 vulgatam
1301 4234 1341 4282 sie
1360 4233 1445 4283 habet
1464 4236 1579 4284 “Astitit
1602 4236 1701 4301 regins
1721 4251 1738 4285 s

444 4316 548 4366 dextris
566 4318 620 4366 tuis
638 4307 666 4366 iri
685 4319 788 4368 vestitu
805 4320 949 4382 deaurato,
969 4320 1139 4369 circumdata
1157 4317 1323 4369 varietate*

511 4397 533 4433 ²⁴
551 4401 655 4466 Vergil.
669 4403 736 4452 Aen.
751 4403 785 4455 11.
798 4401 840 4455 65.
853 4419 893 4467 sq.
917 4404 1041 4468 „decipe
1064 4419 1136 4453 nunc
1155 4405 1282 4454 Densum
1306 4403 1422 4452 insidias
1445 4409 1473 4453 et
1491 4405 1605 4455 erimine
1625 4406 1661 4455 sb
1680 4421 1736 4456 uno

443 4485 528 4534 Disce
546 4485 667 4536 omues.''
