4300 6059
432 737 434 742 ,
458 675 528 745 172
551 700 576 740 ''·¹·
590 706 768 743 exuourtnto
782 708 818 742 ΔΙ)
831 708 977 744 Pntuctl’ue
991 707 1025 742 NB
1039 708 1067 744 tu
1082 675 1528 752 nactur.rnnanmcontstatlntm.
1541 701 1635 746 &1518-

387 873 531 929 §.tessere
553 866 630 930 lites,
654 867 762 940 quietos
785 866 959 941 perturbare,
988 867 1106 941 denique
1126 865 1224 924 eoelum
1244 884 1304 923 eum
1334 874 1405 923 terra
1433 868 1615 927 confundere?
1642 871 1736 928 Nonne

454 972 469 1008 e
491 953 609 1009 Romana
631 951 775 1026 ltalieaquo
798 951 921 1026 proluvie
945 952 1123 1008 ista-sentina
1146 951 1172 1007 in
1194 951 1288 1008 urltem
1311 959 1444 1008 terrarum
1459 970 1518 1010 sese
1534 955 1643 1020 effudit,
1666 957 1734 1012 adeo

455 1046 486 1094 ut
507 1055 540 1093 ue
563 1036 648 1093 saltus
671 1046 698 1093 et
720 1036 820 1111 sylvae,
843 1037 888 1093 ulti
911 1036 998 1093 lustra
1020 1037 1139 1094 ferarum
1162 1044 1265 1093 mutum
1287 1052 1348 1093 esse
1369 1036 1483 1100 dixeris,
1512 1038 1565 1097 hoa
1595 1040 1666 1098 malo
1688 1059 1733 1098 ea·

452 1124 547 1179 aeaut?
569 1122 718 1196 Episcopus
740 1122 837 1178 merito
857 1129 1054 1179 sacrosanctos
1081 1139 1141 1178 esse
1159 1120 1304 1187 'ducimua;
1331 1121 1379 1177 sed
1406 1123 1538 1197 prodeant
1560 1122 1664 1200 qualus
1680 1134 1734 1183 est

454 1207 539 1264 illesa
561 1224 609 1264 sua
632 1208 796 1269 auotoritas,
829 1216 857 1263 et
885 1208 957 1264 huno
984 1207 1066 1263 veluti
1089 1207 1188 1264 bouum
1210 1206 1287 1264 valde
1309 1223 1400 1263 rarum
1422 1207 1519 1265 merito
1541 1210 1755 1285 suspiciemust

385 1289 511 1349 l·¹⁸·llon
533 1300 598 1349 suut
624 1291 706 1366 longe
732 1293 846 1370 peteuda
874 1292 1010 1367 exempla,
1038 1293 1159 1350 sermoni
1186 1309 1247 1350 meo
1275 1290 1354 1348 fidem
1380 1291 1527 1351 conciliant
1548 1312 1598 1351 res
1625 1305 1730 1353 vestre.

451 1385 514 1434 aute
537 1394 630 1434 omues
653 1384 806 1452 protectum
829 1395 889 1434 esse
916 1377 1226 1453 oportuitepiseupum
1252 1375 1476 1450 Bambergeusem
1505 1379 1538 1435 ab
1565 1379 1614 1438 hae
1644 1389 1730 1456 peste,

416 1467 422 1477 '
451 1462 487 1518 ol)
509 1462 628 1536 ingentia
650 1463 720 1519 dona
742 1463 768 1518 in
791 1461 867 1522 ltalia
888 1461 1011 1520 Pontilici
1032 1461 1132 1536 largita
1153 1460 1188 1519 ab
1203 1461 1328 1518 lleinrieo
1351 1461 1527 1535 imperatore,
1552 1482 1606 1539 quo
1621 1465 1729 1522 domum

451 1562 527 1604 suam
549 1556 644 1605 eontra
666 1549 797 1605 Romanas
820 1548 1016 1604 incursatioues
1039 1546 1203 1604 obarmatam
1226 1555 1425 1621 postmortem
1448 1564 1522 1604 suam
1545 1549 1728 1624 relinqueret:

451 1632 594 1689 verebatur
615 1633 655 1687 vir
675 1633 803 1707 providus
827 1633 851 1688 id
875 1633 948 1707 quod
970 1640 1064 1706 postea
1087 1632 1196 1695 nocido,
1219 1631 1375 1688 latrocinari
1389 1632 1472 1706 erepit
1487 1635 1657 1709 superstitio,
1680 1637 1727 1693 sed
1740 1647 1763 1691 ιο

453 1717 571 1774 noudum
593 1726 667 1774 tauta
688 1727 747 1775 erat
768 1735 801 1775 eo
828 1716 943 1775 saeculo:
974 1716 1103 1775 violatum
1129 1718 1171 1776 ius
1198 1725 1241 1774 est
1267 1726 1297 1773 st
1327 1733 1381 1773 non
1409 1725 1514 1774 servata
1542 1718 1608 1777 lidos
1635 1728 1730 1778 saneto

384 1799 519 1859 tta-seni.
564 1803 615 1860 Sed
638 1803 701 1877 quid
723 1821 775 1877 ego
798 1804 850 1860 ista
872 1820 1053 1860 commemoro
1076 1821 1137 1877 quae
1151 1801 1383 1868 declamationum
1405 1811 1562 1875 argumenta
1583 1807 1732 1880 superant?

329 1895 335 1902 ’
451 1889 483 1944 ad
501 1888 662 1955 institutum
690 1906 843 1945 sermonem
870 1888 962 1944 redeo.
1000 1888 1113 1944 Tuream
1139 1887 1286 1962 profligare
1313 1886 1409 1943 vultis:
1442 1885 1523 1946 laudo
1550 1890 1730 1964 propositum,

450 1973 497 2030 sed
520 1974 691 2030 vehementer
712 1973 809 2030 vereor*
829 1990 863 2029 ne
885 1973 982 2029 erretis
1006 1973 1178 2030 innomine:
1207 1973 1234 2029 in
1259 1970 1334 2028 ltalia
1362 1971 1489 2046 quaerite,
1517 1990 1572 2030 non
1599 1975 1627 2031 iu
1654 1976 1730 2031 Asia:

399 2126 404 2135 ι
450 2058 544 2115 eduma
567 2057 712 2114 Asiaticum
735 2058 851 2133 quisque
873 2065 1031 2114 nostrorum
1052 2075 1148 2131 regum
1170 2075 1221 2132 pro
1244 2056 1342 2113 linibus
1363 2057 1420 2113 suis
1440 2056 1615 2116 defendendis
1637 2077 1687 2134 per
1701 2069 1767 2116 sete

450 2143 595 2206 satiasset:
617 2142 650 2198 ad
671 2142 786 2199 alterum
809 2160 873 2199 vero
892 2142 1056 2214 domandum
1078 2150 1154 2200 totus
1176 2142 1251 2199 orbis
1272 2134 1655 2205 chistianus-umisoffioit:
1685 2144 1732 2201 ille

450 2227 653 2301 cutp··iinitimis
676 2228 837 2302 quaudoque
860 2226 1026 2284 tumultuans
1048 2227 1128 2285 nohis
1150 2229 1269 2285 nondum
1291 2222 1602 2310 amenitatis-‚Qus
1624 2246 1731 2304 grassa·

451 2322 497 2370 tur
517 2306 545 2369 εἰ
566 2312 724 2386 sauguinem
746 2312 907 2370 miserorum
930 2313 1003 2376 sitit;
1030 2312 1103 2369 laune
1123 2312 1269 2370 Cerberum
1295 2311 1396 2369 uullo'
1437 2374 1441 2381 ,
1481 2312 1483 2317 ’
1548 2312 1559 2317 ”
1574 2306 1581 2387 ζ
1711 2316 1716 2325 ’

451 2398 503 2453 uisi
527 2415 610 2455 aureo
632 2397 728 2462 lluvio;
756 2397 824 2458 nihil
847 2397 1038 2459 ormis.'nilril
1060 2400 1179 2456 exercitu
1202 2415 1271 2472 opus
1301 2405 1359 2459 est,
1387 2395 1484 2472 pluas*
1562 2401 1565 2407 '

383 2481 531 2556 §.liquam
554 2482 675 2556 equitum
698 2491 793 2539 turtum
815 2491 843 2539 et
872 2481 987 2538 militum
1015 2485 1109 2559 eopiae.
1152 2482 1254 2557 llupler
1282 2481 1348 2538 milri
1375 2475 1485 2564 ridetur
1505 2474 1554 2545 fria'
1579 2484 1767 2560 propositaau

449 2567 513 2622 dum
536 2584 591 2624 rem
618 2566 777 2641 diligentius
805 2567 969 2642 eonspdero,
998 2586 1061 2638 una
1080 2587 1141 2643 que
1169 2563 1278 2625 iubente
1307 2564 1624 2641 superstitiosissimus
1652 2570 1731 2644 petil.

449 2651 617 2727 alteraque
641 2653 817 2710 renuentibus
844 2651 982 2709 Pontifieis
1012 2653 1115 2711 fulmen
1142 2654 1267 2710 minatur.
1310 2661 1398 2710 utram
1426 2650 1521 2715 vultis,
1550 2653 1731 2727 ingredimini.
1752 2667 1767 2696 0

449 2737 495 2793 sed
519 2756 535 2793 o
558 2737 667 2794 stultam
697 2747 728 2794 et
753 2737 972 2812 superstitiosam
1001 2740 1157 2812 opinionem
1185 2738 1353 2801 cedentium
1379 2735 1489 2796 celeste
1517 2730 1733 2797 numeit‘otunia

451 2823 537 2896 aequis
560 2822 645 2880 oeulis
668 2824 775 2880 intuens
797 2824 829 2879 ad
852 2829 949 2880 nutum
971 2822 1191 2900 llloreut'inorum
1212 2825 1284 2881 lieeti
1298 2831 1327 2879 et
1341 2823 1459 2887 reflecti.
1484 2822 1563 2897 irasei
1577 2841 1633 2880 nou
1647 2824 1731 2887 danti,

382 2900 439 2952 Μ’·
450 2917 478 2964 et
499 2924 608 2965 rursum
630 2907 757 2981 largienti
769 2907 889 2982 'placari
933 2908 992 3006 ¹¹⁰0
1014 2917 1056 2967 est
1063 2909 1177 2991 ‚curisti
1198 2908 1290 2967 dearii
1305 2907 1406 2965 fulmen
1421 2909 1660 2972 contemnendum,
1684 2910 1767 2968 sedne

450 3000 477 3049 et
499 3009 553 3049 uon
576 3010 683 3067 semper
705 2993 738 3050 alr
760 2992 833 3049 illius
857 2994 928 3052 'otu
948 2995 1207 3068 pertimescendum,
1236 2993 1389 3069 praesertim
1417 3010 1478 3050 eum
1500 3011 1545 3050 res
1567 2995 1659 3069 agitur
1680 3012 1731 3069 pro

448 3077 573 3134 humanis
595 3077 751 3135 ali'eetiltus:
780 3079 857 3135 Chris
908 3079 1120 3153 indignationem
1147 3097 1259 3142 vereor,
1289 3079 1507 3165 Florentiprum
1536 3096 1590 3136 nou
1619 3096 1731 3136 vereor:

448 3162 500 3219 iam
523 3180 585 3219 vero
608 3162 828 3220 Florentinorunt
851 3164 990 3237 negotium
1013 3166 1117 3238 agitur,
1140 3182 1194 3222 non
1210 3165 1317 3221 Christi.
1355 3162 1497 3238 Superiori
1512 3171 1605 3220 aestate
1622 3173 1731 3239 surrqttu

515 3345 714 3399 ¹eornt'a.2..3.
749 3347 905 3412 ltalieaque
917 3349 986 3400 omia.
1000 3348 1047 3413 Sp.
1083 3349 1258 3398 seaeantein
1270 3348 1432 3398 hdbeotedd
1478 3345 1576 3397 ¹silue
1589 3346 1635 3411 Sp.
1683 3347 1733 3396 du-

432 3421 522 3480 aeris
534 3429 580 3495 Sp.
593 3434 682 3481 1.5.6.
729 3429 872 3483 ¹dicimus
890 3434 949 3482 edd.
996 3432 1137 3498 prodeant,
1151 3433 1200 3482 sed
1213 3433 1288 3497 quib.
1302 3436 1328 3483 3.
1380 3430 1543 3481 ⁵autoritas
1556 3435 1580 3481 1.
1616 3432 1732 3482 auth.2.

447 3515 528 3566 valde
548 3520 575 3565 et
586 3517 646 3566 edd.
686 3516 876 3581 suscipiemus.
906 3520 946 3566 .6.
987 3516 1075 3567 ¹meo
1095 3516 1331 3567 concordantis.
1378 3515 1491 3566 'Luem
1509 3518 1579 3566 Ante
1598 3533 1730 3567 omnes..

448 3605 545 3651 saneto
563 3601 631 3650 seni.
650 3601 771 3664 ineptes.
787 3520 936 3735 θηεέι
953 3602 1032 3662 5.24.
1051 3602 1128 3651 uerba
1149 3602 1307 3666 praestigias
1326 3601 1450 3665 aucupii,
1474 3615 1524 3650 noa
1539 3601 1580 3650 ltie
1597 3604 1689 3665 legitor
1707 3605 1733 3650 in

448 3687 510 3749 Sp.‚·
522 3688 600 3735 locam
611 3687 709 3735 omnino
722 3688 821 3737 omtir.2.
829 3689 856 3736 3.
869 3686 878 3748 (
910 3687 956 3750 ἠ.
993 3687 1078 3752 episc.
1091 3686 1186 3736 llamb.
1201 3691 1257 3735 tum
1269 3684 1464 3749 luitGeorgius
1476 3684 1603 3735 Schenek
1617 3685 1730 3735 deLim·

447 3771 525 3835 burg.
544 3768 648 3831 'sim
684 3770 895 3846 dombergesem
908 3774 931 3823 1.
967 3770 1215 3822 ¹llenrieol.5.6.
1252 3770 1390 3820 Henrieus
1402 3771 1439 3820 11.
1454 3784 1479 3818 a.
1496 3767 1569 3819 toou.
1586 3770 1731 3837 episcopa-

446 3860 503 3904 tum
514 3855 746 3921 Bambergeusem
765 3854 892 3905 fundavit
909 3857 1181 3921 possessionibusque
1201 3871 1234 3905 ne
1252 3854 1402 3905 honoribus
1420 3850 1611 3920 locupletavit.
1625 3855 1731 3906 celm-

447 3940 536 4004 dewig
548 3939 619 3990 Serr.
633 3955 684 3993 rer.
698 3940 794 3989 Bamb.
808 3945 872 3990 tom.
886 3941 908 3993 1.
927 3941 1049 4015 pllsq.
1068 3946 1133 3992 tom.
1142 3941 1177 3991 11.
1190 3939 1281 4005 pate.
1333 3938 1348 3969 ¹¹
1361 3940 1452 3991 Rosos
1470 3940 1622 3990 inuisiones
1636 3944 1659 3991 1.
1679 3941 1732 4005 (in-

447 4023 587 4075 cursiones
605 4025 642 4086 5.)
666 4024 699 4073 eb
719 4029 850 4074 anuatam
868 4024 914 4090 Sp.
967 4027 1001 4076 ob
1020 4031 1151 4076 aunatm
1163 4025 1304 4092 Besalem
1349 4022 1368 4055 ¹¹
1388 4021 1433 4090 eo]
1452 4024 1481 4074 in
1499 4027 1584 4074 ΛΜ.
1627 4030 1683 4087 est,
1703 4031 1733 4075 ut

445 4125 516 4160 serv.
536 4113 622 4160 1.5.6.
637 4124 784 4184 perperqm.
820 4107 841 4141 ¹²
859 4109 1055 4160 declinationis
1068 4114 1091 4161 1.
1111 4108 1321 4160 deelamationis
1335 4113 1404 4162 2...5.
1446 4105 1513 4174 angl
1533 4110 1661 4176 exempla
1672 4112 1733 4161 edd.

448 4193 468 4225 ¹⁵
486 4198 615 4260 regemd.
664 4193 685 4226 ¹⁷
703 4192 848 4259 quandoq]
868 4197 1046 4260 quoqueedd.
1095 4193 1114 4226 ¹¹
1132 4193 1202 4243 nihil
1221 4209 1310 4245 exere.
1323 4210 1370 4244 ont.
1383 4195 1429 4258 Sp.
1476 4192 1588 4259 nummi]
1607 4196 1743 4246 Decimae-

442 4282 502 4350 ao.
542 4268 643 4328 nummi
654 4280 778 4329 Decimae
795 4286 855 4329 cett.
867 4282 928 4331 edd.
963 4279 984 4312 ¹¹
1004 4280 1228 4331 considerol...d.
1268 4280 1326 4329 Vna
1338 4277 1392 4345 Sp.'
1403 4279 1491 4329 Vnam
1503 4283 1528 4333 2.
1537 4283 1564 4330 3.
1610 4278 1733 4330 ”altera

446 4365 492 4429 Sp.
540 4379 599 4428 quse
611 4367 680 4415 omia.
695 4369 719 4412 2.
728 4367 754 4414 3.
802 4366 998 4415 rennuentibus
1010 4368 1036 4418 2.
1088 4362 1111 4395 ¹¹
1128 4363 1246 4429 legienti
1257 4367 1283 4413 2.
1334 4363 1357 4394 ²⁸
1375 4368 1484 4415 storria.
1498 4366 1557 4415 edd.
1604 4365 1640 4416 ad
1659 4363 1733 4416 illius

447 4450 558 4500 iactd3.
592 4446 840 4507 ¹¹Forentin0m2.
858 4435 1164 4514 Florentinorumqued.
1200 4439 1450 4500 “l'lorentiaem
1485 4445 1733 4515 §milsupsriori

445 4539 544 4585 testate
561 4530 622 4598 ete]
644 4532 710 4596 PSQ
723 4536 746 4596 5.
760 4534 798 4585 ts.
810 4549 868 4600 sqq.
891 4535 1078 4598 „Franciseus
1095 4534 1215 4583 Urbinas
1233 4532 1407 4583 Urbinatium
1424 4534 1493 4596 dtu,
1515 4534 1578 4584 dum
1597 4550 1615 4583 a
1632 4539 1733 4600 nepote

445 4617 584 4684 pontificis
596 4618 698 4668 Leonis
709 4621 742 4668 X.
757 4620 941 4685 impeteretur,
955 4619 1066 4683 suisque
1079 4622 1153 4668 esset
1165 4635 1180 4669 e
1193 4618 1304 4669 sedibus
1316 4617 1503 4682 depellendus,
1523 4619 1632 4669 obstitit
1644 4620 1733 4685 quoad

445 4704 547 4770 potuit,
623 4719 657 4753 eo
674 4705 791 4755 maxime
810 4703 880 4768 qued
898 4703 1017 4753 omnium
1035 4718 1102 4754 sane
1121 4703 1298 4753 sentientium
1363 4703 1466 4754 indieio
1489 4703 1626 4754 naturalis
1642 4704 1733 4754 haeres

443 4788 503 4854 ipse
523 4791 608 4849 esset,
632 4787 756 4853 nihilque
774 4788 810 4838 ad
826 4786 1013 4839 Florentinum
1032 4788 1109 4838 illum
1126 4788 1305 4837 Laurentium
1323 4786 1356 4837 de
1374 4787 1427 4839 hoe
1451 4789 1608 4854 principatu
1630 4790 1732 4839 attine-

445 4878 496 4944 ret.
526 4873 574 4923 ubi
592 4873 677 4938 igitur
688 4873 747 4923 Leo
765 4888 827 4923 eum
839 4873 896 4923 suis
912 4871 1083 4923 Florentinis
1099 4873 1182 4936 louge
1195 4888 1228 4922 ac
1241 4872 1300 4936 ipse
1312 4878 1483 4936 speraverat,
1503 4873 1603 4924 bellurn
1616 4874 1734 4925 vidisset

444 4957 567 5022 protrahi
585 4959 778 5022 impensasque
797 4957 903 5007 indies
922 4959 1031 5022 augeri,
1051 4958 1106 5008 iam
1125 4972 1195 5028 pene
1214 4957 1370 5007 exinanitus
1387 4957 1460 5008 hane
1479 4969 1563 5008 anem
1582 4974 1637 5024 qua
1654 4972 1731 5009 num·

446 5057 504 5092 mos
522 5046 702 5106 aggregaret,
724 5039 837 5092 tandem
853 5042 1049 5107 excogitavit”.
