4300 6059
450 689 524 760 254
561 719 697 755 naculum
711 720 884 754 BARTHOLINI
899 719 1000 755 ORATIO
1015 721 1049 754 DE
1064 720 1254 756 uxrnmntorttr
1268 720 1377 755 coum
1390 718 1495 756 TVROAB
1509 719 1702 757 svscu‘mm.

450 878 598 940 rarissent,
626 876 901 953 paulatimquc.enm
929 879 962 934 ad
992 881 1050 934 ocia
1078 887 1105 934 ct
1135 879 1278 952 segnitiem
1310 877 1431 935 bellicam
1455 879 1587 935 maiorum
1609 880 1737 935 virtutem

381 962 667 1025 §.ta.traustulissent,
696 979 809 1036 regnum
839 964 960 1020 amisere.
1006 964 1055 1020 Sed
1087 972 1168 1037 quota
1193 963 1249 1020 baec
1272 963 1420 1020 Germaniae
1450 965 1530 1038 pars?
1557 973 1646 1020 tamen
1674 964 1737 1037 qnia

450 1047 633 1122 magnitudine
656 1065 686 1103 ac
709 1046 797 1120 gloria
820 1065 910 1104 rerum
934 1049 1114 1122 gerendarum
1142 1050 1290 1104 concordes
1318 1046 1398 1104 animi
1427 1048 1563 1111 serebant.
1592 1047 1658 1104 nihil
1682 1065 1738 1104 non

450 1133 589 1189 Germanis
612 1132 768 1207 superabile
789 1133 947 1196 videbatur,
971 1152 1001 1190 ac
1024 1133 1091 1189 nihil
1114 1135 1205 1189 minus
1227 1133 1381 1206 superabile
1403 1151 1482 1207 quam
1505 1134 1644 1189 Germani:
1667 1134 1738 1189 unde
1805 1123 1809 1130 ⁴

449 1218 537 1291 adagii
563 1216 626 1274 loco
654 1217 746 1274 baberi
774 1228 892 1301 creptum
921 1228 964 1275 est
986 1219 1045 1286 ‘Qui
1068 1218 1137 1274 malo
1160 1235 1282 1293 pugnare
1304 1218 1413 1286 volunt,
1443 1236 1503 1274 cum
1527 1219 1665 1274 Germanis
1687 1234 1761 1293 pua

449 1297 551 1377 gnent’
595 1303 737 1360 Paticmini
759 1319 826 1377 ergo
848 1322 911 1367 vos,
934 1313 966 1360 ut
987 1306 1033 1377 qui
1056 1303 1131 1360 soliti
1153 1304 1220 1360 estis
1242 1303 1311 1359 alios
1333 1304 1440 1359 vincere
1461 1321 1492 1360 ac
1514 1304 1574 1360 aliis
1596 1306 1738 1378 imperare.

450 1389 566 1451 luccas.
590 1401 676 1462 genus
699 1388 854 1444 mortalium
876 1388 1100 1445 scelestissimum
1123 1407 1153 1446 ac
1175 1388 1405 1451 crudelissimum,
1436 1389 1512 1445 vobis
1538 1389 1739 1463 imperaturos?

450 1473 589 1549 patiemini
612 1473 757 1548 pristinum
781 1473 877 1547 gloriae
900 1474 1072 1548 splendorem
1096 1483 1150 1530 tam
1173 1473 1250 1531 facile
1274 1473 1445 1529 obnubilari?
1467 1474 1606 1548 patiemini
1629 1473 1740 1546 religio-

450 1575 512 1615 nem
535 1567 657 1615 nostram
685 1577 717 1615 ac
744 1557 844 1615 Christi
873 1558 951 1614 sidem
981 1558 1135 1615 conculcari
1164 1568 1247 1632 atque
1276 1559 1302 1613 in
1325 1568 1378 1615 tam
1402 1559 1560 1632 nephandos
1583 1559 1653 1614 ritus
1674 1572 1740 1614 con-

383 1643 540 1707 §.at.rcrtil
562 1643 614 1700 Per
635 1662 687 1717 ego
709 1643 812 1700 divinas
834 1644 967 1701 maiorum
991 1653 1141 1700 vestrorum
1164 1643 1274 1700 umbras
1295 1660 1366 1717 rogo
1381 1652 1462 1717 atquc
1478 1642 1618 1717 supplico,
1641 1643 1776 1715 erigitero

452 1730 504 1786 iam
527 1730 644 1790 animos,
674 1746 770 1785 eorum
796 1730 913 1803 vestigia*
933 1730 1087 1792 imitemini,
1116 1729 1237 1802 illudque
1258 1730 1286 1783 in
1308 1729 1403 1802 primis
1425 1729 1609 1791 considerate.
1638 1730 1665 1784 in
1688 1729 1741 1784 bot

453 1822 543 1871 restro
566 1813 732 1890 amplissimo
755 1823 889 1871 conventu
913 1816 1032 1872 omnium
1054 1816 1136 1870 vitam
1152 1831 1182 1871 ac
1197 1815 1335 1870 fortunam
1350 1814 1466 1887 positam
1481 1832 1556 1875 csse;
1578 1814 1632 1868 buc
1646 1831 1741 1869 omnes

453 1899 604 1973 respiciunt
626 1900 764 1975 principes
786 1907 983 1973 expectantque
1006 1900 1070 1974 quid
1094 1900 1199 1955 tandem
1221 1899 1284 1955 binc
1312 1900 1425 1955 oriatur.
1470 1897 1529 1954 Non
1557 1899 1644 1971 ignari
1672 1915 1740 1971 crgo

453 1986 535 2047 estis,
567 1992 667 2059 quanta
690 1984 726 2040 sit
748 1985 896 2040 auctoritas
919 1993 1020 2047 vestro,
1050 1994 1077 2041 ct
1106 1994 1234 2059 quantum
1263 1983 1405 2039 dedecoris
1425 1983 1552 2039 accedere
1583 1983 1685 2057 possit.
1717 1983 1740 2037 si

453 2070 572 2125 omnium
599 2070 750 2143 principum
773 2068 986 2125 Christianorum
1017 2070 1144 2144 opinione
1173 2079 1244 2125 tanta
1275 2069 1325 2124 iam
1353 2069 1386 2124 de
1414 2068 1490 2124 vobis
1511 2077 1641 2149 concepta
1664 2081 1778 2142 spcmta

453 2163 482 2210 ct
509 2155 723 2229 expectationem
752 2154 961 2218 trustraliimini;
989 2164 1085 2211 contra
1113 2162 1202 2210 autem
1231 2170 1310 2227 quam
1339 2153 1490 2226 gloriosum
1520 2170 1589 2208 onus
1618 2170 1632 2208 a
1663 2153 1741 2208 vobis

454 2239 653 2314 suscipiendam
677 2240 726 2301 sit,
750 2245 776 2293 ct
800 2256 879 2313 quam
902 2239 955 2295 late
979 2239 1044 2296 olim
1066 2238 1203 2313 longeque
1226 2239 1331 2312 imperii
1353 2239 1437 2294 vestri
1459 2238 1526 2294 fines
1541 2238 1741 2311 protendeban-

385 2332 512 2386 lcntur.
536 2341 607 2380 nnnc
628 2341 693 2380 vcro
716 2324 816 2396 quibus
837 2323 935 2387 clausi.
959 2334 990 2380 ut
1012 2325 1049 2380 ita
1070 2325 1171 2386 dicam.
1195 2324 1329 2397 angustiis
1351 2324 1426 2386 sitis,
1454 2324 1620 2397 cognoscite.
1671 2325 1740 2380 'l'ota

452 2409 523 2465 enim
546 2409 660 2470 Graecia.
684 2417 743 2464 tota
765 2408 932 2472 Macedonia,
956 2417 1013 2466 tota
1036 2409 1188 2471 Thessalia,
1217 2417 1273 2465 tota
1295 2409 1393 2482 Epirus
1416 2409 1469 2463 tuis
1492 2408 1741 2482 praedecessoribus

452 2493 646 2555 inserviebant„
669 2494 850 2550 sacratissime
872 2494 1037 2568 imperator;
1061 2495 1156 2550 iisdem
1179 2503 1294 2566 utraque
1309 2493 1399 2549 llmsia
1423 2510 1453 2548 ac
1475 2494 1603 2567 quicquid
1618 2495 1777 2567 gentiomao

452 2579 549 2641 Tanai.
578 2579 665 2635 Ponto
688 2578 830 2652 AEgcoque
858 2580 886 2634 in
908 2579 1015 2654 Europa
1042 2579 1192 2640 clauditur.
1222 2596 1236 2634 a
1266 2579 1376 2634 meridie
1406 2578 1534 2652 quicquid
1563 2587 1698 2634 terrarum
1726 2597 1740 2634 a

451 2662 551 2738 Libyco
574 2663 790 2738 AEgyptiacoque
812 2664 878 2720 mari
902 2663 1030 2731 alluitur,
1053 2664 1239 2719 adorientem
1261 2681 1325 2719 vero
1347 2672 1480 2737 quantum
1499 2663 1587 2737 Lyciae
1607 2664 1742 2738 Pamphy·

453 2747 551 2822 limque
574 2749 651 2805 sinus
673 2758 810 2823 spectant,
833 2760 861 2805 ct
884 2750 990 2806 interno
1013 2749 1144 2823 quicquid
1166 2750 1223 2822 ipsa
1245 2749 1362 2821 donique
1385 2750 1447 2804 Asia
1470 2748 1669 2822 complectitur.
1694 2767 1741 2823 pa-

384 2833 557 2894 §.terebant
602 2834 757 2902 buinaria
780 2851 852 2890 uurrc
874 2843 982 2897 nostra,
1008 2835 1054 2907 qui
1077 2842 1189 2908 portus,
1213 2834 1258 2907 qui
1282 2830 1364 2890 urbes
1387 2835 1538 2907 occupanti
1561 2834 1607 2907 qui
1624 2835 1742 2907 vectiga-

451 2918 523 2975 libus
544 2927 573 2975 ct
594 2919 811 2976 beatissimarum
833 2921 976 2993 regionum
999 2920 1123 2975 ubertate
1152 2920 1297 2975 linuntur?
1329 2935 1426 2993 nempe
1453 2928 1549 2992 gentes
1583 2920 1776 2992 incognitae.aa

451 3021 566 3078 quarum
594 3021 692 3061 nomen
721 3014 839 3067 tantum,
869 3005 968 3061 nedum
999 3006 1069 3059 viros
1098 3004 1140 3059 vix
1163 3024 1178 3060 a
1200 3003 1280 3060 nobis
1308 3004 1429 3060 auditum
1458 3003 1556 3060 luerat.
1600 3005 1621 3060 0
1644 3004 1741 3059 miram

449 3090 602 3164 principum
624 3089 838 3145 Christianorum
861 3089 1003 3152 desidiam.
1033 3090 1128 3147 'lorcin
1141 3089 1318 3163 Byzantium,
1347 3087 1522 3144 clarissimam
1546 3088 1741 3164 imperatorum

451 3174 558 3237 sedem,
587 3174 653 3230 dolo
676 3183 703 3229 et
727 3176 749 3229 vi
772 3183 877 3249 partam
901 3183 1047 3248 occupant!
1078 3173 1316 3237 coemuranae,
1346 3174 1520 3235 llacedoniae,
1549 3174 1632 3247 Epiro
1656 3174 1741 3248 impe·

383 3261 527 3317 §.taranti
551 3260 644 3317 lbereae
667 3259 827 3322 Thessalia,
857 3259 972 3321 blesim,
1004 3259 1124 3316 Thraciae
1145 3259 1336 3314 dominantur!
1364 3275 1419 3315 non
1442 3261 1513 3314 enim
1536 3259 1569 3314 dc
1591 3260 1741 3315 innumeris

451 3345 631 3400 Asiaticorum
654 3345 852 3417 provinciarum
874 3344 985 3419 populis
1006 3343 1118 3418 loquar,
1146 3361 1206 3400 cnm
1229 3343 1312 3417 paulo
1334 3353 1410 3406 anto,
1440 3361 1456 3399 o
1480 3344 1584 3399 lacinus
1605 3358 1776 3401 memora-sa

449 3428 515 3492 bile,
539 3438 668 3504 superato
690 3428 822 3486 altissimo
846 3431 927 3486 Tauri
950 3431 1049 3486 montis
1072 3431 1142 3505 iugo·
1160 3446 1209 3503 per
1224 3429 1415 3502 comagenem,
1439 3428 1604 3485 Seleucidem
1627 3438 1655 3484 ct
1677 3430 1741 3485 llas·

449 3515 589 3578 siotidcm,
614 3516 731 3589 Syriam,
754 3515 924 3571 Palaestinam
947 3533 977 3570 ac
999 3514 1163 3570 l‘lrcuniciam
1186 3514 1289 3587 ingenti
1313 3512 1522 3588 Babyloniorum
1545 3523 1572 3570 et
1594 3513 1747 3589 AEgyptio'

450 3591 509 3654 rum
531 3600 606 3656 clade
629 3600 700 3655 edita
723 3600 773 3655 sub
796 3601 890 3673 iugum
919 3600 1061 3660 miserint,
1091 3617 1121 3654 ac
1144 3599 1297 3654 llamascum
1321 3600 1406 3673 Syriae
1429 3597 1670 3674 llicrosolymaquc
1694 3616 1737 3654 ur·

450 3683 497 3740 bes
528 3684 733 3740 lloreutissimas
757 3686 780 3740 vi
803 3693 896 3759 captas
918 3684 1091 3758 diripuerint.
1136 3685 1208 3757 quod
1232 3692 1322 3739 autem
1337 3684 1453 3757 llemphi
1469 3684 1667 3758 Aegyptiorum
1684 3701 1739 3740 me·

451 3768 553 3843 tropoli
581 3777 717 3844 patratum
746 3771 796 3831 sit,
825 3769 950 3825 omnibus
977 3770 1029 3825 iam
1057 3768 1146 3843 palam
1168 3777 1223 3831 cst,
1251 3769 1471 3842 quandoquidem
1495 3770 1563 3824 idem
1587 3770 1774 3829 ancammaa

451 3857 600 3928 imperator
622 3855 756 3910 trucidato
780 3854 898 3910 Soldano
920 3869 975 3910 non
999 3861 1104 3910 tantum
1128 3855 1266 3909 maximam
1288 3871 1320 3909 ac
1342 3853 1576 3927 opulentissimam
1599 3854 1694 3909 urlrem
1711 3871 1740 3909 se

380 3940 562 4001 coadesse.
592 3949 721 4013 quarrtnm
750 3940 830 3995 etiam
859 3941 883 3995 in
913 3941 1084 3996 sanctissimo
1113 3939 1218 4012 loscplai
1246 3937 1317 3994 solio
1340 3939 1496 3994 consedisse
1519 3938 1662 4012 gloriatur.
1708 3938 1741 3994 Et

449 4043 520 4080 rrurrc
549 4025 574 4079 in
599 4033 703 4080 tacitum
727 4025 981 4081 nclaudissimorum
1004 4025 1123 4080 bostium
1145 4025 1229 4079 crevit
1252 4024 1375 4086 audacia,
1406 4031 1436 4079 ut
1459 4021 1594 4079 latronum
1617 4042 1648 4079 ac
1670 4041 1740 4097 proe-

448 4110 548 4165 donum
572 4127 646 4164 irrorc
670 4110 754 4164 truncia
776 4119 870 4166 nostra
892 4117 1041 4183 cecropem,
1065 4108 1229 4165 descendant
1252 4108 1283 4163 ad
1307 4107 1401 4164 littora
1423 4107 1513 4170 ltaliae,
1537 4109 1592 4180 igni
1609 4109 1740 4182 lerroquc

449 4195 537 4250 onmia
566 4194 720 4256 devastent,
749 4194 862 4250 deornm
892 4194 1082 4251 irnnmrtalinm
1110 4212 1170 4250 aras
1198 4192 1314 4254 violent,
1344 4195 1403 4249 lana
1425 4201 1506 4266 atque
1528 4191 1641 4248 delubra
1662 4195 1776 4267 capi-so

448 4278 520 4341 lent,
544 4279 663 4351 virgines
684 4299 716 4343 ac
736 4297 850 4353 pucros.
875 4297 944 4353 quos
967 4282 994 4335 in
1018 4279 1251 4335 obscmnissimnm
1275 4296 1354 4334 usum
1377 4286 1485 4333 servant
1507 4276 1602 4351 (pudet
1622 4279 1681 4335 baec
1696 4296 1740 4334 rc·

447 4364 529 4436 leri-e)
552 4364 578 4419 in
601 4373 761 4439 perpetuam
783 4365 1022 4438 emancipationem
1046 4363 1187 4420 abducant.
1232 4363 1292 4421 llaec
1321 4363 1410 4419 omnia
1437 4372 1562 4425 vestram.
1591 4362 1740 4437 implorant

446 4533 645 4545 ——--,

422 4660 425 4664 ·
516 4631 585 4683 ¹oc.
599 4633 798 4697 segnitiemque
812 4635 836 4683 2.
873 4630 1001 4682 ³animm
1015 4635 1040 4681 2.
1078 4628 1299 4695 ⁴s11p.Gcrm.2.
1335 4626 1607 4697 minuasnperabtle]
1627 4631 1739 4697 insupe-

448 4717 573 4768 rabilius.
609 4716 691 4780 ⁶Qui
710 4718 781 4767 male
799 4721 836 4782 p.]
851 4718 936 4764 etiam
949 4717 1089 4766 Hnttcnoe
1106 4714 1157 4765 hoc
1176 4715 1326 4781 proverbio
1342 4713 1484 4779 gloriatur.
1528 4712 1695 4766 ‘nefandos
1713 4720 1740 4765 2.

450 4801 470 4835 ²⁴
489 4818 554 4866 ergo
566 4808 624 4866 post
636 4804 675 4852 sit
686 4804 788 4867 repetiit
803 4805 825 4850 1.
863 4798 1012 4850 ¹⁵nolris2.
1048 4799 1240 4866 ³¹AEgaeoq;2‚
1274 4797 1448 4862 ”Lybieon
1483 4798 1739 4865 Pamphilioeqjm.

447 4886 469 4920 ¹⁸
487 4888 657 4952 demipsw.
693 4885 715 4918 ²¹
733 4880 825 4935 elaris.
841 4889 862 4933 1.
898 4883 922 4915 ³⁰
940 4884 1154 4950 autelcf.§.lb.
1189 4883 1211 4916 ³²
1228 4884 1372 4934 Palestinia
1386 4888 1410 4933 1.
1445 4882 1469 4915 ⁸³
1481 4884 1566 4933 aedita
1579 4886 1602 4932 1.
1638 4885 1739 4936 Hiero-

448 4971 608 5036 solymanum
621 4976 646 5020 2.
699 4967 720 5001 ³⁸
738 4968 840 5034 autem]
854 4971 926 5019 det.
978 4968 1001 5000 ³⁶
1019 4970 1141 5031 ol.§‚lb.
1188 4968 1210 5002 ⁸⁷
1228 4966 1370 5034 quantum]
1388 4972 1520 5019 remant.
1572 4983 1604 5018 se
1621 4983 1698 5020 eoas.
1712 4974 1739 5022 2.

447 5054 471 5088 ⁴⁰
488 5056 580 5122 phana
598 5061 621 5106 1.
656 5054 676 5087 ⁴¹
696 5051 960 5105 obscoenatissimum
974 5057 999 5105 2.
1034 5052 1057 5088 ⁴²
1076 5053 1223 5119 emancip]
1240 5056 1291 5102 uult
1309 5051 1479 5103 servitutem.
