4300 6059
450 689 497 759 66
579 692 702 755 nvrrnnl
721 718 750 753 ru
770 719 863 754 DVCEM
881 719 1159 755 wrtr'rssxrstsurrmtt
1179 719 1281 752 onurlo
1301 720 1356 754 1111.
1377 721 1405 769 ⁸3
1419 719 1482 754 AVG.
1497 719 1522 754 A.
1539 714 1596 754 lsJl't'·

450 881 506 934 est:
530 873 607 934 illam
631 881 680 933 tuo
703 872 857 950 complexu
879 872 1014 949 dignatus
1036 891 1067 932 es
1089 872 1249 940 mmcbarn3
1278 872 1335 933 lroe
1364 881 1391 933 tc
1420 875 1537 934 nominc
1559 873 1627 934 huic
1650 892 1731 933 com·

382 991 439 1041 cn.
453 977 574 1036 mendas
596 977 692 1044 sexui,
716 981 745 1034 ot
767 976 870 1043 riucis,
893 972 990 1033 salsus
1012 991 1052 1033 es.
1092 993 1179 1053 quam
1200 981 1231 1034 tn
1256 974 1341 1034 aliam
1364 977 1441 1035 enim
1464 975 1617 1036 mulierem
1638 975 1731 1040 bono·

448 1080 518 1139 rasti
540 1095 682 1156 unquam,
707 1075 942 1155 quandoquidem
965 1075 1114 1138 bonorare
1136 1077 1213 1155 apud
1236 1084 1264 1136 te
1287 1084 1331 1138 est
1352 1063 1455 1155 stupri
1477 1075 1640 1139 colluvione
1661 1094 1730 1155 per·

449 1180 590 1241 sundere?
612 1178 736 1257 proinde
758 1177 834 1238 istud
857 1177 956 1238 desine
979 1177 1074 1238 relum
1103 1158 1238 1258 nequitiae
1266 1187 1324 1238 ture
1351 1178 1527 1239 obtendere:
1555 1187 1656 1239 notum
1686 1186 1732 1238 est

447 1301 536 1361 quam
558 1287 757 1343 conservatam
781 1278 851 1340 relis
874 1279 1029 1341 mulierum
1053 1280 1238 1359 pudicitiam,
1268 1282 1318 1358 qui
1345 1282 1432 1341 nnius
1461 1288 1489 1340 et
1511 1279 1630 1342 alterius
1652 1280 1750 1341 cala-⁵

381 1387 547 1446 tro-mirate
570 1385 699 1443 omnium
723 1384 751 1467 in
775 1388 802 1443 te
825 1383 924 1442 odium
947 1384 1108 1442 concitasti,
1154 1381 1298 1442 Caeterum
1329 1388 1360 1441 ut
1381 1389 1411 1442 te
1432 1380 1579 1443 absolvam
1603 1383 1729 1453 tandem,

447 1488 489 1546 sic
511 1487 570 1554 aio,
594 1486 647 1544 nisi
670 1485 726 1544 tuis
749 1485 811 1543 istis
833 1486 937 1553 armiS,
961 1502 1026 1563 quse
1048 1483 1085 1544 ad
1107 1482 1226 1544 sceleris
1248 1485 1289 1544 tui
1306 1484 1407 1544 ‚lmdus
1424 1485 1635 1573 conquisivisti,
1660 1503 1730 1546 eon-

447 1589 517 1648 usus
539 1605 632 1655 esses,
655 1604 804 1665 uunquam
827 1587 857 1646 in
879 1586 937 1646 boc
960 1585 1082 1646 concilio
1106 1593 1164 1645 tam
1186 1585 1291 1646 lrnrlam
1315 1604 1349 1645 ac
1371 1603 1507 1663 spurcam
1530 1586 1730 1648 defensionem

448 1691 573 1759 iniisses,
596 1706 652 1750 nee
674 1688 768 1766 siquid
792 1689 855 1747 iure
878 1696 1010 1766 peteres,
1033 1687 1078 1747 bis
1095 1668 1196 1747 contra
1212 1696 1266 1747 uos
1280 1687 1426 1763 figmentis
1440 1682 1613 1748 usus'esses.
1637 1707 1730 1767 quare

449 1799 481 1852 ut
503 1790 546 1851 sel
568 1809 628 1850 uno
651 1789 740 1850 verbo
762 1796 853 1849 totam
876 1788 954 1850 illam
977 1796 1056 1849 tuam
1081 1788 1279 1850 defensionem
1303 1789 1419 1868 penitus
1440 1789 1567 1868 iugulem
1591 1792 1764 1851 stertinio

381 1905 550 1971 §.tt-guam,
579 1892 636 1952 hoe
663 1891 780 1953 tandem
808 1891 918 1951 dicam:
947 1892 978 1951 Si
1011 1909 1078 1951 cum
1100 1897 1157 1951 tuo
1186 1891 1263 1951 lacto
1291 1890 1348 1951 nlla
1372 1893 1526 1953 coniuncta
1549 1900 1625 1954 esset
1646 1894 1730 1962 ratio,

426 1998 507 2055 'non
530 2002 558 2054 te
580 2002 624 2054 tot
644 1991 817 2053 nobilissimi
838 1992 972 2053 bomines
1001 1994 1030 2052 iu
1060 1999 1109 2052 tna
1137 1994 1219 2070 prius
1246 1991 1310 2052 aula
1334 2001 1443 2072 tuoque
1465 1996 1604 2055 comitatu
1626 1995 1731 2054 versati

448 2097 668 2158 obinanditam
692 2093 811 2154 sceleris
833 2096 875 2154 tui
898 2095 1042 2155 diritatem
1065 2095 1278 2163 deseruissent,
1301 2112 1397 2171 neque
1419 2103 1450 2155 tu
1472 2103 1533 2156 tros
1555 2092 1731 2156 clarissimos

371 2212 373 2218 '
448 2200 610 2276 principes,
640 2197 720 2257 lrnuc
747 2194 909 2256 Palatinum
938 2204 966 2257 et
994 2199 1056 2257 eius
1085 2196 1206 2257 fratrem
1228 2196 1433 2256 Fridericbum
1456 2215 1513 2259 uua
1537 2216 1604 2257 cnm
1626 2198 1731 2259 Wirci-

448 2301 589 2377 burgensi
616 2299 762 2376 Episcopo
792 2300 1001 2359 intercessores
1029 2299 1106 2377 apud
1135 2316 1188 2359 nos
1217 2298 1424 2368 subornasses,
1453 2301 1502 2377 qni
1531 2306 1581 2359 tuo
1611 2301 1765 2359 nominett

448 2404 589 2464 ollerreut
611 2400 661 2460 llll
685 2399 762 2460 milia
785 2419 943 2460 aureorum
965 2419 1133 2468 mruuunm,
1157 2409 1190 2460 ut
1211 2400 1425 2460 accusationem
1442 2400 1670 2471 dimitteremuS,
1693 2404 1731 2462 si·

449 2504 568 2581 mulque
592 2503 776 2577 consignatas
799 2508 848 2561 tuo
872 2511 899 2562 et
921 2499 1038 2562 illorum
1060 2503 1149 2579 siguis
1171 2500 1297 2571 litteras,
1321 2502 1428 2581 quibus
1451 2503 1481 2562 iu
1503 2509 1678 2581 perpetuum
1694 2503 1731 2564 de

451 2609 562 2667 iuvenis
585 2605 749 2665 innocentia
774 2611 802 2663 et
825 2603 902 2681 quod
926 2610 954 2663 tn
978 2602 1060 2663 illum
1082 2602 1161 2664 nulla
1184 2622 1236 2687 sua
1258 2603 1358 2681 culpa,
1387 2604 1439 2664 sed
1461 2606 1503 2665 ira
1526 2606 1655 2682 percitus
1678 2604 1731 2665 ob·

382 2715 440 2766 §.tt
451 2709 646 2775 truncaveris,
670 2712 806 2766 testatum
830 2712 913 2765 esset.
958 2704 1058 2765 Recita
1082 2704 1247 2784 exemplum
1270 2703 1434 2766 littorarunr
1457 2725 1529 2785 qrras
1544 2706 1630 2767 nobis
1644 2704 1731 2767 obtu-

429 2809 546 2874 lerunt
567 2816 627 2870 tres
650 2809 812 2886 principes:
841 2807 921 2868 rides
950 2826 1037 2886 quam
1064 2809 1165 2885 paucis
1195 2807 1291 2877 verbis
1318 2813 1456 2885 qrrantaru
1486 2815 1603 2868 tuorum
1633 2807 1767 2868 couri-2⁰

449 2913 562 2973 ciorum
590 2919 700 2971 struem
729 2910 896 2983 deiecerim.
944 2907 1015 2969 illud
1044 2927 1113 2968 rero
1141 2909 1323 2977 addendum,
1357 2909 1436 2987 quod
1471 2911 1525 2969 nisi
1557 2910 1655 2970 omnia
1689 2910 1732 2969 sic

390 3077 394 3084 ,
448 3014 593 3076 haberent
614 3021 647 3072 ut
668 3032 684 3073 a
707 3011 791 3073 nobis
814 3011 963 3090 proposita
990 3019 1071 3080 sunt,
1101 3028 1161 3070 neu
1190 3011 1267 3071 istud
1295 3018 1372 3072 esset
1399 3012 1526 3075 nominis
1554 3013 1595 3071 tui
1622 3009 1731 3080 odium,

449 3119 502 3177 ista
525 3114 640 3194 publica
663 3114 827 3182 detestatio,
858 3131 913 3173 racc
935 3111 981 3172 illa
1005 3120 1054 3172 tua
1077 3113 1119 3172 sic
1141 3120 1243 3190 aperte
1264 3119 1475 3191 agnosceretur
1504 3113 1601 3173 vitatio
1630 3110 1733 3172 oculo-

448 3237 529 3286 rum,
553 3216 640 3286 lucis,
663 3213 782 3276 urbium
804 3234 839 3276 ne
862 3216 1097 3276 conventionum.
1143 3222 1245 3274 contra
1266 3221 1363 3276 antem
1387 3222 1499 3287 tantum
1520 3221 1563 3274 tot
1591 3212 1754 3275 nobilium:

449 3321 578 3380 virorum
601 3318 761 3378 exercitum
784 3334 891 3395 cogere
914 3318 1061 3396 quomodo
1085 3316 1295 3395 potuissemus,
1319 3318 1343 3378 si
1365 3324 1415 3378 aut
1435 3316 1500 3378 talis
1522 3322 1555 3376 tu
1575 3333 1634 3375 nen
1651 3330 1767 3383 esseses

451 3429 501 3481 aut
523 3423 585 3482 eius
607 3438 693 3498 quem
715 3426 746 3478 tu
770 3417 927 3479 crudeliter
949 3419 1135 3490 interemisti,
1165 3419 1329 3478 innocentia
1358 3423 1416 3479 non
1433 3418 1585 3480 omnibus
1607 3425 1676 3478 nota
1697 3436 1733 3479 ac

383 3531 551 3600 §.mlestus
574 3522 751 3583 baberetur?
770 3520 900 3581 Proinde
922 3521 968 3581 dic
989 3520 1188 3596 insidiatorem
1211 3521 1351 3581 occidisse
1373 3528 1418 3590 te,
1447 3526 1477 3581 et
1504 3522 1530 3581 ei
1558 3522 1608 3598 qui
1637 3527 1732 3583 morte

377 3679 386 3695 ,
449 3643 503 3704 per
526 3632 553 3685 te
574 3623 688 3685 ablatus
711 3623 890 3702 respondere
913 3640 973 3682 non
995 3628 1108 3701 potest,
1130 3615 1276 3700 perfidiae,
1304 3622 1476 3700 proditionis
1498 3640 1532 3683 ac
1555 3620 1732 3703 maledicen-

449 3728 496 3786 tiae
519 3729 629 3787 crimen
653 3727 796 3803 impinge,
819 3733 906 3804 teque
929 3724 1080 3787 occidendi
1103 3741 1220 3811 causam
1243 3723 1379 3784 babuisse
1394 3731 1422 3785 et
1438 3726 1503 3785 iure
1519 3742 1626 3785 caesum
1641 3725 1731 3793 reler,

336 3877 341 3886 .
412 3886 415 3903 ,
451 3830 651 3890 dum-omnes
667 3826 828 3904 intelligant
850 3829 899 3905 qui
921 3845 1000 3887 rrunc
1022 3827 1136 3895 visunt,
1155 3824 1238 3886 nulla
1254 3828 1422 3903 ignoratum
1438 3827 1474 3886 sit
1488 3828 1652 3906 posteritas,
1676 3827 1768 3886 nisiao

450 3938 509 3991 tam
532 3928 731 3991 truculentum
753 3904 893 3989 ac'atrox
916 3936 997 3989 tuum
1021 3930 1128 3989 lactum
1151 3935 1242 3996 esset,
1266 3934 1379 3987 utnon
1400 3928 1488 3988 modo
1511 3946 1629 3989 omnem
1651 3930 1734 4006 peni-

450 4040 498 4093 tus
519 4032 719 4092 defensionem
742 4032 904 4108 resugeret,
928 4050 1029 4092 rerum
1052 4032 1139 4091 etiam
1162 4028 1273 4091 nullum
1295 4029 1331 4089 ad
1348 4030 1458 4090 veniam
1475 4030 1584 4091 aditum
1600 4029 1734 4102 liaberet,

444 4132 602 4212 'nunquam
624 4141 653 4192 te
675 4116 828 4210 pecuniam
850 4131 1015 4194 oblaturum
1047 4132 1137 4193 luisse
1165 4151 1219 4211 qua
1251 4132 1467 4192 accusationem
1495 4131 1580 4192 nobis
1603 4129 1735 4194 emerca-

385 4222 537 4301 §.sereris
584 4234 653 4304 Quae
675 4253 741 4294 cum
766 4236 802 4294 ita
826 4236 897 4303 sint,
922 4243 950 4294 et
969 4241 999 4292 tn
1015 4241 1044 4293 te
1060 4237 1190 4295 omnium
1206 4234 1367 4295 intensione
1387 4235 1479 4294 teneri
1494 4235 1615 4303 sentias,
1638 4237 1735 4295 nostri

452 4355 522 4399 vero
549 4338 802 4397 commiseratione
830 4355 932 4397 omnes
959 4336 1146 4396 vehementer
1174 4344 1335 4396 commotos
1362 4336 1416 4397 tibi
1444 4355 1547 4397 necem
1574 4356 1608 4397 ne
1636 4337 1779 4415 siquidss'

452 4439 580 4500 atrocius
601 4456 673 4498 nece
695 4439 866 4515 imprecari,
890 4457 948 4516 quo
972 4438 1088 4498 tandem
1111 4437 1232 4497 consilio
1245 4420 1296 4498 ’tot
1311 4436 1540 4499 clarissimorum
1555 4439 1733 4517 principum,

451 4548 496 4602 tot
517 4539 743 4605 fortissimorum
766 4542 893 4600 rirorum
916 4559 1003 4600 aures
1024 4539 1189 4599 onerandas
1211 4539 1333 4608 duxisti,
1363 4547 1392 4601 et
1419 4541 1515 4618 potius
1543 4538 1671 4601 voluisti'
1686 4538 1734 4600 illa

411 4675 413 4679 ·
453 4643 538 4704 nobis
562 4650 680 4703 externa
703 4640 806 4702 auxilia
830 4641 972 4716 obiicere,
1003 4659 1091 4719 quam
1117 4641 1153 4702 ad
1182 4643 1272 4706 senice
1300 4642 1468 4720 petitionem
1495 4640 1647 4703 devolutus
1670 4642 1735 4702 ritas

387 4745 687 4808 §.nomenclationem
709 4742 858 4822 pellicerii
880 4742 937 4803 Sed
960 4740 1032 4802 nihil
1053 4743 1084 4803 in
1108 4749 1136 4804 te
1158 4745 1304 4822 quietum,
1327 4741 1399 4802 nihil
1422 4750 1466 4804 est
1479 4743 1627 4805 sedatum:
1650 4761 1735 4804 mens

523 4951 585 5001 ⁸nc
604 4954 626 4999 1.
646 4955 673 4999 et
691 4955 719 4996 Η.
761 4945 782 4978 ¹⁰
800 4951 827 4995 et
844 4952 874 4995 11.
895 4962 928 4995 ae
945 4950 969 4995 1.
1009 4947 1049 5008 ἓξ.
1065 4947 1106 4995 77.
1120 4950 1189 5011 sqq]
1210 4946 1252 4995 Cf.
1267 4945 1318 4995 vol.
1333 4945 1354 4995 l.
1368 4961 1394 5010 p.
1408 4945 1450 4994 84,
1464 4961 1504 5010 sq.
1541 4944 1562 4977 ¹⁴
1581 4934 1733 5000 Viirecb.2.

456 5034 478 5069 Ν
497 5054 530 5087 ac
550 5041 572 5086 1.
593 5044 620 5086 et
639 5039 668 5084 tl.
719 5031 740 5064 ²⁹
760 5037 787 5080 et
806 5035 829 5081 1.
848 5032 923 5082 illum
941 5048 1010 5082 corr.
1023 5039 1051 5083 11.
1070 5048 1121 5082 sec.
1135 5036 1160 5084 2.
1178 5032 1226 5080 sed
1239 5031 1325 5094 potins
1342 5030 1476 5095 scripserit
1495 5036 1523 5081 et
1540 5030 1616 5083 illum
1634 5033 1693 5082 iure
