4300 6059
378 714 504 751 timul
515 714 551 749 Ab
561 715 708 751 Putatcu'us
722 715 848 751 ΟΕΒῊΤ
862 716 972 749 tristavit
985 716 1085 750 'cvncta
1099 714 1239 750 turandus
1253 713 1477 750 exacerbamus.
1491 701 1572 764 (lm)
1597 686 1665 757 125

378 871 466 933 circo*
481 886 607 948 maguus
628 870 752 947 quisque
774 867 941 947 putabitur,
965 869 1031 947 quia
1055 888 1160 930 aurum
1184 868 1302 936 babeat,
1327 867 1394 946 quia
1415 852 1665 949 purpura‘vestia·
1724 904 1727 911 ·

378 980 442 1043 tur,
465 972 534 1049 quia
557 968 729 1031 satellitibus
751 954 889 1049 stipetdr:
913 970 984 1031 loris
1006 973 1060 1030 ista
1083 969 1164 1030 robis
1186 969 1305 1036 adsunt,
1329 975 1358 1029 et
1379 987 1448 1028 cnm
1469 973 1595 1050 antiquis
1609 970 1666 1033 illis

379 1072 501 1134 colossis
523 1064 705 1140 eommuuia;
736 1090 806 1132 nam
828 1079 857 1132 et
878 1071 935 1142 illi,
964 1074 1032 1150 quia
1061 1073 1132 1133 rani
1154 1079 1183 1132 et
1205 1070 1327 1131 artificio
1349 1068 1471 1140 exculti,
1501 1071 1572 1133 loris
1600 1090 1666 1152 spe·

379 1177 451 1237 ciosi
471 1173 554 1246 sunl,
581 1176 660 1236 intus
681 1174 820 1236 sordibus
841 1193 876 1236 ac
898 1176 1029 1235 vastitate
1051 1173 1213 1235 deformes:
1243 1173 1347 1233 virtute
1375 1190 1449 1252 opus
1472 1176 1585 1252 estqui
1607 1172 1666 1246 cla·

357 1277 538 1339 sritudinem
567 1277 718 1348 all'ectant,
747 1276 803 1338 bac
817 1265 904 1338 ‘duce
933 1277 1062 1337 eminere
1090 1275 1157 1337 licet
1185 1282 1213 1334 et
1246 1274 1392 1352 egregiam
1428 1274 1465 1335 de
1494 1292 1527 1336 se
1559 1276 1667 1337 lamam

376 1379 414 1439 ad
437 1386 573 1459 posteros
593 1380 798 1440 transmittere.
843 1384 872 1438 at
894 1396 958 1457 qnae
974 1379 1008 1438 ‘in
1030 1379 1152 1440 summis
1173 1374 1339 1438 hominibus
1360 1377 1453 1436 maior
1473 1378 1564 1438 virtus
1578 1395 1666 1456 quam

360 1499 434 1560 -pro
453 1472 609 1560 suis,³⁹pro
630 1481 770 1558 imperio,
792 1499 848 1561 pro
870 1481 978 1559 patria,
1001 1498 1057 1559 pro
1079 1478 1219 1558 religione
1242 1496 1276 1538 ac
1297 1478 1351 1539 diis
1372 1477 1586 1540 immortalibus
1606 1479 1664 1541 sol·

376 1583 558 1645 licitudinem
580 1585 705 1661 gerere?
726 1584 820 1646 Porro
842 1584 984 1661 privatam
1006 1588 1140 1660 spectare
1164 1579 1315 1642 utilitatem
1337 1578 1433 1658 pusilli
1455 1586 1500 1641 est
1522 1576 1550 1641 et
1565 1600 1580 1640 a
1596 1587 1731 1642 manau.

377 1686 444 1764 gnis
471 1683 563 1747 rebus
591 1684 679 1763 longe
705 1682 834 1747 absentis
861 1685 960 1748 animi.
1005 1683 1076 1754 Quae
1107 1700 1166 1742 non
1189 1682 1304 1751 dubito,
1331 1683 1494 1761 principes,
1522 1689 1663 1761 quorsum
1701 1708 1704 1713 ’

343 1803 371 1841 ιο
381 1789 548 1866 pertineant
570 1789 640 1866 quin
663 1786 844 1867 intelligatis:
874 1786 1036 1846 custodiam
1058 1784 1140 1846 vobis
1168 1784 1298 1862 imperii,
1329 1784 1490 1844 custodiam
1518 1784 1598 1846 orbis
1625 1785 1664 1846 dii

377 1890 605 1950 commiserunt:
633 1907 722 1950 canes
748 1890 914 1959 imitamini,
933 1907 1012 1950 aram
1040 1897 1069 1948 et
1098 1884 1138 1946 illi
1160 1905 1215 1965 pro
1237 1885 1329 1946 salute
1351 1887 1447 1946 orium
1468 1887 1553 1947 anxie
1575 1906 1662 1948 ercu-

375 1990 463 2060 bant,
487 1991 523 2052 de
545 2011 577 2052 se
599 1990 670 2052 nibil
693 1986 873 2071 magnopere
894 1989 1018 2052 solliciti,
1061 1989 1095 2050 ln
1118 1990 1248 2048 omnium
1271 1987 1362 2049 oculis
1377 2007 1426 2049 ros
1441 1990 1588 2048 constitnit
1603 1988 1663 2049 lor·

376 2101 463 2162 tuna,
487 2093 523 2154 ad
536 2100 701 2154 'commune
724 2096 811 2155 vestri
833 2091 1033 2171 spectaculum
1054 2091 1181 2152 mundus
1197 2092 1350 2158 ⁴conuenit;
1373 2098 1402 2150 at
1416 2108 1503 2150 nemo
1517 2098 1562 2152 est
1575 2109 1663 2170 quem
1700 2127 1702 2131 .

376 2212 509 2256 amemus
530 2195 587 2255 nisi
608 2194 763 2256 amabilem
785 2214 817 2255 se
839 2203 930 2272 gerat,
954 2195 1011 2257 bac
1033 2202 1078 2255 est
1098 2195 1154 2253 nisi
1175 2191 1292 2272 aliquod
1308 2194 1336 2252 in
1352 2210 1387 2253 eo
1403 2193 1528 2254 emineat
1542 2191 1663 2254 alicuius

344 2315 369 2355 ιε
379 2298 494 2358 virtutis
514 2297 641 2375 insigne,
664 2316 699 2357 ac
720 2304 817 2359 tantus
839 2299 961 2376 quisque
983 2303 1119 2358 censetur
1141 2302 1282 2376 quantum
1304 2312 1336 2354 se
1357 2292 1489 2356 moribus
1510 2313 1544 2355 ac
1566 2296 1662 2356 animo

378 2396 525 2467 ostendit,
549 2415 608 2457 non
631 2405 773 2479 quantum
795 2400 912 2478 generis
933 2400 1090 2477 antiquitas
1111 2397 1231 2477 probat:
1254 2413 1349 2473 neque
1369 2395 1398 2455 id
1421 2395 1457 2456 ab
1480 2415 1522 2467 re,
1545 2404 1731 2470 namatius.

376 2494 445 2561 vata
460 2518 499 2561 an
515 2500 627 2579 integra
643 2501 701 2560 sint
716 2500 812 2561 inluso
828 2500 941 2579 liquore
956 2507 1048 2580 patet;
1071 2519 1122 2560 vos
1137 2497 1236 2578 quales
1250 2498 1326 2566 sitis,
1348 2499 1403 2558 isto
1425 2500 1559 2577 imposito
1575 2517 1664 2561 onere

377 2604 599 2679 cognoscimus,
628 2604 681 2662 ista
709 2604 866 2664 commissa
895 2621 965 2679 cura
988 2609 1170 2681 spectamus:
1198 2617 1321 2677 magnus
1347 2619 1433 2662 nemo
1462 2609 1507 2663 est
1533 2603 1583 2679 qui
1605 2619 1664 2662 nou

377 2705 467 2764 animi
489 2702 646 2764 virtutibus
668 2703 800 2774 excellit;
823 2706 873 2784 qui
895 2724 910 2765 a
934 2704 1052 2765 fortuna
1074 2703 1253 2780 evehuntur,
1277 2721 1377 2764 eorum
1400 2701 1478 2763 bona
1499 2721 1558 2764 non
1581 2702 1664 2764 aliter

341 2821 467 2886 requam
490 2823 618 2867 oceanus
633 2814 712 2897 ψη
732 2796 766 2868 ac
788 2807 929 2875 redeunt;
953 2807 977 2864 ν’
1032 2808 1039 2821 ’
1075 2792 1164 2875 isias,
1193 2804 1299 2884 quibus
1321 2824 1370 2867 ros
1392 2803 1502 2865 contuli
1523 2804 1662 2874 colossos,

376 2906 501 2981 simale
523 2906 621 2970 librati
643 2908 715 2979 sint,
738 2927 895 2978 corruere,
919 2908 978 2969 nilr'
1017 2911 1124 2987 magis
1147 2927 1212 2977 vos,
1236 2909 1290 2968 nisi
1312 2906 1347 2966 ab
1369 2908 1467 2966 animo
1483 2914 1576 2968 restra
1592 2925 1663 2985 pen·

378 2976 656 3089 dffmaguitudu,
680 3011 858 3072 consistatis:
887 3013 972 3072 unica
994 3010 1157 3073 istiusmodi
1179 3009 1264 3070 molis
1286 3007 1362 3070 basis
1384 3010 1474 3068 virtus
1496 3015 1554 3077 est,
1577 3004 1676 3089 atque

377 3111 442 3172 bac
468 3128 567 3173 reram
595 3111 677 3173 lalcit
699 3114 944 3193 magnitudinem,
973 3114 1003 3175 in
1025 3114 1101 3174 hanc
1123 3131 1191 3174 vera
1214 3108 1349 3172 nobilitas
1371 3111 1484 3172 radices
1505 3111 1579 3189 agit;
1606 3122 1663 3190 qna

378 3213 513 3275 submota
536 3213 675 3293 quinquo
697 3213 843 3295 reliquum
866 3225 910 3277 est
932 3218 1052 3286 corruit,
1075 3235 1110 3276 ac
1132 3216 1227 3274 omnis
1249 3221 1370 3293 repente
1391 3214 1516 3274 extincta
1538 3221 1582 3273 est
1604 3212 1662 3273 cla·

341 3318 460 3380 ascitas.
501 3315 713 3393 'lmperitorum
736 3318 813 3379 oculi
835 3327 930 3379 vestes
943 3334 986 3380 'ac
1008 3317 1154 3396 reliquum
1176 3324 1259 3378 extra
1281 3324 1416 3377 ornatum
1438 3315 1578 3396 probant;
1607 3317 1732 3400 quisue.
1821 3391 1827 3406 .

377 3419 497 3498 sapiunt
518 3434 578 3478 nou
600 3418 723 3496 perinde
745 3421 890 3491 iudicant,
919 3438 987 3481 nam
1008 3420 1039 3480 bi
1060 3418 1262 3499 membrorum
1281 3420 1486 3496 compaginem
1509 3424 1537 3477 et
1559 3435 1664 3496 corpo·
1718 3441 1721 3446 ·
1749 3415 1753 3430 ‘

378 3522 420 3581 ris
447 3518 648 3581 habitudinem
676 3529 818 3599 spectant.
862 3523 903 3582 sic
930 3541 965 3583 ea
993 3540 1058 3603 quae
1094 3541 1109 3582 a
1138 3520 1256 3582 lortuna
1283 3515 1402 3591 adsunt,
1435 3537 1493 3580 non
1520 3506 1664 3581 miranlur

377 3624 435 3684 nisi
457 3621 565 3702 quibus
585 3621 699 3685 nullum
721 3632 765 3684 est
786 3623 939 3695 indicium,
961 3643 1031 3685 nam
1056 3623 1275 3702 prudentesgab
1297 3625 1395 3683 animo
1416 3622 1567 3684 aestimant.
1610 3624 1664 3684 ite·

378 3723 447 3803 rum
469 3724 579 3785 formas
602 3727 652 3804 qui
673 3734 821 3802 spectant,
845 3726 922 3786 nuda
945 3734 1047 3804 petunt
1069 3745 1209 3806 corpora;
1232 3725 1363 3788 similiter
1385 3725 1422 3787 de
1437 3725 1518 3787 vobis
1532 3727 1583 3805 qni
1597 3744 1664 3788 sen-

345 3829 503 3891 aoteutiam
526 3825 638 3896 lerunt,
661 3844 720 3886 non
744 3847 779 3888 ex
800 3829 934 3889 iscar-os
957 3828 1082 3890 lortnnae
1103 3829 1279 3909 indumentis
1301 3835 1433 3891 censent:
1456 3836 1575 3890 externa
1598 3836 1666 3890 sunt
1741 3880 1745 3886 .

380 3931 460 3990 euim
482 3928 664 3999 huiusmodi,
694 3937 724 3989 et
744 3930 782 3990 ita
805 3930 925 3999 adsunt,
957 3938 989 3990 ut
1016 3931 1138 4009 integris
1165 3931 1245 3992 robis
1274 3930 1376 3994 abesse
1402 3932 1531 4011 possint;
1559 3938 1590 3992 at
1610 3919 1666 3992 illis

379 4013 483 4092 animi'
500 4033 680 4092 ornamentis
709 4033 759 4111 qui
787 4040 867 4109 eget,
897 4032 960 4093 solo
990 4035 1108 4095 nomine
1135 4035 1274 4113 princeps
1295 4042 1354 4104 est,
1382 4053 1416 4095 re
1437 4032 1505 4094 re‘ra
1527 4051 1585 4094 non
1608 4041 1661 4094 est

379 4133 479 4206 Quare
502 4132 609 4194 iterum
631 4133 711 4203 dieo,
735 4133 892 4213 intelligitis
913 4153 1054 4214 quorsum
1076 4137 1140 4197 haec
1161 4108 1344 4216 pertineant?
1366 4154 1472 4215 nempe
1494 4146 1526 4198 ut
1547 4139 1572 4199 si
1593 4134 1734 4216 quincta.

380 4237 458 4297 inter
479 4252 531 4295 ros
553 4235 590 4295 sit
611 4236 662 4314 qui
684 4239 743 4295 noir
765 4239 883 4316 penitus
905 4228 967 4316 ipse
989 4256 1020 4299 se
1043 4247 1216 4317 cognoseat,
1244 4240 1314 4318 quid
1341 4240 1394 4300 ista
1421 4237 1476 4299 sibi
1503 4239 1570 4300 velit
1596 4258 1664 4318 per·

345 4354 472 4406 assona,
500 4353 595 4414 quove
618 4338 647 4397 in
670 4337 785 4408 theatro
807 4339 869 4401 ludi
890 4341 975 4409 liant,
1004 4341 1164 4418 perdiscat;
1194 4341 1299 4401 deinde
1327 4340 1363 4401 ad
1393 4342 1543 4410 virtutem,
1570 4340 1599 4402 id
1621 4348 1666 4402 est

380 4439 536 4519 proprium
558 4445 587 4499 et
607 4438 757 4517 peculiare
778 4442 919 4520 principis
941 4442 1084 4512 officium,
1113 4444 1236 4512 nitatur;
1265 4450 1409 4522 praeterea
1433 4449 1464 4502 ut
1485 4460 1537 4500 vos
1558 4442 1593 4502 ad
1616 4461 1665 4504 res
1730 4500 1732 4504 Α

380 4543 540 4611 nraxinras,
563 4557 687 4618 quarum
710 4543 906 4621 gerendarum
928 4544 985 4605 hoc
1007 4552 1140 4630 ternpore
1162 4563 1274 4605 summa
1297 4545 1411 4605 occasio
1434 4551 1492 4614 est,
1515 4540 1664 4606 adhortor.

379 4643 452 4722 quid
481 4644 558 4704 eaba
580 4644 635 4703 ista
657 4646 751 4705 sinitis
772 4645 907 4724 rubigine
930 4646 1036 4707 obduci
1059 4647 1158 4708 armai
1180 4648 1249 4727 quid
1272 4656 1315 4709 tot
1335 4648 1425 4709 lorias
1447 4649 1559 4708 animos
1573 4657 1734 4709 suomi-¹⁵¹.

380 4745 463 4807 illum
486 4746 616 4822 rigorem
638 4744 724 4824 longa
754 4746 898 4809 bellorum
928 4750 1142 4811 intermissione
1172 4750 1265 4811 sinitis
1293 4750 1436 4830 perderet
1463 4749 1592 4828 Tempus
1620 4757 1666 4812 est

449 4947 565 5001 ⁵.an
583 4956 613 5001 11.
672 4937 704 4984 '¹⁰
727 4951 795 5002 daus
813 4952 950 5003 commisit
967 4968 1036 5001 corr.
1049 4958 1079 5000 11.
1147 4953 1168 4987 ¹¹
1193 4954 1306 5004 liberati
1325 4907 1430 5020 Mil·
1467 4949 1590 5004 ¹'bases
1609 4957 1666 5005 Μ.
1712 4948 1762 5038 3]

378 5031 405 5067 ⁸⁴
421 5035 469 5100 qui
486 5037 578 5112 beeri
594 5038 611 5086 ι’.
620 5037 644 5099 s.
657 5052 725 5088 corr.
744 5038 809 5102 quid
