4300 6059
511 693 582 766 164
625 717 645 758 t.
665 706 780 772 (anone
792 725 827 759 or
840 707 899 771 nro)
919 723 1021 758 enarro
1035 722 1207 762 naoruaavrv.
1220 722 1374 768 avn-vnm.
1388 722 1467 758 eaor.
1480 722 1578 759 mave.
1590 717 1683 759 state.

507 891 634 958 cupatum
656 901 671 938 a
694 882 802 944 Turris.
826 881 982 937 restitutum
1004 879 1080 936 vobis
1102 889 1190 936 vestra
1219 899 1249 936 ae
1270 879 1428 936 Christianae
1455 879 1610 955 reipublice
1638 883 1739 937 virtute
1760 888 1788 936 et

509 986 590 1043 opera
613 969 700 1042 cupit.
724 967 856 1041 disponit.
886 984 916 1021 ac
938 965 1054 1040 primum
1077 983 1091 1020 a
1113 965 1189 1021 vohis
1211 965 1295 1040 petit:
1323 965 1451 1021 memoria
1474 965 1606 1039 signidem
1629 983 1688 1022 eum
1711 983 1788 1040 repe·
1872 969 1874 972 '

509 1054 589 1108 tirnus
612 1053 743 1108 maiorum
766 1058 918 1107 vestrorunt
941 1049 1069 1123 gloriam.
1099 1050 1179 1106 animi
1202 1049 1412 1124 magnitudinem
1441 1058 1467 1106 et
1490 1066 1520 1105 ea
1544 1068 1604 1124 quiae
1627 1051 1736 1108 sortiter
1758 1068 1788 1106 ae

507 1147 617 1194 strenue
640 1142 784 1210 gesserunt
807 1153 857 1210 pro
880 1134 1031 1209 republica.
1054 1135 1078 1192 si
1101 1134 1222 1192 ecclesie
1243 1134 1397 1210 praesertim
1425 1133 1598 1208 religionisve
1623 1130 1704 1192 causa
1726 1153 1788 1209 age·

507 1230 598 1283 retur.
621 1239 674 1277 non
699 1237 842 1295 possumus
865 1219 921 1276 heti
944 1219 1025 1294 alque
1053 1219 1153 1278 hilares
1181 1238 1231 1277 uos
1261 1221 1335 1294 ipsos
1362 1219 1518 1281 continere,
1597 1222 1599 1227 '
1627 1215 1688 1277 ‘on
1719 1220 1810 1276 intras

506 1324 556 1362 nos
578 1306 710 1368 dicamus.
734 1322 788 1361 non
811 1305 984 1368 admiremur,
1007 1321 1062 1360 non
1085 1305 1273 1368 coniicianlus,
1302 1322 1356 1361 non
1378 1305 1556 1369 aestimemus,
1640 1297 1735 1381 '·'tpsts‚
1758 1314 1788 1360 ut

505 1392 595 1453 aiunt.
620 1390 705 1448 oculis
727 1389 925 1464 conspiciamus
948 1398 1050 1463 quanto
1074 1390 1134 1445 sitis
1156 1391 1258 1451 auiino.
1287 1390 1396 1464 quantis
1418 1389 1520 1447 viribus
1542 1407 1556 1446 a
1636 1389 1695 1446 risti
1718 1406 1787 1446 rem·

506 1475 640 1551 publicam
662 1483 744 1549 atque
773 1474 932 1549 religionem
961 1475 1152 1549 capessendam
1180 1475 1332 1549 priscorum
1360 1474 1482 1547 vestigiis
1509 1475 1666 1532 insistentes
1695 1491 1785 1530 aecur-

506 1561 562 1617 suri
570 1604 576 1623 ,
601 1562 638 1617 ita
660 1568 690 1615 ut
713 1559 758 1634 qui
780 1559 858 1615 annis
880 1576 966 1633 prope
989 1558 1170 1633 septingentis
1192 1559 1341 1616 Romanum
1366 1559 1507 1633 Imperium
1531 1569 1653 1636 ereptum
1676 1578 1690 1615 a
1714 1559 1786 1615 Grae-

505 1645 558 1708 cis,
582 1653 721 1719 receptum
743 1663 759 1700 a
781 1643 878 1706 Gallis,
902 1661 1004 1700 summa
1026 1643 1078 1700 fide
1100 1643 1257 1719 apostolicae
1279 1643 1400 1700 eeclesiae
1423 1645 1567 1707 servastis,
1592 1645 1660 1702 idem
1677 1661 1821 1718 quoquere

505 1746 576 1786 nune
598 1730 710 1786 sitnon
732 1729 812 1787 modo
834 1746 888 1785 non
910 1728 1099 1791 diffidendum,
1122 1730 1169 1785 sed
1192 1745 1353 1802 quacunque
1375 1728 1449 1785 orbis
1471 1736 1546 1803 patet
1567 1737 1656 1786 vestra
1678 1745 1787 1803 quoque

447 1815 606 1877 §.avirtute
629 1814 731 1871 aclide
753 1813 964 1891 propagandum.
1009 1813 1083 1869 Italia
1113 1812 1201 1871 omms
1229 1815 1252 1870 si
1282 1831 1361 1887 quam
1388 1830 1464 1887 spern
1492 1813 1624 1887 reliquam
1646 1814 1740 1874 habet.
1764 1815 1786 1868 si

506 1916 586 1973 quam
609 1900 728 1956 victorie
750 1898 943 1972 lucemvidet.
968 1898 994 1967 in
1017 1898 1157 1970 Germane
1179 1898 1263 1963 videt;
1286 1899 1433 1954 Germanos
1455 1898 1598 1955 Christiani
1622 1899 1701 1955 huius
1723 1897 1786 1954 belli

506 1992 631 2041 auctores
653 2003 684 2040 ac
705 1985 786 2040 eluces
808 1983 970 2056 eosdemque
992 1983 1163 2047 confectores
1192 1983 1242 2038 sibi
1271 1982 1431 2058 pollicetur:
1458 1982 1653 2056 nullibienim
1684 1990 1786 2038 tanturn
1861 2051 1871 2063 .

505 2067 649 2125 Christiani
672 2068 787 2124 nominis
809 2085 839 2124 ac
861 2066 920 2123 fidei
942 2067 1121 2142 patrocinium
1145 2068 1322 2141 quantumin
1345 2067 1449 2124 Cessare
1476 2077 1504 2123 et
1526 2067 1665 2124 Germanis
1686 2068 1821 2143 princi-rs

505 2153 585 2227 pibus
608 2171 667 2209 esse
690 2162 718 2208 ct
740 2153 858 2208 residere
880 2151 1042 2215 arbitratum
1065 2169 1115 2209 nec
1135 2169 1184 2207 vos
1206 2152 1354 2226 degeneres
1369 2152 1478 2208 suturas
1494 2152 1527 2209 ala
1542 2152 1694 2215 Ottonibus‚
1717 2153 1786 2208 lien·

507 2238 571 2294 ricis
593 2245 621 2293 et
642 2237 668 2292 id
691 2254 777 2310 genus
799 2236 858 2292 aliis
881 2235 918 2308 (iu
941 2235 1062 2310 periculo
1085 2238 1236 2311 praesertim
1258 2236 1399 2311 religionis
1422 2244 1450 2292 et
1470 2237 1587 2312 imperii)
1609 2237 1661 2295 sihi
1676 2254 1786 2312 persua·

447 2343 493 2394 gs,
507 2321 562 2379 det.
605 2321 694 2378 Nolite
716 2322 807 2395 itaque
828 2321 898 2395 pati,
921 2330 952 2377 ut
974 2322 1019 2395 qui
1043 2329 1144 2379 tantam
1166 2321 1200 2378 de
1221 2315 1299 2379 v'obis
1320 2322 1474 2396 opinionem
1497 2330 1695 2397 conceperunt,
1725 2322 1786 2377 irri-

430 2439 432 2443 ·
507 2416 612 2464 tamar
635 2407 738 2463 inanem
761 2407 845 2463 luisse
867 2414 962 2481 postea
985 2406 1135 2469 fateantur,
1158 2408 1310 2480 praesertim
1325 2424 1385 2463 cum
1400 2407 1546 2481 praesidere
1559 2408 1639 2464 deum
1655 2408 1784 2481 optimum

505 2490 647 2547 inanimum
669 2492 766 2546 vestris
787 2490 912 2548 ductibus
934 2491 1061 2548 sciamus:
1085 2507 1148 2548 cum
1169 2492 1239 2548 enirn
1261 2495 1346 2547 eaus'
1386 2498 1388 2503 '
1441 2492 1546 2565 agitur,
1569 2492 1611 2548 dei
1634 2509 1713 2548 eausa
1728 2491 1820 2564 agi-ao

507 2585 565 2646 tur;
588 2594 647 2632 cum
671 2576 696 2631 in
719 2576 851 2632 nefarium
875 2576 1062 2651 impurumque
1086 2576 1198 2633 'lorcam
1221 2577 1291 2633 acies
1314 2490 1473 2717 iwan
1497 2595 1547 2651 pro
1568 2576 1619 2633 deo
1634 2585 1785 2651 pugnatum

491 2677 567 2716 ¹cum
589 2660 616 2715 in
639 2660 690 2717 hoe
712 2678 798 2734 genus
821 2660 917 2716 mortis
940 2661 1008 2723 itur,
1031 2661 1155 2735 prodeo
1177 2661 1312 2724 cadimus:
1334 2658 1348 2716 l
1383 2656 1508 2717 roissimae
1535 2660 1660 2737 prolecto
1688 2662 1785 2717 mortis

445 2750 492 2800 tt.
506 2761 607 2818 genus,
631 2762 686 2818 quo
707 2746 760 2802 vita
782 2753 968 2820 comparatur,
991 2754 1019 2801 et
1040 2763 1071 2802 ea
1093 2753 1203 2802 eterna.
1241 2747 1280 2802 An
1303 2745 1374 2802 lorte
1389 2745 1537 2802 timendum
1551 2745 1628 2802 vobis
1643 2752 1698 2809 est.
1721 2745 1786 2801 Gor·

447 2844 453 2856 ·
505 2831 590 2893 mani,
613 2839 644 2887 ut
665 2830 791 2888 hostibus
812 2832 927 2892 cedatis,
957 2831 1004 2904 qui
1026 2830 1099 2904 ipsas
1121 2848 1230 2904 quoque
1251 2831 1383 2887 Romanas
1405 2828 1541 2903 legiones.
1569 2830 1637 2888 alias
1664 2831 1785 2892 invictas,

505 2915 688 2989 prolligastis?
720 2915 777 2971 Etsi
805 2916 875 2972 enim
906 2916 952 2989 qui
982 2915 1104 2971 imminet
1130 2916 1218 2971 hostis
1239 2914 1293 2972 late
1314 2915 1481 2978 dominetur.
1516 2932 1549 2972 ne
1570 2915 1656 2972 dicam
1677 2924 1820 2990 regnet,aa

503 2999 568 3056 licet
591 2999 694 3075 Syriam
717 3008 744 3056 et
766 3002 919 3075 Aegyptum
942 3017 1028 3074 nuper
1050 2999 1203 3073 subegerit.
1226 2999 1248 3056 si
1271 3007 1358 3057 tamem
1374 2999 1407 3055 ad
1422 3009 1538 3057 mentem
1554 3017 1709 3058 revocemus
1724 3018 1784 3057 curn

456 3129 460 3137 .
504 3085 567 3158 quis
587 3102 705 3159 pugnam
728 3102 877 3159 mavursque
899 3084 1084 3146 conseruerit.
1112 3084 1179 3140 nihil
1205 3093 1248 3141 est
1276 3085 1347 3159 quod
1376 3083 1455 3140 ultra⁴
1470 3085 1639 3141 admiremur
1660 3103 1739 3160 quam
1762 3085 1784 3140 si

463 3233 465 3236 g
504 3167 627 3226 imbelles
650 3178 773 3245 quosque
795 3170 945 3226 devicisset.
982 3187 1043 3226 eum
1066 3167 1243 3225 orientalihu's
1266 3170 1366 3244 quippe
1388 3178 1536 3244 pugnatum
1552 3178 1609 3226 est:
1632 3170 1785 3242 sinitersi·

503 3254 561 3311 nite
582 3272 642 3311 cum
665 3254 803 3311 Germanis
825 3254 1035 3328 congrediatur.
1064 3254 1181 3310 inveniet
1203 3253 1339 3340 legp'timos
1366 3253 1485 3318 milites,'
1510 3255 1665 3329 experietur
1694 3255 1784 3310 invicti

445 3338 613 3400 §.broboris
635 3339 724 3401 viros,
753 3341 862 3404 sentiet⁸
881 3339 1074 3413 omnipotentis
1103 3339 1145 3395 dei
1176 3338 1202 3394 in
1229 3336 1306 3411 vobis
1333 3355 1450 3396 manum.
1492 3339 1690 3414 Prosequimini
1712 3339 1819 3395 enimn

504 3420 544 3497 (ut
565 3423 683 3480 divinum
706 3442 834 3499 usurpem
858 3422 1007 3497 oraculum)
1031 3424 1153 3481 inimicos
1175 3431 1294 3486 vestros,
1317 3433 1344 3480 et
1359 3433 1488 3480 corruent
1501 3441 1591 3481 coram
1607 3424 1698 3481 vobis:
1720 3432 1784 3498 pro·'
1834 3432 1838 3438 '

502 3516 652 3586 sequentur
674 3509 793 3584 quinque
815 3510 847 3566 de
870 3509 974 3583 vestris¹
989 3502 1096 3565 centum
1119 3507 1236 3571 alienos,
1258 3516 1416 3565 etcertum
1439 3525 1471 3564 ex
1492 3508 1567 3565 vobis
1588 3506 1784 3667 decerffmilia.

429 3659 433 3668 Ι
502 3594 542 3648 hn
565 3592 636 3649 lorte
659 3593 811 3649 abbreviata
834 3602 875 3650 est
905 3610 999 3650 manus
1027 3593 1143 3654 domini.
1175 3601 1207 3649 ut
1234 3591 1336 3650 salvare
1364 3595 1498 3667 nequeat?
1530 3593 1558 3649 Iu
1586 3610 1664 3669 prom
1695 3610 1714 3648 u
1742 3601 1785 3651 est

502 3677 572 3733 unde
594 3686 769 3735 convertatur
789 3677 855 3734 deus
878 3685 905 3734 et
928 3678 1063 3751 ignoscat:
1087 3677 1188 3734 dabunt
1210 3677 1343 3752 siquidem
1367 3686 1408 3734 tot
1430 3677 1502 3734 milia
1525 3678 1662 3734 hominurn
1684 3695 1783 3735 nomen

502 3762 530 3817 in
552 3761 651 3818 Christi
674 3760 809 3826 militiam:
833 3764 939 3836 signum
962 3770 1140 3823 sacrosanctae
1167 3763 1269 3825 crucis,
1298 3762 1437 3836 culparum
1466 3762 1584 3819 oninium
1613 3763 1819 3837 expiativum,&'›

503 3853 576 3902 tanta
599 3846 744 3903 multitudo
767 3848 912 3922 suscipiet.
941 3848 1113 3921 criminaque
1128 3857 1222 3905 nostra
1244 3847 1345 3922 passim
1366 3848 1419 3922 piis
1448 3848 1475 3903 in
1498 3856 1618 3904 sanctum
1640 3847 1693 3905 hue
1715 3865 1785 3923 opus

501 3929 694 4004 largitionibus
716 3933 890 3995 redimemus,
915 3941 944 3988 ut
965 3933 1060 4007 procul
1084 3933 1166 3990 dubio
1189 3933 1276 3989 lactus
1298 3949 1361 3988 caru
1383 3941 1411 3989 et
1433 3932 1517 3988 lrater
1539 3942 1632 3989 noster
1646 3933 1714 3989 dens
1729 3951 1784 3990 uon

504 4017 596 4071 saeviat
619 4017 646 4073 in
669 4035 742 4078 suos.
767 4018 811 4091 qui
834 4035 894 4075 eum
916 4034 971 4081 non
993 4017 1044 4074 nisi
1067 4018 1193 4074 dominus
1216 4017 1323 4073 humani
1347 4017 1454 4089 generis
1477 4008 1558 4080 esset,
1580 4019 1710 4099 pugnavit
1732 4036 1783 4092 pro

448 4101 630 4161 §.sexternis
675 4103 753 4175 Agite
778 4103 849 4176 quod
872 4110 961 4163 vestra
984 4103 1097 4159 interest
1118 4111 1147 4160 et
1168 4102 1256 4158 venite
1279 4110 1306 4158 et
1327 4103 1433 4176 arguite
1454 4119 1512 4166 me,
1541 4103 1564 4158 si
1591 4102 1673 4159 deero
1696 4103 1782 4165 vobis,

501 4217 702 4227 ———-—-

568 4283 622 4335 ¹In
635 4291 729 4336 vestra
741 4288 767 4335 1.
779 4302 834 4352 app.
849 4287 878 4336 in
890 4292 960 4336 recte
972 4285 1074 4336 omlis.
1110 4300 1143 4334 ac
1154 4286 1243 4350 recepi
1253 4300 1289 4336 ex
1299 4285 1348 4335 Be.
1383 4283 1565 4336 ⁴strennnc2.
1600 4284 1784 4335 ‘extimemus

502 4370 588 4434 Laqq.
607 4373 665 4418 aest.
679 4369 728 4420 Ba.
775 4370 859 4436 ⁸atq.
873 4370 1072 4436 relig.-om.B:.
1119 4369 1151 4401 Β*
1170 4372 1309 4421 accursuti
1321 4374 1347 4420 2.
1371 4367 1500 4421 eccelsiti
1513 4374 1540 4420 3.
1551 4370 1600 4420 Bz.
1620 4370 1747 4420 accusari
1757 4375 1782 4420 5.

502 4452 524 4485 ¹⁰
542 4452 679 4520 ecclesiae]
699 4455 763 4505 Sodi
775 4455 824 4505 Bz.
877 4453 894 4487 Ἰ
916 4454 946 4504 fit
958 4458 983 4504 2.
1036 4453 1058 4486 ¹³
1076 4440 1347 4506 inG.v'idotour.Bz.
1400 4441 1567 4504 ¹⁴‘anthores
1579 4458 1604 4504 2.
1618 4455 1783 4517 etetcr'nsm.

503 4535 524 4570 ¹⁸
541 4553 590 4589 nos
604 4541 659 4588 1.5.
674 4539 711 4589 el.
726 4555 805 4589 cenn.
820 4539 862 4591 32.
875 4538 916 4590 33.
930 4541 1005 4589 Dist.
1017 4539 1117 4590 LXIII.
1132 4537 1274 4602 (Gratiani
1292 4539 1366 4590 decr.
1379 4544 1449 4606 part.
1463 4537 1501 4603 l.)
1554 4537 1575 4571 ¹⁸
1593 4554 1673 4604 quam
1687 4543 1711 4590 1.
1724 4556 1782 4606 sqq.

500 4623 607 4688 quiBz.
653 4621 675 4655 ¹²
693 4629 770 4674 mort.
785 4640 847 4689 gen.
861 4623 909 4675 Bz.
945 4623 1147 4673 Felicissimum
1160 4623 1208 4672 Bz.
1226 4623 1587 4690 Felic.2...5.etaica'nqu.
1634 4621 1657 4656 ²⁰
1674 4622 1782 4690 subeg]

499 4703 564 4772 erlt]
584 4705 701 4757 Solimus
714 4709 735 4758 1.
750 4708 786 4758 cl.
800 4725 827 4774 p.
842 4706 937 4758 tunv.
950 4705 992 4756 26.
1038 4703 1061 4738 ¹¹
1079 4707 1276 4772 quibusaBz.
1316 4707 1447 4775 quamsi]
1467 4709 1590 4760 cumBz.
1629 4708 1652 4741 ²⁸
1664 4707 1784 4760 imbellis

498 4793 611 4859 quisquo
624 4796 648 4843 1.
661 4772 718 4860 epp.
737 4791 862 4843 imbelles
875 4805 995 4857 quosque
1008 4792 1055 4841 Bz.
1097 4790 1120 4824 ³⁰
1137 4788 1261 4858 Prosae]
1280 4794 1372 4845 Levit.
1385 4794 1483 4844 XXVI.
1496 4793 1521 4845 (l.
1540 4795 1782 4859 „Persequevnini”

448 4911 451 4916 -
497 4885 545 4928 ete.
564 4879 650 4939 eth.
663 4878 952 4943 PersequirnInidedit.
986 4875 1006 4908 ³¹
1016 4875 1038 4909 ³²
1051 4883 1248 4944 persequentur
1259 4872 1310 4929 8:ss
1341 4876 1781 4946 ⁸²millio3...5.B:.etaioinsqp.

350 4979 354 4987 ¹
407 4992 410 4997 -
496 4960 823 5028 ”Aufertellsaidff
859 4959 881 4993 ⁸⁴
899 4962 973 5012 Ionae
992 4962 1079 5014 utu.
1114 4962 1497 5028 ³⁵saeros.om.edd.proeter
1508 4963 1782 5030 B:.omn‚culp.B:.

497 5042 520 5077 ⁸⁸
537 5060 601 5096 suas
614 5047 680 5098 Bz.'
710 5062 771 5098 oum
795 5045 850 5096 alsi
860 5046 909 5097 Bz.
954 5044 976 5078 ¹⁹
989 5048 1117 5112 externis,
1137 5064 1171 5099 ao
1187 5063 1237 5114 pro
1254 5048 1350 5099 serula.
1362 5048 1413 5098 Bz.
1458 5051 1487 5099 ot
1503 5044 1609 5115 venite]
1628 5049 1692 5101 lsai.
1704 5049 1727 5101 1.
1741 5048 1781 5103 18.
