4300 6059
362 690 487 742 M'ffffl
497 705 535 743 tt>
544 705 691 742 ratumne
705 706 832 750 enum
846 707 956 742 nntuvtt
969 706 1068 742 cvncta
1083 706 1223 742 iurentur
1236 692 1559 758 uxuonraronrn.'(15tt‚)
1583 679 1593 749 1
1608 679 1653 748 Π

362 864 457 924 exteri
479 860 671 930 inveherent,
695 861 789 940 parati
812 836 942 922 essemus
964 863 1104 923 atrociter
1128 861 1242 931 ulcisci;
1266 881 1345 923 nunc
1368 882 1434 923 cum
1456 865 1501 924 bis
1523 865 1655 925 authori·

362 965 420 1026 bus
442 962 630 1027 destruamur
653 962 761 1046 quibus
783 962 989 1048 defensoribus
1018 971 1096 1024 tutos
1125 982 1188 1024 esse
1217 966 1362 1043 oportuit,
1394 966 1579 1027 continemus
1601 984 1655 1027 uos

361 1065 500 1146 quidem,
523 1052 576 1127 sed
598 1072 696 1126 tamen
719 1063 852 1125 nonnlbil
873 1083 951 1143 saepe
974 1084 1028 1145 per
1050 1066 1261 1144 impatientiam
1283 1068 1438 1128 mussitant
1459 1068 1566 1145 quibus
1581 1067 1653 1129 libe·

361 1171 425 1229 rinr
447 1174 493 1230 est
514 1172 635 1236 natura,
659 1173 746 1245 atque
770 1164 897 1244 aliquem
912 1184 1124 1246 nonnunquam
1141 1166 1306 1229 exclamare
1321 1167 1456 1229 audimus
1480 1169 1569 1230 ‘Istud
1585 1189 1654 1229 vero

339 1277 409 1331 aest
436 1266 504 1329 alili
531 1266 617 1347 lupos
645 1268 769 1346 practici,
800 1286 889 1347 capro
913 1270 1040 1338 vineam,
1071 1288 1162 1348 capro
1181 1252 1288 1329 'hortos
1315 1268 1483 1339 committi';
1509 1272 1652 1349 quosdam

363 1373 409 1433 bis
430 1371 588 1431 atrociora.
632 1387 697 1448 quae
720 1388 793 1450 cum·
811 1388 845 1430 eo
869 1370 990 1431 tendant
1011 1380 1044 1432 ut
1064 1370 1120 1431 nisi
1144 1389 1194 1432 ros
1216 1373 1304 1432 istum
1320 1373 1480 1432 enacndetis
1495 1380 1610 1442 statum,
1635 1389 1720 1440 acor.

362 1474 469 1534 restris
492 1470 574 1533 robis
595 1470 761 1552 periculum
783 1473 835 1540 sit,
859 1472 983 1533 desinite
1007 1473 1123 1534 taudem
1141 1474 1265 1534 iuncem
1281 1462 1333 1532 ros
1348 1473 1506 1543 collidere,
1531 1473 1653 1535 desinite

361 1574 447 1658 nibili
468 1571 706 1635 contentionibus
728 1575 915 1636 Germaniam
937 1575 1073 1652 perdere.
1119 1583 1206 1654 atque
1229 1575 1276 1635 bic
1299 1575 1355 1636 nisi
1378 1594 1424 1635 mc
1447 1554 1567 1643 amlitis,
1591 1568 1652 1638 ios,

361 1678 500 1757 inquam,
524 1676 574 1755 qui
596 1674 660 1735 baec
680 1675 791 1744 tacitis,
824 1677 950 1736 nisime
973 1678 1096 1747 auditis,
1128 1694 1232 1736 vercor
1256 1695 1292 1736 ne
1314 1675 1423 1755 aliquid
1446 1696 1478 1737 se
1501 1678 1651 1754 indignum

329 1770 459 1840 trrideat
480 1777 543 1841 laaec
566 1779 660 1838 natio:
683 1777 736 1838 sed
759 1776 857 1838 audite
880 1795 978 1857 quaeso
1001 1797 1035 1838 ac
1057 1780 1087 1838 in
1112 1779 1185 1838 riam
1209 1768 1317 1846 redite,
1341 1786 1370 1837 et
1393 1779 1448 1837 nisi
1470 1798 1537 1838 mox
1554 1782 1652 1840 omnia

362 1879 515 1946 nobiscnm
543 1897 632 1940 ruere
661 1877 762 1948 rultiS,
791 1878 948 1958 aliquando
976 1879 1149 1959 reipublicae
1176 1879 1277 1940 oculos
1308 1898 1341 1939 ac
1363 1899 1467 1940 manus
1489 1881 1650 1942 aclmoreto.

360 1999 433 2049 nam.
459 1981 510 2042 ubi
539 1980 628 2060 (quod
658 1979 730 2041 deus
751 1980 915 2062 probibeat)
946 1983 974 2042 iu
1003 1981 1081 2042 illam
1112 1980 1189 2059 tulgi
1216 1983 1411 2042 secessionem
1435 2000 1483 2042 res
1505 1974 1650 2051 inciderit,
1662 1991 1719 2042 tm.
1778 1973 1779 1976 ¹

359 2062 520 2146 cfficrimen
542 2100 602 2142 non
626 2083 683 2143 erit
704 2098 759 2142 nec
783 2084 861 2143 ratio
881 2082 1038 2145 habebitur
1061 2090 1202 2163 quantum
1226 2085 1350 2161 quisquc
1372 2092 1423 2144 aut
1445 2084 1563 2143 omuino
1587 2086 1653 2162 quis

359 2187 500 2248 nocuerit
521 2183 566 2246 vel
589 2184 618 2243 in
642 2201 731 2262 quem
753 2184 930 2263 experienda
952 2184 1025 2244 ultio
1048 2185 1099 2254 sit;
1123 2203 1189 2245 curn
1214 2184 1387 2245 nocentibus
1409 2187 1581 2245 innocentes
1602 2204 1653 2263 pc·
1718 2209 1719 2212 ¹

328 2294 476 2357 tacentur,
505 2294 533 2348 et
562 2284 671 2346 nullius
697 2284 797 2346 habita
825 2287 939 2347 ratione
961 2303 1015 2364 per
1036 2288 1180 2354 insaniam
1208 2288 1317 2365 passim
1344 2287 1493 2348 sonetur:
1521 2288 1550 2346 id
1573 2286 1652 2365 quod
1722 2331 1730 2344 .

361 2408 467 2451 carcre
489 2405 539 2447 ros
561 2394 679 2466 oportet
701 2405 735 2447 ac
757 2389 788 2447 iu
810 2387 962 2466 publicum
985 2386 1142 2449 consulere¹
1162 2396 1191 2448 et
1212 2389 1247 2448 ad
1271 2389 1424 2466 ingratiam
1440 2388 1567 2450 reditum
1582 2389 1651 2448 bor-

361 2493 419 2552 tari
441 2508 476 2551 ac
497 2490 622 2550 invicem
645 2487 953 2574 albquiclcoucedere.
998 2491 1076 2568 quod
1099 2493 1122 2549 ai
1146 2470 1219 2550 adeo
1242 2508 1363 2550 necesse
1386 2492 1719 2560 concatenantur.

360 2610 467 2670 magna
489 2600 586 2653 tamen
611 2609 678 2651 cnm
701 2593 830 2652 omnium
855 2591 990 2660 utilitate,
1014 2599 1111 2652 vestra
1133 2591 1217 2652 laude
1239 2591 1331 2651 beret.
1377 2591 1495 2670 quidni?
1518 2611 1585 2652 com
1601 2610 1652 2652 ue·

360 2695 469 2757 fassit
498 2710 561 2755 rcrn
588 2694 730 2772 privatam
759 2692 875 2771 publica
904 2695 1050 2773 potiorem
1081 2693 1205 2764 ducere,
1236 2713 1270 2753 ac
1293 2701 1387 2754 restra
1411 2694 1528 2754 dissidia
1550 2694 1652 2754 baritis·
1692 2692 1698 2705 '
1742 2748 1746 2755 .

324 2796 444 2857 wmodi
474 2797 533 2855 sint
560 2801 592 2855 ut
619 2795 778 2856 domestica
807 2797 948 2875 cuiusque
977 2779 1027 2856 aut
1048 2797 1165 2858 inanem
1189 2796 1274 2854 etiam
1298 2793 1487 2856 erubitioncm
1511 2796 1650 2865 referant,

360 2900 480 2959 interim
502 2896 641 2976 quicquid
665 2915 700 2956 ex
723 2897 823 2973 quavis
844 2905 927 2977 parte
949 2899 1026 2976 perit
1047 2897 1166 2977 publico
1188 2905 1305 2976 pereat,
1330 2897 1467 2975 quicquid
1489 2897 1540 2954 uni
1555 2892 1651 2985 clet'rass

359 3001 442 3060 hiim
464 2997 602 3060 omuibus
623 2996 812 3069 detrahatur,
842 3001 879 3060 ita
903 3002 985 3060 eritis
1007 3000 1113 3060 invidia
1138 3000 1288 3067 excecati,
1312 2999 1355 3057 ira
1379 2998 1536 3065 immutati,
1559 2997 1651 3057 aanrbi·

360 3103 441 3163 dune
464 3101 614 3180 perversi,
643 3106 694 3160 aut
721 3101 759 3159 ita
788 3100 881 3162 laudis
909 3120 942 3161 ac
970 3101 1056 3161 bonae
1079 3102 1227 3180 opinionis
1250 3105 1469 3178 contemptores
1492 3099 1587 3166 eritis,
1617 3106 1650 3159 ut

360 3222 421 3263 uon
445 3201 602 3281 aliquando
624 3203 756 3263 sentiatis
778 3202 849 3280 quid
872 3221 923 3263 vos
945 3203 1065 3264 deceat?
1089 3210 1117 3263 et
1144 3203 1230 3262 decet
1258 3220 1310 3260 vos
1338 3200 1376 3260 cb
1399 3199 1547 3278 publicam
1571 3199 1719 3260 otili-car.

321 3313 467 3373 araon,
491 3303 529 3364 ob
552 3321 708 3365 commune
730 3301 841 3364 bouum
865 3304 1039 3366 domesticas
1062 3305 1212 3383 deponere
1234 3302 1411 3372 simultates,
1435 3319 1552 3361 omrnm
1575 3303 1652 3362 inter

359 3425 412 3467 ros
434 3405 562 3467 abiicere
586 3406 763 3467 oileusarum
785 3405 1038 3474 recordationem,
1067 3403 1139 3465 nulli
1162 3424 1244 3466 suam
1266 3404 1396 3465 im'idcre
1420 3404 1582 3471 fortunam,
1606 3404 1651 3462 iu·

359 3509 497 3571 mennam
518 3526 622 3587 pacem
644 3526 814 3577 accersere,
844 3506 990 3585 publicam
1014 3507 1204 3568 concordiam
1227 3505 1379 3584 amplecti,
1407 3504 1496 3564 multa
1527 3506 1650 3565 invicem

360 3611 545 3681 condonare,
575 3602 664 3671 multa
688 3610 856 3687 remittere:
885 3609 988 3694 ridetis
1017 3629 1068 3672 ecs
1096 3610 1147 3687 qui
1174 3607 1265 3668 marlia
1288 3607 1351 3667 aliis
1373 3607 1541 3668 concedunt
1563 3608 1650 3666 etiam

359 3713 398 3774 dc
418 3730 489 3782 suo,
513 3713 615 3789 etqui
638 3730 848 3790 nonnunquam
871 3730 960 3789 prece
983 3731 1017 3771 ac
1039 3712 1134 3788 pretio
1156 3729 1260 3789 pacem
1283 3717 1400 3779 emunt,
1424 3708 1589 3794 plurimum
1607 3710 1651 3768 in·

322 3815 449 3875 otono
471 3814 589 3890 augeri,
613 3811 771 3893 plurimum
795 3814 955 3874 ditescere:
979 3813 1035 3874 boc
1058 3812 1210 3892 exemplo,
1235 3821 1266 3873 ut
1281 3812 1407 3892 publicis
1423 3810 1587 3872 consultum
1603 3810 1648 3879 sit,

359 3917 472 3994 privata
493 3915 686 3977 contemnite!
710 3915 883 3994 Quanquam
907 3933 964 3994 quo
987 3914 1110 3975 consilio
1134 3935 1184 3976 sua
1208 3918 1350 3995 cuiusque
1374 3915 1465 3992 magis
1488 3913 1645 3982 llorebuut,
1659 3922 1718 3972 §.le

359 4018 455 4095 magis
476 4023 561 4078 aucta
583 4035 618 4076 ac
640 4015 815 4103 amplificata
838 4023 927 4078 eruut
948 4035 1036 4096 quarn
1058 4017 1083 4077 si
1104 4016 1230 4096 publicis
1252 4017 1392 4092 studeatis
1407 4002 1528 4076 nnn'resl
1551 4034 1650 4076 noune

359 4128 490 4179 rasuram
514 4136 602 4179 nemo
625 4119 742 4198 estqui
764 4121 848 4196 prius
869 4119 926 4197 atti,
941 4126 1059 4190 noceat,
1084 4138 1171 4199 quam
1195 4118 1249 4179 sibi
1265 4120 1327 4197 ipse
1342 4120 1496 4178 nocuerit?
1519 4120 1558 4177 ita
1575 4116 1649 4176 nibil

359 4221 475 4283 ductus
496 4238 568 4281 cum
585 4219 715 4282 babeant
736 4227 840 4282 restrae
862 4216 1082 4292 contentiones,
1110 4219 1270 4299 plurimum
1300 4219 1471 4280 calamitatis
1499 4239 1533 4280 ac
1563 4221 1650 4280 mise·

321 4325 414 4387 o‘riae
435 4324 576 4393 atterunt,
607 4340 819 4402 nonnunquam
841 4323 908 4401 plus
929 4324 965 4383 iis
987 4323 1037 4402 qui
1061 4323 1262 4384 contumacius
1284 4321 1362 4383 bello
1385 4321 1513 4383 student.
1550 4323 1574 4381 si
1597 4322 1650 4399 igi·

359 4433 408 4486 tur
430 4443 492 4485 non
512 4422 608 4487 solum
631 4442 689 4486 uon
705 4427 848 4487 accrescit
862 4426 928 4487 inde
943 4425 1026 4487 vobis
1040 4423 1164 4504 aliquid,
1188 4424 1239 4484 sed
1256 4422 1400 4483 decrescit
1415 4425 1502 4483 etiam
1518 4425 1649 4492 nimium,

358 4535 388 4588 et
410 4528 436 4588 si
458 4525 539 4603 qued
561 4527 717 4594 Germania
740 4529 833 4607 perit,
863 4530 958 4589 omnis
985 4529 1016 4588 in
1045 4523 1096 4588 vos
1122 4525 1208 4604 culpa
1232 4522 1380 4595 reiicitur,
1411 4544 1509 4604 quaeso
1532 4524 1648 4586 taudem

280 4710 285 4719 1
357 4628 541 4706 resipiscite!
571 4630 659 4689 unius
687 4628 804 4691 arboris
832 4631 906 4690 rami
936 4631 1019 4699 estis,
1048 4630 1135 4698 nnius
1158 4630 1292 4707 corporis
1320 4626 1469 4697 memhra;
1498 4627 1649 4706 patiemini
1659 4637 1718 4688 §.aa

392 4850 460 4900 ⁸Ut
477 4865 528 4901 nos
546 4851 601 4901 aem
624 4851 700 4914 qu
713 4852 754 4901 die
772 4851 867 4914 Sedasa
885 4857 1069 4907 cimericum,
1088 4849 1288 4901 ‹IenBoclrznm
1302 4849 1535 4926 (lartum-maclam.
1584 4844 1604 4878 ¹²
1617 4808 1649 4896 il-

355 4933 414 4985 lam
426 4935 505 5001 vulgi
517 4933 630 5001 secans]
649 4936 709 4985 Non
722 4936 762 4985 ita
773 4935 855 5001 longe
874 4941 930 4985 tom
949 4935 1065 4985 aberent
1082 4935 1225 4985 rusticane
1243 4933 1326 4985 bella.
1389 4931 1410 4963 ⁸³
1429 4933 1502 4998 priua
1520 4933 1544 4982 le
1558 4935 1574 4982 l.
1589 4933 1650 4982 add.

356 5025 391 5107 ¹¹2
401 5022 450 5071 sed
466 5020 543 5086 priua
561 5024 636 5082 etiarn
651 5026 712 5084 poet
729 5021 783 5070 sibi
798 5023 884 5085 posuit
903 5022 927 5071 4.
979 5018 1001 5050 ³⁶
1018 5020 1053 5069 iis
1065 5023 1094 5069 Β.
1114 5019 1156 5068 his
1170 5022 1224 5069 Η.
