4300 6059
462 680 536 759 260
572 714 708 751 utentum
722 715 894 751 uturuouttu
909 716 1011 751 obturo
1024 716 1059 750 DE
1073 715 1261 750 uxuuulrtorttt
1274 715 1384 751 cunm
1396 716 1502 752 TVBCAS
1516 715 1709 751 susurrum.

393 877 559 939 tuturos?
582 874 656 931 hildo
679 874 830 929 animorum
852 882 1004 929 vestrorum
1027 873 1237 945 magnitudinem
1260 882 1287 929 et
1309 873 1360 929 iam
1384 873 1524 930 florentem
1546 874 1574 929 in
1596 874 1673 931 vobis
1695 876 1747 933 vir·

461 969 560 1025 tutem;
583 959 651 1015 addo
674 959 812 1013 ardentem
836 959 861 1013 iu
885 958 988 1030 maguis
1011 958 1157 1031 arduisque
1179 957 1260 1014 rebus
1280 958 1453 1031 perficiundis
1472 959 1661 1033 cupiditatem,
1684 977 1747 1040 quaa

460 1046 568 1120 quidem
591 1046 618 1098 in
642 1045 691 1098 ista
715 1051 801 1098 vestra
825 1042 1016 1098 florentissima
1045 1049 1138 1105 aetate,
1167 1060 1228 1117 quae
1256 1041 1402 1099 illustrium
1433 1044 1566 1099 laetorum
1596 1044 1747 1101 affectatrix

458 1146 519 1186 esse
542 1128 625 1190 solet,
648 1135 776 1201 tanquam
796 1129 824 1183 in
846 1127 986 1202 speculum
1010 1128 1178 1184 intuentihus
1193 1136 1439 1201 repraesentantur:
1461 1128 1530 1184 addo
1544 1128 1661 1201 denique
1676 1129 1747 1185 loeli·

457 1216 567 1271 citatem
596 1230 687 1270 rerum
709 1213 899 1276 humanarum,
929 1230 1007 1286 quam
1035 1230 1097 1269 cum
1124 1213 1224 1268 virtute
1254 1220 1310 1268 tuin
1338 1214 1448 1269 lortuna
1478 1222 1583 1287 partun
1613 1215 1675 1286 quis
1697 1222 1768 1271 anta

459 1300 587 1355 divinitus
609 1306 656 1355 ant
677 1299 734 1355 lato
756 1315 807 1371 pro
829 1297 971 1354 Christiani
993 1298 1111 1354 nominis
1133 1296 1258 1353 libertate
1281 1299 1307 1352 in
1330 1297 1406 1353 vohis
1427 1297 1587 1355 collocatam
1609 1315 1669 1354 esse
1690 1315 1746 1355 non

391 1401 448 1452 §.aa
460 1384 627 1440 arbitretur?
649 1384 678 1438 ln
700 1400 733 1438 eo
756 1391 845 1438 tamen
868 1381 1039 1456 potissimum
1062 1390 1150 1438 vestra
1180 1382 1270 1438 lutum
1299 1381 1388 1455 gloria
1415 1400 1445 1438 ac
1473 1399 1571 1439 nomeu
1593 1382 1746 1439 immortale

457 1468 720 1549 positum‘videtur,
744 1467 817 1540 quod
839 1466 1021 1539 singularibus
1043 1476 1070 1522 et
1092 1467 1189 1523 divinis
1211 1467 1357 1522 virtutibus
1379 1467 1476 1522 vestris
1498 1484 1529 1524 ac
1551 1469 1668 1523 fortunis
1691 1467 1748 1526 Ce-

457 1570 560 1616 saram,
582 1554 702 1609 omnium
724 1550 879 1607 mortalium
901 1551 1142 1625 prudentissimum
1164 1570 1195 1607 ac
1213 1550 1409 1613 lurchonem,
1432 1551 1613 1607 benivolentia
1635 1560 1663 1607 et
1678 1569 1745 1627 pro-

457 1638 608 1712 pinquitate
629 1638 803 1694 coniunctum
826 1653 887 1692 esse
908 1636 1057 1697 cernimus,
1082 1647 1109 1693 et
1132 1638 1168 1693 ita
1190 1638 1379 1697 coniunctum,
1402 1645 1446 1698 ut,
1468 1637 1521 1693 nisi
1543 1637 1580 1692 dii
1595 1644 1677 1710 atque
1693 1637 1779 1695 lio-m

458 1724 544 1779 mines
567 1722 646 1778 aliter
668 1729 803 1784 statuant,
826 1722 859 1777 ad
881 1720 1025 1777 Christiani
1047 1723 1165 1778 nominis
1191 1729 1381 1794 augmentum,
1411 1722 1443 1778 ad
1473 1738 1618 1795 perennem
1647 1722 1745 1780 lamam

389 1827 448 1878 §.aa
458 1807 526 1862 nihil
541 1814 588 1862 aut
603 1808 766 1881 praesentius
782 1815 828 1862 aut
842 1806 1007 1879 auspicatius
1023 1808 1149 1863 accedere
1165 1808 1294 1881 potuerit.
1331 1824 1411 1880 quam
1427 1806 1462 1862 ob
1478 1824 1535 1862 rem
1552 1807 1639 1863 (ianm
1659 1824 1744 1880 opera

456 1900 510 1954 est.
534 1891 652 1948 utillud
676 1892 773 1947 iterum
797 1900 929 1965 repetam.
953 1908 986 1946 ne
1009 1892 1165 1964 quodcum
1188 1892 1300 1947 maxima
1323 1900 1410 1947 vestra
1432 1890 1511 1947 laude
1532 1909 1562 1948 ac
1576 1892 1670 1966 potius
1686 1893 1746 1966 pie·

457 1971 512 2033 tate
534 1994 598 2051 erga
621 1976 799 2032 Christianam
821 1993 876 2031 rem
900 1974 1034 2048 publicam
1061 1977 1268 2038 construxistis,
1297 1974 1364 2031 illud
1391 1993 1452 2032 cum
1481 1976 1593 2031 maxima
1621 1979 1687 2031 n'ota
1715 1985 1745 2033 et

455 2061 619 2117 detrimento
641 2061 811 2117 maiestatum
834 2067 983 2115 vestrarum
1013 2078 1043 2116 ac
1070 2062 1151 2117 etiam
1179 2078 1248 2118 verae
1277 2060 1424 2133 impietatis
1446 2062 1544 2116 indicio
1573 2062 1777 2117 destinaturus

455 2164 515 2202 nam
539 2155 570 2201 ut
592 2146 618 2201 in
640 2163 705 2219 pace
728 2145 847 2200 omnium
870 2162 960 2200 rerum
982 2146 1152 2201 commodum
1176 2146 1281 2218 imperii
1304 2163 1333 2200 ao
1348 2145 1490 2201 Christiani
1514 2146 1632 2202 nominis
1655 2146 1744 2206 incre

455 2239 590 2291 mentum,
614 2239 644 2285 ut
666 2238 752 2285 vestra
776 2229 845 2285 lama
867 2247 897 2284 ac
919 2228 1008 2301 gloria
1031 2230 1117 2286 maior
1139 2239 1167 2286 et
1189 2231 1255 2285 oriri
1278 2240 1305 2286 et
1327 2231 1421 2303 angeri
1442 2238 1548 2304 potest,
1577 2232 1617 2287 sic
1637 2231 1744 2287 discor·

454 2315 497 2371 dia
519 2333 551 2372 ac
571 2313 705 2370 bellorum
725 2322 901 2388 tempestate,
927 2321 956 2370 ut
978 2315 1105 2388 superius
1126 2333 1143 2371 a
1164 2333 1206 2371 mc
1227 2316 1393 2389 disputatum
1422 2323 1477 2376 est,
1506 2315 1595 2371 omnia
1623 2316 1742 2372 allerun·

456 2407 501 2455 tor
522 2399 705 2460 incommoda.
728 2400 924 2455 exhauriuntur
946 2416 1093 2472 regnorum
1116 2401 1200 2461 viros,
1223 2399 1345 2456 uec'sine
1363 2408 1417 2455 tum
1434 2400 1550 2455 nominis
1565 2409 1622 2455 tum
1637 2401 1743 2473 magni·

455 2483 557 2539 tudinis
579 2493 674 2540 vestrae
696 2485 797 2540 iactura
820 2501 850 2541 ac
872 2482 969 2539 invidia
991 2484 1172 2540 etbomimim
1188 2493 1216 2539 ot
1230 2485 1341 2540 deorum
1363 2484 1554 2540 immortalium
1568 2484 1776 2541 Christianusao

386 2590 446 2641 aaa,
457 2569 568 2642 sanguis
590 2569 746 2625 effunditur.
790 2566 867 2635 Quod
889 2576 979 2625 autem
1001 2569 1034 2624 dc
1056 2570 1252 2643 potentissimis
1274 2568 1385 2641 regibus
1408 2587 1422 2624 a
1444 2586 1486 2625 me
1508 2569 1609 2624 dictum
1631 2577 1682 2631 est
1705 2586 1741 2626 ue

453 2651 562 2727 longius
585 2671 645 2710 cum
666 2653 825 2710 absentibus
847 2654 959 2727 loquar¹
984 2653 1052 2709 idem
1075 2654 1109 2709 de
1130 2654 1206 2709 vobis
1234 2654 1339 2715 sentio,
1366 2654 1557 2709 animosissimi
1585 2654 1741 2727 principes:

456 2746 562 2812 tempus
584 2739 656 2794 enim
678 2740 754 2794 adest
776 2746 816 2799 et,
841 2747 871 2795 ut
894 2737 1079 2800 intellexistis,
1103 2740 1262 2800 necessitas.
1285 2737 1475 2813 utaliquando
1490 2746 1518 2794 et
1533 2755 1580 2795 vos
1595 2738 1741 2813 resipisca-

454 2823 488 2878 tis
522 2823 735 2898 existimetisque
770 2822 845 2879 nullo
881 2841 997 2897 uuquam
1027 2832 1148 2896 tempore
1178 2823 1258 2880 talem
1286 2823 1363 2878 vobis
1391 2824 1424 2879 ad
1450 2821 1606 2879 admirabile
1635 2823 1741 2901 aliquid
1806 2885 1808 2890 ⁴

452 2909 585 2980 agendum
608 2909 775 2965 occasionem
797 2908 959 2981 contigisse:
988 2907 1076 2964 omnia
1106 2907 1181 2964 vobis
1204 2906 1390 2964 adiuvantibus
1417 2925 1450 2964 ex
1477 2908 1581 2965 Caesare
1608 2909 1774 2981 pendentia

453 2992 543 3049 omnia
565 2994 593 3048 iu
615 2993 681 3071 ipso¹
699 3001 825 3066 tanquam
847 2993 875 3048 in
896 3010 1017 3072 summo,
1039 2993 1252 3066 prudentissimo
1275 3010 1305 3048 ac
1328 2992 1479 3049 fortissimo
1501 2993 1664 3066 imperatore
1686 2993 1742 3052 sita

452 3076 639 3151 collocataque
661 3086 739 3134 sunt:
763 3077 834 3134 bunc
855 3094 922 3150 ergo
945 3078 1086 3150 respicite,
1110 3078 1182 3133 bunc
1204 3077 1362 3150 sequimini,
1385 3077 1456 3139 hunc
1479 3078 1635 3139 observate,
1665 3074 1741 3135 hunc

384 3161 551 3231 §.tt.colite;
573 3179 714 3218 commune
736 3162 850 3224 bonum,
873 3163 1002 3236 pietatem
1024 3170 1071 3225 et,¹
1089 3171 1120 3217 ut
1134 3162 1234 3236 saepius
1248 3162 1348 3224 dicam,
1371 3162 1556 3223 concordiam,
1579 3162 1624 3218 cui
1639 3180 1670 3219 se
1685 3164 1739 3219 iarn

452 3255 539 3303 totum
562 3246 674 3331 qbtulit,
698 3246 903 3320 amplectimini,
932 3264 1012 3320 quam
1040 3247 1148 3321 quidem
1177 3248 1205 3302 iu
1231 3247 1362 3320 augendis
1392 3247 1484 3319 reguis
1512 3254 1617 3303 tautum
1639 3247 1742 3317 virium,

451 3331 578 3387 habuisse
600 3332 704 3405 antiqui
726 3331 849 3387 arbitrati
872 3339 949 3394 sunt,
973 3340 1003 3387 ut
1026 3349 1084 3388 eam
1107 3332 1192 3406 ipsam
1213 3333 1332 3388 numinis
1353 3330 1414 3388 loco
1441 3331 1674 3388 consecraverint:
1703 3345 1772 3389 caan

451 3416 583 3488 siquidem
605 3417 684 3478 iacit,
708 3424 738 3471 ut
759 3433 815 3472 uon
837 3417 956 3490 propriae
979 3414 1073 3489 gloriae
1095 3417 1185 3489 cupidi
1207 3417 1304 3477 simus,
1328 3417 1376 3472 sed
1396 3433 1565 3472 communem
1588 3414 1753 3493 utilitatem·

451 3499 659 3574 amplectamur:
682 3502 733 3556 boc
756 3510 786 3556 ut
807 3517 821 3555 a
844 3517 927 3575 parvo
951 3500 1028 3557 initio
1051 3500 1216 3575 amplissima
1239 3501 1349 3575 imperia
1372 3517 1473 3573 augere
1487 3509 1591 3573 potest.
1615 3502 1652 3556 ita
1668 3500 1737 3558 illud

383 3598 440 3649 §.aa
451 3602 521 3658 saepe
545 3585 671 3641 maximas
693 3584 860 3659 respublicas
886 3585 918 3640 ad
946 3585 1131 3642 tenuissimam
1159 3586 1297 3641 fortunam
1326 3586 1463 3658 redegisse
1492 3584 1622 3659 legimus:
1655 3585 1737 3643 Calli·

447 3670 577 3731 cratidcs‚
600 3670 863 3727 Lacedaemoniorum
884 3670 949 3732 dux.
972 3669 1203 3744 Peloponnesiaco
1226 3669 1311 3733 bello,
1334 3688 1394 3726 cum
1417 3670 1502 3726 multa
1524 3671 1635 3726 lecisset
1655 3687 1737 3744 egre·

449 3755 507 3826 gie,
531 3754 612 3809 vertit
633 3754 665 3809 ad
687 3762 844 3810 extremum.
858 3755 961 3816 omnia,
984 3772 1045 3811 cuin
1067 3765 1181 3829 propter
1202 3772 1277 3811 suam
1300 3755 1386 3827 ipsius
1408 3754 1523 3828 gloriam
1544 3754 1661 3812 consilio
1676 3770 1767 3813 nonas

447 3839 538 3912 paruit
559 3856 653 3894 eorum
676 3839 723 3911 qui
743 3838 855 3895 classem
879 3839 912 3895 ab
939 3840 1098 3912 hrginussis
1127 3840 1327 3900 removendam.
1357 3857 1406 3896 nec
1434 3857 1495 3897 cum
1523 3839 1736 3899 Atheniensibus

450 3923 622 3996 pugnandum
645 3923 788 3997 putabant:
817 3922 1005 3980 Cleombrotus
1035 3925 1132 3981 timens
1159 3924 1282 3980 invidiam
1310 3931 1405 3980 contra
1434 3924 1643 3998 Epaminondam
1671 3942 1735 3982 cum

381 4015 551 4072 §.tatemere
572 4006 753 4072 conflixisset,
776 4008 971 4082 Spartanorum
994 4009 1057 4065 item
1081 4026 1147 4084 opes
1168 4017 1339 4064 corruerunt.
1388 4008 1524 4064 Praeterea
1545 4008 1612 4065 nihil
1636 4009 1664 4065 in
1679 4010 1736 4067 vita

449 4090 602 4148 mortalium
624 4092 710 4165 magis
731 4092 881 4149 damnabile
909 4111 988 4167 qnam
1015 4111 1075 4150 cuin
1103 4092 1189 4149 aliena
1217 4093 1384 4149 incommoda
1411 4092 1617 4150 conniventibus
1644 4094 1736 4152 oculis

448 4185 608 4251 spectamus,
653 4176 726 4240 Scio,
749 4178 813 4234 dum
834 4195 890 4233 nos
907 4178 979 4234 inter
1000 4194 1050 4234 nos
1072 4177 1165 4233 hostes
1188 4195 1293 4240 sunaus,
1326 4179 1390 4234 dum
1417 4178 1468 4233 nisi
1497 4185 1596 4237 mutum
1618 4178 1769 4236 interni-ao

448 4262 533 4318 ciouis
556 4262 674 4331 lementa
695 4261 948 4324 alimus-Thomas
969 4262 1133 4318 Pannoniam
1155 4271 1347 4335 superaturum
1375 4263 1431 4318 scio
1459 4271 1488 4319 et
1514 4281 1578 4327 vos,
1607 4271 1638 4319 ut
1659 4281 1735 4322 nuuc

447 4348 553 4419 agitur,
576 4356 622 4404 aut
644 4363 739 4420 parum
760 4356 808 4403 aut
829 4348 896 4403 nihil
918 4356 1075 4407 curaturos:
1105 4355 1235 4402 caeterum
1263 4347 1361 4403 scitote
1383 4347 1547 4403 Pannoniam
1569 4348 1645 4404 vobis
1667 4366 1735 4422 pro-

446 4431 573 4505 pinquam
596 4447 670 4487 esse:
706 4431 762 4487 scio
785 4430 887 4487 ltaliam
909 4431 960 4487 sub
982 4431 1149 4487 Thurcarum
1171 4432 1265 4504 iugum
1293 4433 1408 4495 ituram;
1441 4431 1488 4487 scd
1518 4433 1582 4505 quid
1609 4432 1643 4489 ab
1673 4435 1734 4507 ipsa

446 4515 498 4570 nisi
520 4514 602 4591 Alpes
625 4513 792 4573 Germaniam
814 4525 929 4572 vestram
950 4515 1088 4571 dividuut'l
1117 4515 1222 4573 Taurus
1244 4525 1346 4579 minen,
1378 4516 1450 4572 haiae
1473 4533 1551 4573 mons
1572 4516 1733 4582 altissimus,

448 4678 648 4689 ——.

469 4772 611 4831 .⁴l'elio.2.
646 4780 736 4830 ⁸asse
748 4780 804 4849 yid.
816 4781 842 4830 8.
877 4776 945 4845 ’ael
959 4785 987 4831 et
1000 4784 1025 4830 2.
1061 4780 1200 4833 benev.2.
1241 4778 1262 4813 ¹²
1273 4781 1341 4831 nihil
1354 4783 1428 4833 aliud
1440 4798 1481 4848 pr.
1494 4786 1520 4833 2.
1568 4781 1733 4851 ¹⁵et]aet.

447 4863 468 4896 ¹⁹
481 4879 556 4927 regn.
571 4864 631 4914 exh.
645 4880 670 4914 v.
684 4867 721 4913 2..
748 4861 771 4894 ⁸⁴
787 4864 830 4913 De
849 4863 1031 4914 Callicratide
1049 4865 1087 4915 ci.
1099 4865 1223 4931 Xenoph.
1237 4865 1469 4917 casanistae.
1487 4867 1569 4918 Diod.
1582 4867 1639 4919 Sic.
1651 4868 1732 4923 xut.

446 4945 487 4995 llil.
495 4962 553 5010 sqq.
588 4945 610 4976 ⁸²
627 4948 669 4995 De
689 4945 861 4996 Cleombroto
880 4948 915 4998 ci.
928 4949 1053 5014 Xenoph.
1067 4949 1085 4998 l.
1100 4966 1124 4999 c.
1137 4951 1169 5000 V.
1176 4951 1202 5000 t.
1225 4951 1306 5025 Diod.
1320 4950 1375 5001 Sic.
1387 4953 1446 5002 XV.
1458 4951 1565 5017 hbaqq.
1618 4955 1732 5021 Epami·

447 5028 563 5094 nondam
581 5032 606 5077 2.
641 5027 664 5062 ⁸⁸
682 5029 895 5095 sparthanorum
908 5035 932 5082 1.
971 5031 994 5065 ⁴⁰
1010 5021 1144 5085 internae.
1157 5037 1181 5083 2.
