4300 6059
443 670 490 741 2ss
584 700 706 736 rsuram
725 701 754 735 nt
773 700 867 736 DVCEH
885 699 1162 736 wattuumosrtsmt
1180 699 1284 736 oacrio
1303 701 1336 736 11.
1359 697 1474 738 INBVM·
1488 702 1514 737 Δ.
1528 695 1588 737 ibli·

442 856 638 935 persequendi
658 855 737 916 bunc
760 855 857 916 studio
879 863 997 925 tenear,
1031 856 1148 917 decoris
1173 861 1270 917 tameo
1298 857 1357 917 mei
1382 874 1444 917 uon
1467 855 1636 926 obliviscar,
1673 877 1729 919 nec

440 967 553 1019 tanturn
577 958 656 1020 bunc
676 957 784 1033 odero,
820 965 850 1018 ut
870 958 978 1036 pudori
1000 958 1138 1019 adversor
1158 977 1240 1028 meo,
1273 957 1408 1037 daboque
1430 977 1570 1037 operam,
1603 967 1635 1019 ut
1663 977 1729 1037 quas

436 1063 528 1122 istum
557 1062 654 1122 facere
685 1077 744 1119 non
771 1059 891 1139 puduit,
919 1078 967 1120 me
996 1060 1095 1122 dicere
1122 1060 1239 1138 pudeat.
1286 1058 1374 1120 Vobis
1402 1061 1554 1138 iudignum
1582 1062 1728 1140 principis

441 1164 566 1224 foeminae
596 1180 713 1230 casum,
742 1162 793 1240 qui
819 1180 866 1222 me
894 1179 1012 1240 quoque
1042 1181 1059 1223 a
1086 1162 1248 1224 domestico
1274 1161 1377 1223 dolore
1407 1164 1551 1241 tantisper
1573 1162 1726 1234 abstraxit,

440 1263 630 1332 commendo,
653 1261 820 1343 quam'ilie,
844 1265 912 1342 quia
928 1265 958 1324 in
976 1282 1058 1324 suarn
1082 1264 1293 1342 turpitudinem
1315 1281 1402 1343 quam
1429 1266 1625 1336 consentiret,
1648 1268 1749 1327 moris

439 1368 522 1447 prius
544 1365 649 1435 voluit,
673 1365 863 1444 impudicitiae
885 1384 920 1426 ac
940 1356 1045 1444 probri
1067 1365 1240 1426 insimulare
1263 1385 1351 1432 ausus
1380 1374 1439 1435 est;
1469 1374 1499 1428 et
1519 1367 1577 1428 boc
1599 1370 1672 1447 egit,
1695 1375 1728 1431 ut

440 1471 464 1531 si
486 1468 678 1548 processisset
700 1469 827 1529 immane
850 1467 923 1528 iilud
944 1468 1131 1530 interimendi
1153 1467 1324 1538 consilium,
1347 1449 1561 1547 deprehensam
1579 1471 1611 1531 in
1628 1470 1728 1548 aliquo

323 1563 326 1567 ’
371 1585 390 1635 t.
399 1587 431 1631 io.
441 1589 547 1648 magun
576 1589 611 1630 ac
633 1569 817 1631 memorabili
849 1569 962 1631 sceiere
993 1570 1277 1631 comminisceretur.
1322 1570 1407 1642 Quod
1434 1569 1484 1631 iila
1509 1573 1640 1633 sentiens
1666 1591 1725 1633 oon

438 1680 565 1734 mortem
585 1672 672 1750 fugit,
696 1688 784 1751 quarn
808 1689 975 1732 erumnosae
1001 1672 1086 1750 prius
1108 1673 1273 1754 vitaesaspe
1294 1671 1478 1749 protulerat,
1501 1673 1552 1735 sed
1575 1675 1724 1735 infamiam

438 1795 472 1837 oc
490 1774 631 1843 dedecus,
655 1775 810 1834 coniuncta
832 1773 920 1834 morti
941 1773 1012 1834 buic
1031 1772 1107 1834 mola
1128 1772 1298 1841 declinavit;
1320 1781 1349 1834 et
1370 1775 1446 1835 rnori
1467 1776 1582 1838 fortiter
1604 1795 1636 1836 se
1657 1779 1723 1855 qui·
1736 1783 1780 1830 1⁰¹

438 1879 504 1939 deur
527 1878 648 1956 dignum
671 1876 768 1945 duxit,
791 1875 863 1937 dare
883 1884 980 1938 auteur
1001 1882 1083 1935 tanto
1105 1874 1212 1938 sceleri
1234 1876 1419 1937 occasionem
1447 1885 1476 1938 et
1497 1885 1638 1939 anteactae
1659 1880 1725 1939 vitae

436 1982 565 2042 fructum
584 1980 710 2059 perdere
732 1977 891 2062 degeneris·
906 1997 941 2038 ac
964 1995 1066 2038 verum
1089 1977 1179 2038 decus
1206 1995 1265 2036 non
1294 1981 1480 2055 agnoscentis
1502 1980 1592 2040 animi
1613 1980 1724 2042 iudica·

367 2084 485 2149 aravit.
522 2081 593 2153 Qum
614 2083 681 2161 quia
704 2081 771 2140 vivit
794 2086 824 2141 et
845 2079 932 2139 huius
955 2097 1058 2140 manus
1081 2079 1196 2157 effugit,
1226 2086 1256 2139 et
1284 2098 1321 2140 nc
1343 2085 1473 2160 unquam
1496 2081 1605 2142 incidat
1626 2083 1724 2144 fortis·

434 2187 578 2246 simorum
600 2184 725 2244 fratrum
747 2183 884 2262 presidio
908 2189 1109 2260 comparatum
1131 2190 1189 2251 est,
1214 2183 1330 2258 etquis
1353 2183 1606 2260 quemadmodum
1620 2186 1725 2246 vixerit
1788 2238 1793 2247 .

434 2293 571 2348 testatum
593 2284 736 2356 babetur,
757 2286 956 2364 quoniamque
977 2283 1120 2363 pestilens
1141 2285 1316 2345 atrocissimi
1344 2286 1494 2348 carnificis
1513 2285 1670 2347 consilium
1692 2288 1722 2346 in
1736 2300 1759 2340 is

435 2388 532 2450 lucem
552 2389 688 2455 emersit,
710 2388 832 2466 eiusque
854 2387 923 2447 odio
939 2393 1000 2447 tota
1021 2387 1106 2447 ardet
1126 2386 1300 2455 Germania,
1323 2405 1427 2449 omnes
1448 2387 1578 2454 fremunt
1592 2389 1722 2464 ordines,
1804 2420 1819 2432 ,

435 2490 506 2571 quid
528 2489 605 2551 afiud
628 2490 736 2550 decere
757 2501 808 2549 ros
830 2487 1016 2550 arbitramini
1039 2507 1127 2566 quam
1149 2495 1182 2548 ut
1202 2491 1291 2550 istum
1312 2507 1430 2567 semper
1451 2488 1509 2551 tale
1530 2489 1639 2568 aliquid
1661 2510 1724 2559 rue-

434 2594 574 2654 ditautem
597 2591 769 2653 maturrime
792 2610 808 2652 e
831 2574 927 2652 medio
951 2591 1109 2651 auferatis?
1136 2590 1296 2670 Quousque
1320 2592 1398 2653 enim
1424 2592 1546 2654 differtis
1564 2591 1626 2654 ,boc
1648 2593 1723 2654 iudi-

433 2697 528 2766 cium,
552 2701 580 2756 et
600 2693 767 2772 respirandi
788 2692 834 2753 isti
856 2694 1043 2754 occasionem
1066 2692 1158 2754 datis?
1180 2694 1316 2764 lamiam,
1339 2713 1357 2754 o
1380 2695 1534 2762 Germani,
1558 2701 1724 2772 prostratus

433 2798 487 2858 iste
510 2794 748 2876 comprimendus
770 2803 828 2866 est,
857 2813 913 2856 nec
935 2795 1064 2856 dandum
1086 2795 1250 2875 recipiendi
1277 2815 1342 2858 sese
1369 2805 1499 2876 tempus:
1536 2797 1648 2858 utimini
1669 2816 1758 2875 op-ro

434 2899 628 2979 portunitute‚
651 2899 682 2958 in
704 2905 839 2977 tempore
861 2896 1015 2959 consilium
1044 2879 1182 2978 irripite;
1212 2899 1398 2959 occasionem
1427 2904 1540 2961 tenete:
1572 2916 1723 2976 nunqnam

434 3001 548 3081 facilius
564 3001 631 3062 boc
660 3001 820 3074 conficiatis
845 2999 996 3076 negotium
1026 3017 1115 3076 quam
1142 3001 1184 3061 sic
1206 3002 1339 3079 proiecto
1356 2999 1422 3069 iilo,
1456 3001 1499 3062 sic
1521 3000 1646 3070 afflicto,
1680 3003 1724 3062 sic

365 3103 603 3173 §.recontractm
624 3103 667 3164 sio
688 3103 817 3182 undique
837 3109 928 3163 tento.
973 3119 1011 3162 au
1033 3102 1070 3162 ad
1099 3100 1178 3165 aliud
1203 3109 1319 3181 tempus
1346 3086 1500 3164 servabitis
1525 3101 1582 3162 boc
1610 3102 1722 3181 suppli·

434 3208 528 3275 cium,
542 3205 580 3265 in
601 3223 660 3284 quo
681 3204 902 3283 persequendo,
923 3205 991 3282 quia
1013 3205 1089 3265 istud
1109 3205 1324 3284 interposuistis
1346 3206 1491 3284 spatium,
1522 3222 1625 3266 carere
1653 3202 1722 3265 feri·

433 3309 498 3368 tatis
520 3308 682 3386 suspitione
704 3324 856 3384 uunquam
879 3300 1027 3393 poteritis,
1051 3312 1084 3366 ut
1105 3307 1157 3384 qui
1177 3308 1208 3366 in
1230 3325 1263 3367 rc
1285 3324 1408 3384 magna,
1430 3308 1538 3377 atroci,
1560 3307 1757 3376 horrendam

433 3408 611 3477 detestabili,
635 3415 719 3477 nota,
739 3409 775 3469 ad
791 3409 974 3487 puniendum
997 3410 1117 3486 segnius
1136 3410 1338 3469 accesseritis?
1359 3410 1396 3469 dt
1408 3408 1459 3470 itte
1477 3427 1536 3470 uon
1551 3409 1649 3486 segnis
1666 3428 1723 3470 nec

433 3529 564 3590 unquam
587 3511 794 3590 perpetrandis
816 3509 991 3573 criminibus
1011 3528 1145 3579 cessans,
1167 3509 1237 3570 dum
1257 3529 1308 3570 vos
1327 3511 1364 3571 de
1380 3510 1530 3588 prioribus
1548 3486 1722 3572 sententiani

434 3615 514 3676 ferre
535 3613 731 3686 cunctamini,
756 3631 862 3672 novum
883 3615 947 3691 ipse
970 3613 1116 3681 adiunxit,
1137 3619 1169 3673 ut
1191 3613 1295 3675 doceat
1316 3612 1386 3690 quid
1410 3613 1447 3674 de
1468 3633 1501 3675 se
1522 3614 1552 3674 iu
1569 3622 1723 3693 posterum

365 3729 424 3780 §.ro
435 3716 565 3795 opinari,
587 3715 657 3794 quid
680 3713 760 3776 vobis
782 3733 951 3795 proponere
973 3714 1113 3776 debeatis.
1151 3713 1308 3785 Quodnisi
1324 3715 1456 3784 fecisset,
1483 3716 1643 3778 verendum
1660 3722 1724 3777 erat

433 3836 470 3878 ne
492 3818 645 3878 occasione
670 3818 733 3877 eius
751 3835 856 3887 morm,
879 3818 975 3878 invitis
995 3815 1134 3877 omnibus
1152 3835 1184 3878 se
1206 3819 1350 3896 eriperet:
1373 3835 1432 3877 nou
1451 3819 1557 3895 ignoro
1574 3817 1668 3887 cuim,
1691 3792 1777 3883 etrox

433 3938 501 3981 oum
528 3919 655 3998 primum
684 3910 740 3979 boc
768 3916 886 3980 dicendi
913 3937 1021 3980 muuus
1049 3919 1245 3997 aggrederer,
1270 3921 1428 3996 praesensi,
1452 3938 1539 3980 unam
1563 3920 1640 3981 lianc
1669 3937 1721 3980 reo

432 4040 515 4100 spem
536 4039 600 4082 esse
623 4023 818 4100 propositam,
841 4023 925 4103 siqua
947 4022 1023 4082 forte
1043 4021 1113 4081 bui'c
1135 4021 1242 4082 iudicio
1265 4039 1347 4081 urora
1371 4021 1582 4090 intercederet,
1606 4019 1670 4082 fore
1691 4030 1723 4082 ut

432 4123 509 4184 istud
541 4130 694 4184 commotae
726 4125 882 4185 adversum
910 4143 942 4184 se
964 4124 1129 4187 Germaniae
1157 4124 1274 4191 odium,
1308 4124 1361 4184 ista
1389 4125 1554 4187 communis
1585 4124 1721 4192 infensio,

434 4227 566 4285 omnium
585 4225 674 4286 ardor
696 4225 836 4305 paulatim
858 4227 1131 4304 restinguerentur,
1154 4227 1216 4303 ipsc
1238 4225 1409 4305 opportune
1427 4226 1612 4294 elaberetur;
1641 4224 1723 4286 nolui

365 4332 533 4387 tutamen
554 4327 733 4406 predicere,
757 4346 794 4390 ne
814 4330 860 4388 soi
880 4330 967 4389 istum
991 4328 1138 4388 commodi
1167 4327 1367 4389 admonerem.
1411 4328 1469 4390 Sed
1490 4337 1523 4388 ut
1544 4334 1614 4386 tunc
1636 4325 1755 4392 dissi-rs

434 4429 541 4490 mulavi
564 4430 779 4506 cognitionem,
803 4433 842 4515 ita
864 4449 944 4491 nunc
962 4449 995 4492 re
1018 4428 1073 4490 alia
1094 4430 1207 4508 integra
1229 4448 1413 4508 praemoneo,
1435 4431 1460 4489 si
1474 4429 1641 4491 diuturnius
1656 4428 1721 4489 brec

431 4531 622 4612 protrahatur
644 4550 748 4603 causa,
769 4533 899 4594 futurum
923 4538 957 4593 ut
977 4534 1031 4593 iste
1054 4533 1082 4593 vi
1103 4550 1138 4592 ac
1161 4534 1251 4592 armis
1269 4534 1401 4592 munitus
1415 4532 1473 4592 lroo
1492 4531 1632 4592 iudicium
1650 4549 1720 4590 cou-
1801 4521 1804 4529 ’

433 4641 558 4704 temnat,
583 4633 653 4705 tibi,
674 4636 770 4696 Caesar
792 4635 992 4703 invictissime,
1016 4633 1114 4704 vobis,
1137 4634 1286 4713 principes
1307 4654 1341 4695 ac
1364 4635 1417 4694 viri
1435 4633 1574 4695 Germani
1595 4634 1720 4692 ornatis-

499 4857 509 4890 ⁸
528 4858 759 4908 commisceretur.
782 4856 841 4905 edd.
865 4870 911 4904 nec
922 4834 1080 4905 correxisse
1103 4857 1202 4905 videtur
1220 4862 1248 4907 11.
1339 4854 1362 4888 ²²
1380 4871 1460 4920 quom
1483 4856 1597 4906 omia-f.
1616 4856 1676 4905 odd.
1689 4861 1721 4906 11.

430 4941 453 4974 ‘³
471 4942 629 5008 suspicione
647 4946 672 4992 2.
708 4948 739 4992 ut
756 4941 985 4992 ammaricus.
1020 4938 1043 4972 ⁸⁴
1060 4941 1296 5006 restinguerentur
1313 4944 1337 4990 1.
1363 4941 1547 5006 frigescerent
1563 4945 1593 4987 Η.
1635 4939 1658 4971 ³⁶
1676 4958 1721 4991 co·

432 5024 593 5093 gnitionem]
612 5027 630 5077 i.
644 5043 666 5077 e.
680 5026 751 5091 quod
770 5040 967 5091 cognoveram,
990 5041 1198 5093 praesenseram.

264 5298 363 5388 ἱ
