4300 6059
512 683 597 755 Ι122
617 713 785 749 aversario
796 703 941 749 raincrrss
955 713 1081 750 osam
1094 715 1204 751 ascarii
1217 715 1315 751 rracrs
1329 715 1468 750 ιιιηιιιιιτ
1482 715 1706 751 axuoarrrouru.
1719 702 1802 766 (tata.)

523 870 601 930 nitus
623 868 769 949 quomodo
790 875 850 929 tota
873 888 904 930 se
927 868 1050 930 baberet
1072 870 1243 963 Germania,
1272 876 1336 949 quae
1365 871 1508 940 conuicia,
1537 872 1586 949 qui
1614 869 1710 941 lusus,
1739 890 1804 951 quae

524 978 660 1059 etonem
682 988 793 1032 securae
807 972 1060 1050 ·compotationes;
1084 979 1145 1032 tum
1161 958 1302 1051 siqbando
1318 973 1346 1032 in
1362 971 1515 1033 consilium
1538 973 1692 1040 coircmos,
1715 991 1802 1053 quam

473 1142 482 1158 ι
523 1075 552 1136 id
576 1079 757 1152 praepostere
779 1090 951 1151 ageremus,
973 1073 1065 1135 iidem
1086 1072 1126 1133 illi
1149 1080 1332 1153 compertum
1347 1073 1509 1135 habebant:
1534 1072 1648 1144 erubui,
1672 1077 1803 1153 quaudo·

522 1176 641 1256 quidem
664 1180 696 1234 nt
718 1179 802 1236 erant
823 1166 950 1254 agnovit'
964 1176 1003 1235 ita
1024 1192 1072 1236 res
1093 1174 1183 1237 babet
1204 1175 1295 1235 enim:
1325 1177 1354 1236 io
1377 1175 1453 1236 ludis
1475 1174 1587 1237 alacres
1608 1191 1725 1245 sumus,
1753 1177 1804 1238 nbi

522 1279 597 1340 seria
621 1277 783 1347 tractanda,
806 1276 972 1364 desiniemus
994 1295 1028 1337 ac
1050 1265 1107 1339 rei'
1137 1277 1144 1292 ⁸
1177 1294 1227 1344 us;
1251 1278 1280 1337 in
1304 1276 1393 1338 rebus
1416 1295 1474 1336 noo
1498 1279 1670 1339 necessariis
1686 1282 1824 1358 egregie⁵

523 1396 709 1448 exercemur,
737 1377 788 1440 ubi
816 1378 956 1439 servanda
979 1395 1051 1456 'quac
1072 1278 1188 1457 ffli
1211 1386 1293 1447 sunt,
1323 1385 1355 1438 ut
1376 1396 1413 1438 nc
1435 1379 1529 1439 dicam
1552 1377 1621 1440 illud
1645 1379 1735 1458 (qood
1755 1399 1805 1442 nc·

522 1482 594 1543 mini
617 1489 744 1542 restrum
767 1497 845 1541 curae
866 1477 1091 1560 bactcnosiuit)
1115 1479 1262 1557 augenda,
1286 1478 1335 1540 ubi
1357 1480 1534 1541 defensanda
1556 1480 1672 1560 religio,
1696 1500 1805 1562 propu-

456 1583 645 1662 §.regnantia
673 1582 884 1677 patria,2nibil
906 1580 1009 1651 studii,
1039 1580 1110 1641 nibil
1138 1598 1236 1660 operae
1266 1582 1454 1660 conspicitur.
1499 1582 1541 1643 lta
1569 1600 1686 1662 semper
1713 1585 1806 1654 inanis

523 1694 621 1746 nostra
644 1691 688 1746 est
709 1684 862 1763 tortitudo,
886 1682 994 1745 inutilis
1018 1683 1115 1761 vigor,
1145 1689 1177 1743 ut
1199 1700 1252 1742 nos
1274 1685 1365 1743 exteri
1388 1682 1512 1744 athletas
1534 1702 1598 1746 esse
1620 1683 1723 1745 bonos·
1736 1703 1805 1746 con-

522 1788 641 1859 cedant,
664 1793 821 1847 strennuos
844 1784 999 1847 bellatores
1021 1802 1114 1863 usque
1137 1792 1251 1864 negent.
1297 1783 1469 1863 Quanquam
1490 1787 1642 1847 utiterum
1658 1786 1840 1848 vobiscum

520 1887 711 1958 mavellem,
736 1886 814 1948 nulla
836 1886 877 1947 ibi
900 1887 1022 1948 militum
1038 1886 1131 1967 'culpa
1155 1893 1213 1956 est,
1242 1885 1366 1966 plurima
1389 1884 1511 1954 ducum;
1539 1887 1740 1950 robustissima
1763 1897 1805 1950 cst

472 2037 475 2042 -
521 2008 575 2072 per
591 1991 777 2052 Germaniam
792 1991 941 2059 iuventus,
965 1990 1098 2067 ingentes
1120 1990 1209 2050 animi
1231 2007 1266 2048 ac
1287 2006 1363 2048 verae
1378 1986 1478 2066 gloriae
1493 1989 1585 2049 aridi:
1609 2008 1696 2052 nemo
1710 1992 1803 2070 praeit,

521 2110 608 2155 nemo
631 2092 726 2153 ducit:
756 2092 798 2152 sic
825 2091 879 2152 iste
901 2091 977 2193 W
1000 2065 1094 2167 rigor⁰,
1125 2091 1178 2150 ista
1200 2089 1358 2168 languescit
1382 2091 1488 2161 virtus,
1509 2110 1552 2170 ac
1573 2094 1634 2170 ipsa
1657 2111 1689 2154 se
1712 2094 1804 2154 extin-

522 2195 586 2276 guit
608 2196 636 2255 in
659 2193 787 2254 obscuro
809 2190 966 2253 mitescens
988 2191 1189 2252 ardentissima
1213 2193 1404 2256 maximarum
1428 2210 1528 2254 rerum
1544 2193 1739 2272 gerendarum
1755 2214 1805 2256 cu·

454 2297 641 2377 §.cupiditas
686 2292 822 2417 Proindg
836 2295 885 2373 qui
906 2294 1032 2354 iucunda
1047 2292 1197 2380 ‚hactenus
1219 2293 1349 2354 edidistis
1370 2293 1545 2373 spectacula,
1568 2296 1624 2355 iam
1647 2298 1733 2358 etiam
1747 2299 1804 2357 uti·
1819 2316 1839 2354 n

521 2397 558 2460 lia
580 2416 615 2458 ac
637 2394 801 2458 necessaria
824 2395 914 2466 edite,
937 2415 973 2456 ac
994 2395 1056 2456 illas
1079 2397 1108 2455 in
1130 2395 1293 2456 'furcarum
1317 2402 1436 2475 pectora
1459 2398 1536 2458 serio
1557 2399 1732 2475 confringite
1753 2399 1805 2459 ba·

521 2507 581 2562 stas
596 2498 703 2578 quibus
718 2500 746 2560 in
769 2500 834 2559 icco
858 2507 887 2560 et
907 2496 983 2559 ludis
1005 2496 1106 2559 mutua
1129 2498 1296 2558 incursione
1319 2499 1363 2557 usi
1386 2500 1469 2568 estis,
1499 2498 1577 2560 bello
1599 2499 1718 2578 quidem
1740 2518 1806 2580 spe·

521 2600 651 2672 clocula,
681 2601 732 2662 sed
755 2599 835 2661 nullo
858 2619 927 2661 usu:
943 2599 1061 2661 ‘eodem
1084 2599 1202 2677 negotio
1226 2599 1316 2660 decus
1338 2600 1477 2678 parabitis
1499 2620 1533 2661 ac
1555 2599 1678 2677 gloriam
1706 2620 1806 2663 accer-

444 2738 448 2742 ·
521 2706 604 2774 setis,
627 2722 686 2782 quo
707 2703 823 2783 inungo
846 2701 988 2764 bactonus
1009 2700 1143 2781 plausum
1167 2703 1320 2779 captastis:
1349 2699 1494 2761 delectant
1521 2703 1576 2763 ista
1599 2704 1717 2782 quidem
1741 2711 1806 2765 eta
1871 2737 1882 2764 ι

516 2785 630 2868 'uostris
651 2804 811 2866 maioribus
833 2805 948 2865 iuventa
971 2810 1038 2867 suut
1059 2821 1167 2883 pugnae
1188 2803 1344 2883 praeludia:
1374 2810 1403 2863 at
1421 2805 1480 2864 'ros
1509 2804 1647 2893 quamdiu
1669 2803 1841 2883 praeludi-ro

523 2909 576 2970 tisi
599 2916 648 2969 aut
670 2907 786 2988 quando
809 2906 878 2967 satis
901 2906 1021 2966 exerciti
1038 2893 1128 2975 estis,
1158 2913 1190 2966 ut
1212 2905 1371 2984 aliquando
1390 2922 1555 2984 pugnamus
1576 2906 1731 2968 adversum
1753 2906 1806 2968 ini·

419 3063 423 3070 .
450 3012 638 3092 iconicos?
659 3010 768 3090 petitur
790 3027 806 3069 a
829 3006 911 3069 vobis
934 3008 1058 3068 fructus:
1083 3024 1149 3067 nam
1173 3025 1238 3086 queo
1261 3007 1297 3067 ad
1320 3006 1497 3086 voluptatem
1510 3008 1669 3087 pertinent,
1691 3007 1808 3071 abunde

521 3114 577 3174 iam
608 3111 735 3174 tulimus.
781 3111 901 3172 miscete
930 3111 996 3179 ista,
1027 3125 1064 3169 nc
1093 3126 1210 3187 scmpcr
1238 3109 1332 3179 ludat,
1361 3126 1479 3188 semper
1506 3112 1620 3171 iocetur
1642 3113 1807 3181 Germania,

521 3215 573 3276 sed
597 3214 752 3293 aliquando
775 3215 820 3274 sui
842 3210 943 3273 similis
966 3211 1023 3272 ilat.
1070 3209 1217 3317 ‹icbtant
1238 3195 1296 3272 cibi
1319 3213 1370 3289 qui
1392 3211 1492 3273 dulces
1514 3218 1597 3282 sunt,
1620 3212 1707 3275 iidem
1731 3214 1807 3274 salu·

450 3349 452 3352 >
521 3316 591 3378 bros
612 3313 699 3399 simul
722 3317 820 3377 iurant
843 3314 945 3383 etiam;
969 3332 985 3373 a
1007 3314 1076 3373 viris
1099 3331 1158 3373 non
1182 3314 1278 3392 magni
1294 3313 1367 3373 liunt
1377 3321 1545 3392 unguenta,
1568 3330 1634 3393 quae
1649 3315 1806 3377 olent-tan-
1815 3328 1841 3368 ιι
1894 3340 1896 3345 ·

521 3426 599 3489 tum,
633 3419 687 3479 nisi
717 3424 746 3478 et
773 3415 900 3477 salutare
928 3410 996 3494 q'uid
1026 3415 1163 3499 aderant:
1197 3414 1419 3477 contemnendae
1449 3415 1608 3495 plurimum
1637 3427 1706 3503 sunt
1732 3420 1809 3480 vires

521 3501 640 3590 rsstraa,
664 3504 700 3580 si'
711 3518 883 3580 exercendis
905 3517 1018 3580 lusibus
1039 3511 1178 3587 tantum,¹
1199 3535 1257 3577 non
1286 3518 1372 3578 etiam
1402 3518 1562 3580 tractandis
1592 3521 1678 3582 seriis
1699 3521 1807 3599 vigent,

454 3627 563 3689 isthac
584 3638 690 3701 parum
713 3623 814 3699 gratiae
836 3618 1004 3680 babendum
1028 3628 1149 3689 naturae,
1173 3621 1198 3679 si
1220 3617 1340 3680 ludicris
1363 3620 1431 3680 istas
1446 3621 1611 3699 procrearit
1626 3622 1717 3683 dotes.
1756 3623 1812 3684 sed

521 3743 580 3785 non
603 3722 693 3784 voluit
714 3721 762 3783 illa
786 3741 836 3783 vos
858 3721 978 3791 ludere,
1003 3709 1189 3782 ant'tantum
1210 3720 1332 3791 ludere,
1357 3722 1496 3783 maximas
1518 3740 1567 3783 res
1589 3738 1692 3801 gerere
1709 3722 1807 3793 soluit,

522 3834 551 3888 et
572 3806 681 3887 iccirco
703 3825 786 3885 istam
810 3822 890 3885 dedit
917 3824 992 3884 inter
1022 3842 1125 3886 omnes
1151 3824 1252 3884 mundi
1281 3824 1415 3910 nationes
1442 3825 1685 3903 speciosissimam
1713 3828 1844 3888 acina

520 3945 607 3989 omne
630 3925 721 3988 robur
745 3927 1015 4005 compositissimarn
1038 3925 1242 3987 membrorum
1264 3924 1481 3986 habitudinem:
1512 3925 1550 3987 ob
1578 3927 1657 4006 qnod
1686 3946 1736 3988 ros
1758 3927 1809 3989 be·

412 4071 416 4080 ·
521 4030 656 4091 neilcium
680 4035 780 4106 gratos
802 4045 871 4106 erga
895 4027 973 4089 illam
996 4045 1061 4089 esse
1084 4027 1182 4097 decet,
1206 4034 1326 4105 agentes
1348 4025 1504 4106 aliquando
1526 4025 1636 4106 aliquid
1660 4028 1744 4090 vobis
1766 4029 1809 4090 di·

521 4150 628 4216 gnum:
658 4149 710 4192 cur
738 4131 814 4192 enim
843 4131 896 4191 isia
924 4130 1010 4191 iortia
1033 4128 1154 4190 brachia
1175 4126 1278 4189 ludere
1309 4128 1452 4200 ridemus,
1483 4148 1551 4190 cnm
1574 4129 1679 4191 Turcis
1706 4130 1809 4192 luctari

521 4252 580 4295 non
603 4233 751 4295 videmus?
774 4250 827 4293 cur
849 4237 893 4292 tot
913 4250 1063 4293 armornm
1086 4248 1194 4309 genera
1217 4229 1324 4309 quibus
1346 4230 1525 4293 inveniendis
1546 4233 1631 4317 unice
1646 4231 1810 4293 Germano-

523 4353 589 4397 rum
612 4334 722 4415 pollent
751 4335 896 4414 ingenia„
914 4336 944 4395 in
973 4336 1054 4394 circo
1083 4318 1111 4393 et
1133 4332 1247 4393 theatro
1275 4340 1454 4415 spectamus,
1484 4340 1586 4394 contra
1608 4334 1720 4395 Turcas
1748 4350 1844 4395 nonas

364 4432 368 4440 ’
453 4439 709 4518 rmspectamust
731 4438 766 4498 At
783 4437 905 4499 venandi
927 4437 1012 4508 ctiam
1035 4434 1131 4495 studio
1153 4440 1297 4495 tenemur.
1342 4435 1464 4515 propius
1485 4435 1540 4496 iste
1561 4435 1679 4516 quidem
1700 4436 1736 4497 ad
1752 4439 1809 4497 rir-

525 4542 594 4602 tutis
616 4538 732 4600 laudern
755 4538 866 4600 accedit
888 4536 988 4606 labor;
1012 4537 1062 4597 sed
1085 4554 1144 4596 non
1166 4536 1223 4597 boc
1244 4539 1297 4600 ista
1319 4538 1374 4599 sibi
1395 4544 1512 4616 tempus
1526 4535 1692 4616 spectacula
1706 4540 1809 4617 poscit,

450 4649 458 4665 ⁶
523 4658 619 4720 neque
641 4647 734 4702 totum
757 4641 786 4701 in
808 4639 865 4701 boc
887 4657 980 4700 aevum
1002 4624 1177 4699 consumere
1200 4646 1329 4719 oportet:
1352 4657 1419 4700 nam
1442 4638 1511 4700 dum
1534 4657 1588 4699 nos
1610 4639 1703 4720 sylvas
1723 4658 1810 4721 pera·

522 4861 563 4912 itu
574 4861 655 4912 bodie
668 4860 758 4912 solent
770 4858 904 4911 bellorum
916 4857 1095 4925 gerendorum
1109 4860 1226 4910 consilia
1238 4864 1320 4924 atquc
1334 4860 1475 4925 proposita
1487 4846 1637 4928 publicare.
1685 4859 1707 4893 ¹⁸
1724 4861 1807 4912 sedite

522 4948 556 4997 2.‘
603 4945 623 4979 ¹⁷
640 4946 669 4995 in
687 4946 748 4996 icco
766 4949 795 4994 et
811 4941 892 5009 ludis]
917 4944 945 4993 iu
967 4946 1179 5008 tomcamentin,
1203 4943 1379 4994 bcstensibus
1398 4944 1482 5005 ludis,
1509 4945 1604 5010 quales
1622 4950 1679 4995 tum
1696 4946 1726 4996 in
1743 4962 1807 4999 con-

523 5034 606 5082 rcn'tu
624 5028 790 5094 Augusteuai
809 5027 1029 5116 celcbrpbantur.
1082 5028 1104 5062 ⁸⁸
1122 5042 1210 5093 neque
1228 5034 1257 5077 11.
1277 5027 1331 5076 Aut
1345 5029 1402 5079 tt.
1455 5028 1579 5080 silvanae
1595 5029 1662 5095 ubtq.
1676 5032 1701 5080 4.
