4300 6059
542 670 589 741 36
682 700 804 737 anTssrtI
822 701 854 736 nt
872 702 964 737 Ducum
983 701 1260 737 WlBTBNl‘ERGENSEM
1278 703 1381 737 ORATIO
1400 705 1431 737 11.
1456 703 1568 738 lilEVNT.
1582 701 1608 736 A.
1624 698 1682 738 tull.

890 774 899 801 0

541 865 600 917 tam
621 864 722 935 aperto
746 875 780 916 ac
803 858 936 917 confesso
959 858 1040 916 istius
1061 855 1173 918 scelere
1195 859 1384 935 persuasione
1407 858 1501 918 ailhuc
1524 877 1574 919 vos
1597 859 1662 919 duci
1686 858 1822 924 voluisse,

461 946 470 959 '
541 966 591 1019 aut
618 958 647 1018 id
676 959 753 1035 quod
781 959 954 1041 iampridem
975 961 1113 1019 sensistis
1140 959 1271 1027 edicere,
1299 962 1383 1020 unius
1413 961 1539 1020 bominis
1568 962 1673 1021 timore
1699 968 1742 1020 tot
1765 963 1828 1034 iam

540 1062 650 1120 morari
678 1053 755 1119 dies:
784 1063 866 1138 quasi
891 1079 975 1129 rom,
994 1061 1093 1121 timide
1122 1059 1238 1121 soleatis
1266 1062 1391 1139 aequitati
1420 1064 1604 1140 prospicere,
1634 1070 1684 1122 aut
1704 1062 1771 1141 plus
1794 1063 1821 1122 iu
1853 1088 1856 1093 ’
1901 1111 1906 1122 .

541 1165 627 1222 cenius
648 1162 775 1223 bominis
795 1164 924 1240 potentia
945 1170 1041 1223 metus
1063 1181 1150 1241 quam
1173 1166 1201 1222 in
1222 1165 1368 1223 communi
1391 1164 1600 1224 existimatione
1621 1182 1699 1225 curae
1716 1183 1750 1224 ac
1764 1164 1823 1225 sol·

541 1264 697 1324 licitudiuis
716 1263 863 1325 babeatis:
888 1265 965 1342 quod
990 1283 1045 1341 ego
1068 1283 1105 1325 ne
1129 1267 1264 1343 suspicor
1285 1265 1414 1344 quidem,
1438 1284 1534 1344 neque
1550 1267 1713 1327 Germanus
1734 1266 1851 1326 homof»

473 1369 705 1429 §.tt-Germanos
727 1384 825 1426 mores
846 1368 982 1445 ignorare
1005 1365 1109 1427 debeo.
1155 1366 1234 1427 liene
1257 1375 1354 1428 autern
1377 1370 1490 1446 opinari
1516 1369 1553 1428 de
1580 1385 1615 1428 eo
1643 1371 1705 1449 sani
1729 1368 1823 1429 bomi-

539 1485 591 1528 ncs
616 1476 779 1546 nequeunt,
804 1470 853 1547 qui
874 1470 916 1528 sic
937 1468 1033 1546 palam
1057 1477 1086 1529 et
1108 1488 1142 1529 ex
1163 1470 1297 1529 confosso
1322 1478 1350 1529 ct
1368 1470 1450 1529 aride
1474 1467 1568 1529 ma'lus
1587 1477 1645 1538 est;
1672 1472 1722 1548 qui
1744 1469 1821 1530 nulla

539 1573 614 1631 inter
637 1571 818 1649 pec-eandum
840 1570 1018 1648 paenitudine
1044 1570 1185 1639 substitit,
1214 1571 1264 1630 secl
1291 1573 1374 1630 cuius
1395 1570 1503 1630 malitia
1530 1571 1622 1630 indies
1647 1579 1770 1648 augetur
1789 1590 1823 1630 ac
1902 1620 1905 1625 ,

540 1675 653 1733 crescit.
692 1673 761 1751 quid
789 1674 876 1748 igitur
898 1678 989 1734 restat
1010 1671 1087 1731 aliud
1111 1690 1198 1750 quam
1222 1680 1253 1733 ut
1275 1675 1361 1732 istum
1383 1673 1464 1736 robis
1490 1673 1615 1733 ducendi
1644 1673 1740 1733 iudicii
1764 1679 1822 1733 ter-

539 1793 639 1835 rorem
663 1774 806 1836 eximam?
835 1775 1002 1852 quodcum
1024 1775 1165 1842 cllecero,
1195 1780 1256 1834 tum
1285 1794 1332 1835 me
1356 1793 1458 1835 omnes
1486 1776 1649 1851 cupiditatis
1671 1793 1744 1835 meae
1767 1791 1857 1835 [ιιι-ιο

540 1895 639 1936 rrrcros
661 1875 825 1955 implevisse
852 1875 978 1955 putabo,
1008 1878 1104 1936 omnia
1134 1864 1280 1937 saturasse
1309 1877 1474 1956 desyderia,
1508 1894 1624 1937 omnem
1653 1877 1822 1937 restinxisse

471 1980 624 2039 cusiano.
666 1979 701 2038 Et
723 1978 853 2038 ridemur
875 1996 935 2037 uon
958 1979 1082 2054 indigui,
1112 1980 1161 2055 qui
1185 1980 1271 2038 retiam
1296 1981 1320 2039 si
1345 1978 1410 2038 talis
1433 1978 1495 2037 nec
1522 1980 1626 2038 iniuria
1648 1996 1706 2037 non
1734 1986 1820 2046 esset,

537 2099 593 2142 nec
614 2083 651 2141 ita
676 2079 761 2139 nobis
784 2081 880 2140 oninia
909 2098 973 2157 quae
999 2081 1124 2156 petimus
1147 2082 1257 2158 optimo
1288 2082 1351 2140 iuro
1374 2079 1567 2149 deberentur,
1598 2088 1723 2140 vestram
1752 2097 1821 2156 erga

537 2201 591 2243 nos
614 2183 822 2259 benignitatem
854 2180 1058 2240 deflectamus:
1095 2199 1128 2241 ea
1156 2191 1223 2240 scrut
1249 2200 1284 2241 cx
1312 2182 1493 2242 Francorum
1521 2184 1636 2242 natione
1659 2184 1822 2243 Germaniae

537 2286 659 2355 decora,
684 2302 734 2345 cas
755 2301 804 2343 res
826 2291 993 2360 gesseruut,
1017 2285 1057 2342 sie
1078 2302 1262 2342 cornumnem
1283 2284 1405 2361 patriam
1426 2291 1571 2344 auxerunt
1593 2292 1679 2361 atque
1698 2293 1856 2343 ornare-¹⁵

537 2394 607 2445 rum
629 2387 755 2445 iuniores
776 2386 881 2451 nostri,
907 2392 938 2443 ut
962 2380 1004 2444 rix
1025 2384 1128 2462 aliquis
1149 2385 1253 2445 dixerit
1274 2384 1394 2445 alterins
1417 2387 1463 2446 bic
1484 2386 1585 2464 populi
1606 2384 1688 2463 plura
1711 2386 1819 2445 esseio

376 2489 383 2499 '
470 2506 695 2556 §.iscomnrune
718 2488 830 2547 merita.
874 2483 944 2553 Quis
967 2488 1044 2546 onim
1067 2505 1102 2546 ex
1118 2487 1271 2547 Germanis
1286 2486 1448 2548 Romanurn
1472 2490 1626 2565 imperium
1644 2488 1757 2565 primus
1773 2505 1821 2546 ac·
1882 2513 1884 2517 ·

537 2590 630 2667 cepit?
653 2607 759 2667 nempe
776 2586 896 2647 Carolus
918 2586 966 2648 ille
989 2590 1038 2665 qui
1061 2608 1076 2648 a
1100 2590 1296 2665 magnitudine
1319 2598 1583 2667 rerumgestarum
1600 2590 1695 2666 llagni
1712 2606 1821 2666 cogno·

536 2698 666 2750 mentum
689 2690 820 2750 obtinuit.
862 2698 891 2749 at
919 2698 1020 2753 noster
1049 2690 1099 2750 ille
1129 2692 1196 2759 luit,
1225 2710 1259 2751 ex
1283 2691 1451 2769 l'ipinorum
1481 2693 1530 2769 quii
1556 2692 1585 2750 in
1607 2690 1737 2750 Francos
1758 2697 1819 2749 tum

536 2792 713 2870 regnabant,
736 2792 824 2852 domo
847 2800 943 2860 ortus,
967 2810 1098 2853 summus
1122 2794 1188 2859 vir,
1202 2811 1334 2852 summus
1357 2793 1531 2870 imperator,
1562 2799 1590 2851 et
1617 2811 1676 2869 quo
1707 2805 1853 2851 memo-²0

535 2896 609 2955 riam
634 2896 678 2955 sui
701 2893 787 2955 latius
808 2894 856 2954 bic
878 2912 964 2953 neruo
987 2895 1133 2972 protulit?
1154 2914 1218 2973 quin
1245 2896 1352 2954 etenim
1381 2913 1434 2972 per
1456 2901 1544 2953 lotam
1567 2894 1714 2972 Europam
1740 2905 1819 2954 terra
1851 2976 1854 2981 ,
1917 2941 1919 2947 .

468 3014 596 3065 §.remon
620 2995 709 3056 babel
734 2996 830 3075 aliqua
853 2995 992 3075 praeclara
1016 2998 1098 3057 istius
1120 2999 1315 3057 rrrcurimoutal
1338 2995 1428 3056 urbes
1448 2997 1584 3063 muniuit,
1606 3015 1690 3056 arces
1713 2997 1818 3073 posuit,

534 3101 640 3158 struxit
662 3107 781 3177 pontoS,
805 3098 914 3178 templa
935 3107 1031 3158 autem
1055 3105 1085 3158 et
1105 3117 1229 3159 numero
1253 3098 1338 3178 [iletre
1360 3109 1389 3158 et
1410 3099 1508 3176 operis
1531 3099 1742 3174 magnificentia
1767 3116 1819 3156 no·

534 3200 637 3262 biliora
661 3215 736 3261 unus
759 3220 846 3280 quiam
869 3203 1063 3279 imperatores
1085 3208 1151 3261 ante
1174 3220 1206 3261 se
1229 3219 1330 3261 omues
1355 3199 1559 3265 exaedificarit3
1595 3217 1740 3276 nusquam
1770 3197 1818 3259 ille

534 3305 596 3364 sine
618 3302 790 3364 liberalitate
813 3323 847 3364 ac
869 3304 1065 3365 munificentia
1085 3303 1215 3371 divortit,
1239 3304 1317 3362 auxit
1339 3321 1373 3362 ac
1399 3300 1585 3380 locupletarit
1606 3301 1643 3360 ad
1666 3318 1741 3376 quos
1763 3316 1852 3379 ap-rs

530 3405 622 3482 ·pulit;
646 3405 772 3483 denique
794 3404 855 3465 aliis
875 3405 921 3465 alii
944 3407 1071 3483 acceptis
1095 3404 1242 3464 lieueliciis
1261 3403 1392 3463 obstricti
1419 3405 1553 3467 luerunt,
1576 3402 1663 3463 buius
1684 3400 1817 3480 benigni·

533 3508 583 3566 tati
605 3508 765 3568 humanum
788 3525 881 3583 genus
903 3527 935 3568 se
956 3506 1108 3586 obligarit;
1132 3508 1248 3565 interim
1270 3513 1360 3565 totam
1383 3506 1568 3568 Germaniam
1593 3505 1721 3583 pacarit,
1752 3504 1817 3564 Bri·

531 3612 661 3669 tanniam
676 3609 813 3678 subiecit,
836 3611 990 3670 Pannonas
1007 3610 1186 3685 composuit,
1211 3609 1364 3686 llispanias
1386 3606 1533 3675 bostibuS,
1557 3606 1667 3666 ltaliam
1685 3608 1818 3684 tyrannis

531 3709 679 3779 libcrarit3
704 3712 790 3789 t'regit
812 3713 865 3772 istc
888 3711 1093 3772 validissimam
1114 3719 1184 3770 tuuc
1198 3709 1459 3787 langobardorum
1474 3715 1606 3784 gorrtem,
1633 3707 1746 3767 domuit
1764 3709 1817 3768 Sa·
1900 3779 1909 3800 1

529 3829 671 3884 raconos,
695 3813 806 3874 Turcas
821 3820 901 3875 ructu
921 3814 1109 3891 compressit,
1133 3813 1228 3871 dsiam
1243 3811 1438 3888 compescuit,
1460 3812 1621 3888 Aegyptum
1639 3828 1673 3868 ae
1689 3810 1853 3869 iliricamao

530 3916 713 3977 ferocissimo
737 3915 892 3977 Christiani
912 3915 1038 3974 uorninis
1059 3914 1151 3981 hosti,
1176 3916 1238 3990 ipso
1261 3931 1337 3972 caeso
1359 3930 1394 3970 ac
1415 3911 1569 3990 profligato
1594 3913 1718 3979 adomit;
1748 3912 1817 3971 Hie·

463 4016 749 4097 §.sorosolymorum
771 4017 875 4077 urbem
898 4017 1037 4077 restituit:
1061 4017 1089 4074 iu
1114 4033 1238 4091 utrarum
1260 4032 1359 4073 rerum
1383 4014 1553 4072 nronroriarn
1574 4012 1699 4091 plurima
1722 4013 1817 4075 tribus

530 4119 613 4180 orbis
633 4119 765 4199 partibus
787 4119 916 4198 troplraea
941 4119 1047 4178 erexit:
1072 4126 1101 4177 ot
1123 4117 1185 4176 liae
1207 4116 1323 4194 quidem
1347 4113 1423 4173 illius
1444 4115 1531 4174 ductu
1547 4116 1729 4174 Francorum
1754 4134 1815 4176 ma·

529 4221 605 4281 xime
628 4240 718 4299 opere
742 4221 844 4282 ellectu
867 4226 951 4285 sunt,
973 4220 1046 4280 adeo
1070 4226 1103 4278 ul
1124 4220 1154 4277 in
1175 4217 1255 4278 bunc
1275 4235 1366 4293 usque
1388 4217 1464 4276 diem
1489 4235 1541 4294 per
1562 4218 1727 4276 universum
1749 4217 1815 4277 Sul·

528 4323 609 4383 thani
630 4340 756 4400 regnum
778 4340 837 4382 uno
859 4340 962 4382 onmes
977 4321 1115 4381 Germani
1137 4338 1171 4380 ac
1186 4319 1260 4380 Galli
1281 4319 1400 4379 nomine
1417 4319 1521 4379 Franci
1538 4325 1687 4379 vocentur.
1721 4338 1813 4397 porro
1824 4335 1850 4376 ao

528 4426 607 4503 quod
622 4424 711 4486 Gallis
733 4425 792 4494 ille,
815 4424 971 4485 metuendo
986 4422 1057 4483 olim
1072 4422 1210 4482 ltomanis
1225 4440 1293 4480 cum
1308 4422 1338 4479 iu
1353 4421 1426 4481 llore
1442 4426 1540 4481 essent
1557 4419 1681 4498 populo,
1706 4438 1815 4482 nomen

527 4546 543 4587 a
565 4547 618 4589 sua
638 4529 828 4604 generatione
850 4527 1004 4605 imposuit.
1037 4532 1068 4584 ut
1090 4541 1144 4602 pro
1166 4522 1257 4586 Gallia
1281 4524 1446 4584 nourinetur
1467 4522 1590 4581 Francia
1614 4521 1814 4592 occidentalis,

530 4682 731 4691 ...ι’-*κ

596 4767 656 4817 ¹ac
676 4771 698 4816 1.
720 4772 747 4815 el
765 4783 833 4815 corr.
846 4771 876 4812 Η.
929 4761 1018 4811 ⁰serui
1037 4767 1146 4811 ondsl.
1166 4764 1296 4811 irridetur.
1349 4760 1380 4791 '¹⁹
1399 4775 1432 4808 ac
1452 4761 1560 4807 crescit.
1584 4762 1604 4809 1.
1628 4768 1656 4807 et
1675 4762 1815 4810 excrescit

525 4869 594 4902 corr.
607 4859 636 4904 ΙΙ.
696 4850 716 4883 ¹⁶
734 4851 855 4900 Maiores
874 4852 897 4897 1.
916 4864 942 4895 m
960 4863 1029 4897 corr.
1042 4852 1070 4897 H.
1127 4854 1186 4911 post
1205 4847 1283 4911 plura
1300 4850 1328 4894 H.
1352 4844 1449 4908 aliqrdd
1465 4845 1594 4892 addidisse
1621 4844 1670 4894 exli
1687 4861 1736 4893 uon
1754 4849 1815 4910 lepi-

525 4939 574 4987 btle
592 4941 652 4987 udn.
666 4940 690 4986 2.
760 4933 782 4966 ²⁵
801 4933 835 4983 ac
852 4933 903 4982 loc.
918 4935 941 4980 1.
961 4937 989 4980 ct
1006 4932 1058 4983 loc.
1073 4937 1103 4983 11.
1178 4929 1199 4963 ³⁸
1218 4932 1247 4980 in
1264 4931 1335 4980 hune
1353 4943 1438 4992 usque
1455 4925 1536 4992 diem]
1556 4929 1689 4992 Hodieque
1708 4932 1745 4977 ita
1762 4938 1812 4982 est.

524 5019 546 5053 ⁸⁴
565 5022 673 5071 Sullani
692 5024 716 5070 2.
769 5014 842 5065 ⁸⁵nc
862 5019 885 5064 1.
905 5019 979 5065 een.
