4300 6059
517 669 587 740 132
608 698 729 734 avarem
744 682 785 732 ιη’
794 697 938 732 retinemus
949 697 1081 732 aramve
1090 697 1200 731 nsnnvn
1210 697 1308 732 rvacrs
1322 696 1460 731 iurentur
1473 694 1698 731 unouraronu.
1710 679 1793 744 (1518.)

446 854 687 916 tiseretralruut.
721 855 814 932 Atque
836 852 890 911 hos
913 850 1047 912 e'urultis
1069 850 1182 929 aliquos
1205 869 1420 911 commemoro:
1456 869 1521 911 nam
1544 851 1581 911 ab
1605 869 1639 909 eo
1662 858 1795 930 tempore

510 976 573 1036 spro
597 976 663 1017 eum
686 953 826 1035 religione
857 972 926 1013 rana
950 973 981 1013 se
1004 953 1160 1013 immiscuit
1187 954 1367 1030 superstitio,
1400 954 1507 1012 uostris
1536 970 1595 1012 non
1626 952 1796 1030 putantibus

514 1061 720 1137 imperatorem
743 1056 853 1123 habere
874 1076 906 1116 se
929 1056 983 1114 nisi
1005 1057 1054 1134 qui
1078 1055 1233 1115 allomani
1255 1055 1401 1133 pontilicis
1422 1053 1547 1132 pedibus
1561 1073 1700 1114 eoronam
1716 1074 1794 1116 sum·

512 1162 618 1239 p'serit,
641 1161 690 1238 qui
713 1156 819 1236 aliquid
842 1157 1006 1227 donaverit,
1030 1162 1080 1216 aut
1101 1155 1301 1217 iusiurandum
1325 1157 1375 1235 qui
1402 1155 1515 1215 dederit
1536 1155 1719 1216 Constantini
1742 1157 1794 1217 do·
1858 1140 1861 1146 ¹

508 1262 660 1322 >nationem
683 1269 774 1320 ratam
798 1259 965 1320 lralriturum
989 1275 1035 1326 se,
1059 1276 1176 1336 semper
1199 1260 1407 1335 imperatorum
1430 1264 1558 1335 potestas
1572 1240 1705 1336 suspecta
1722 1275 1817 1337 pon-a

512 1362 639 1423 tilieibus
661 1363 727 1428 luit,
758 1360 951 1420 sternentibus
973 1358 1043 1419 nihil
1066 1378 1120 1419 uos
1142 1378 1245 1438 agere,
1276 1377 1334 1418 oon
1365 1360 1500 1436 pereunti
1522 1359 1669 1430 Thraciae,
1698 1361 1795 1420 ruenti

514 1465 648 1531 Gracia,
672 1462 848 1542 periclitanti
870 1461 934 1521 orbi
958 1461 1121 1522 Christiano
1143 1462 1292 1540 suppetias
1316 1461 1408 1530 ferre,
1432 1480 1515 1539 qrros,
1539 1463 1577 1522 ita
1600 1462 1704 1522 Turcae
1727 1480 1794 1543 per·

446 1574 609 1633 timeant,
640 1572 671 1624 ut
694 1562 804 1623 nolleut
826 1565 957 1631 vincere,
987 1562 1098 1624 nollent
1124 1563 1280 1640 imperium
1308 1581 1425 1640 augere.
1460 1563 1529 1623 llaee
1553 1562 1604 1623 ubi
1634 1563 1796 1643 eousydero

513 1674 542 1726 et
564 1686 631 1727 erun
653 1668 778 1744 antiquis
803 1664 858 1724 illis
881 1666 1019 1724 nostratia
1043 1665 1179 1734 contero,
1203 1683 1353 1743 nunquam
1377 1665 1479 1725 desino
1508 1673 1689 1743 suspectam,
1719 1683 1795 1744 prae·

512 1770 612 1829 sertim
635 1767 711 1828 ultro
734 1785 765 1826 se
789 1766 873 1826 uoltis
901 1767 1110 1833 insinuantem,
1140 1765 1228 1826 huius
1255 1767 1371 1843 generis
1401 1765 1643 1827 consultationem
1672 1766 1827 1827 habereut

513 1868 624 1940 erare,
648 1879 680 1930 ut
701 1869 793 1929 libere
816 1868 909 1927 dicam
933 1860 1009 1945 quod
1033 1870 1144 1942 sentio,
1173 1885 1231 1927 non
1254 1867 1351 1927 miirus
1373 1867 1430 1928 lroe
1452 1874 1548 1946 erepto
1571 1867 1648 1927 bello
1670 1867 1794 1928 Romam

513 1971 594 2031 vobis
617 1989 704 2050 quam
719 1973 816 2031 Asiam
839 1967 999 2029 curandam
1022 1987 1144 2029 censeo:
1168 1977 1279 2028 tantum
1302 1969 1399 2038 abest,
1424 1977 1455 2029 ut
1476 1969 1512 2029 ad
1528 1969 1794 2030 Revereudissimo·

512 2091 579 2132 rum
603 2071 732 2132 eonsulta
757 2070 865 2149 aliquid
889 2089 939 2130 ros
962 2089 1049 2147 agere
1073 2070 1171 2138 velim:
1195 2090 1211 2130 a
1234 2070 1315 2131 vobis
1338 2070 1434 2130 omnia
1457 2070 1582 2148 petenda
1605 2080 1687 2141 sunt,
1717 2075 1795 2134 iuter

460 2194 462 2198 ⁴
514 2193 563 2233 ros
586 2173 760 2257 capiendum
783 2170 949 2240 eonsilium,
973 2190 1029 2232 nee
1051 2170 1092 2230 illi
1113 2171 1225 2232 insidiis
1246 2171 1324 2249 pleni
1346 2170 1463 2232 aliunde
1485 2172 1654 2232 admittendi
1678 2173 1794 2233 eonsul-

446 2292 513 2340 ant.
527 2281 613 2334 tores.
648 2274 784 2334 Nondum
807 2273 915 2352 aliquid
937 2260 1048 2333 eonsilii
1070 2274 1166 2352 iuopia
1190 2272 1370 2352 neglexistis:
1399 2274 1540 2334 haetenus
1567 2273 1719 2335 uecordia
1741 2277 1828 2338 imis

374 2360 377 2364 ’
513 2377 682 2454 perlinreuto
704 2375 785 2436 votis
808 2375 957 2444 olriuistis;
986 2394 1073 2454 qiram
1097 2377 1260 2452 siquando
1283 2373 1443 2436 excludatis
1464 2394 1499 2436 ae
1522 2375 1557 2435 ad
1579 2395 1630 2435 ros
1659 2378 1794 2449 redeatis,

513 2481 541 2538 in
565 2485 702 2556 promptu
725 2476 892 2545 eonsilium,
916 2479 946 2536 in
969 2484 1108 2555 promptu
1130 2476 1208 2538 salus
1228 2478 1290 2538 erit.
1329 2485 1357 2537 et
1372 2475 1532 2547 excludite,
1556 2496 1624 2548 oro,
1648 2478 1727 2537 etad
1744 2497 1795 2538 ros

512 2580 618 2639 redite!
641 2580 840 2657 potentissimo
864 2598 930 2639 eum
954 2577 1037 2637 hoste
1059 2587 1146 2657 atque
1169 2598 1205 2639 eo
1228 2579 1453 2670 instmetissimo
1475 2585 1504 2639 et
1526 2580 1582 2639 iam
1604 2597 1698 2658 prope
1724 2598 1794 2640 con·

514 2683 614 2740 stituto
638 2679 808 2740 certandum
831 2687 883 2741 est.
929 2681 1066 2759 quicum
1090 2683 1160 2742 satis
1182 2679 1289 2758 alioqui
1313 2669 1487 2740 metuendus
1511 2661 1657 2749 rideatur,
1683 2687 1743 2741 tum
1765 2683 1794 2741 in

446 2801 513 2849 aue.
525 2783 627 2862 primis
650 2782 717 2842 lruie
740 2783 849 2841 nationi
871 2781 1001 2841 intensus
1024 2790 1075 2842 est.
1120 2781 1204 2851 erod
1220 2800 1286 2842 curn
1301 2780 1382 2841 robis
1397 2799 1568 2860 persuasum
1584 2790 1694 2861 putem,
1718 2783 1829 2859 agitem

513 2884 637 2957 vicissim
660 2881 768 2943 malum
790 2883 944 2945 intendite:
968 2886 1096 2961 primurn
1119 2884 1223 2944 Turce
1246 2885 1393 2944 communi
1416 2885 1546 2944 omniurn
1563 2884 1793 2946 Christianorum

513 2984 579 3045 odio
602 2993 754 3053 tenentum
788 2985 892 3045 deiude
921 2985 996 3044 tratre
1023 2987 1172 3065 precipue
1194 2986 1341 3045 nationem
1368 2986 1480 3045 intense
1508 2985 1647 3047 oderunt:
1681 2986 1795 3047 reddite

512 3089 605 3147 ricem
629 3106 662 3147 ae
685 3105 738 3165 par
760 3089 824 3163 pari
847 3088 972 3146 referte:
996 3095 1075 3147 recte
1098 3086 1206 3147 malurn
1223 3089 1255 3146 tit
1270 3088 1296 3146 oi
1311 3087 1360 3165 qui
1375 3086 1450 3147 male
1466 3086 1620 3158 volentem,
1645 3107 1711 3148 eum
1727 3107 1795 3167 pos·

513 3196 574 3257 set,
597 3206 656 3247 uon
679 3190 832 3266 praevenit:
861 3187 1035 3266 negligenda
1059 3188 1136 3248 nulla
1161 3189 1348 3248 'iuiruicorum
1370 3205 1408 3248 ne
1437 3189 1564 3267 suspicio
1593 3190 1710 3268 quidem
1740 3197 1794 3250 est.
1853 3210 1857 3228 ¹

446 3310 511 3359 aua
524 3291 694 3368 praecingite
718 3309 782 3358 vos,
807 3292 968 3369 erumpite,
991 3290 1173 3351 invehimini:
1198 3308 1332 3367 nragnam
1356 3291 1453 3369 operis
1475 3300 1588 3368 partem
1611 3293 1660 3370 qui
1676 3293 1792 3370 incepit,
1803 3315 1828 3353 ιι

512 3393 649 3469 perl'eeit;
674 3391 827 3451 eonsilium
851 3400 894 3452 est
916 3392 1042 3470 perdere
1064 3404 1131 3452 eum
1154 3393 1203 3470 qui
1230 3410 1285 3451 nos
1313 3392 1459 3469 perditum
1487 3394 1523 3462 it,
1557 3395 1606 3471 qui
1635 3411 1693 3452 nou
1721 3412 1794 3472 quo-

512 3494 600 3554 modo
623 3493 706 3553 uoltis
729 3495 867 3572 imperet,
891 3495 941 3554 sed
966 3500 997 3553 ut
1019 3503 1144 3554 mortem
1172 3494 1294 3560 inierat,
1325 3494 1495 3562 meditatur,
1525 3496 1573 3596 qui
1603 3513 1660 3554 uon
1689 3495 1796 3573 opibus

512 3597 620 3656 nostris
643 3595 749 3664 inhiat,
782 3595 833 3654 sed
856 3597 919 3654 vita
942 3596 1110 3664 insidiatur,
1140 3596 1223 3655 euius
1245 3613 1305 3654 nou
1327 3605 1370 3655 est
1392 3595 1519 3656 studium
1543 3605 1574 3657 ut
1595 3615 1649 3655 uos
1669 3596 1794 3674 subigat,

512 3698 562 3770 sed
587 3705 618 3756 ut
640 3699 798 3765 interimat,
823 3703 854 3755 ut
875 3696 1017 3764 trueidet;
1041 3715 1129 3775 quem
1151 3693 1228 3756 nulla
1258 3703 1337 3756 tenet
1366 3714 1526 3774 regnorum
1554 3705 1721 3759 nostrorum
1744 3718 1794 3759 cu·
1858 3681 1864 3689 ’

512 3799 596 3878 pido,
620 3798 670 3857 sed
694 3798 856 3858 insatiaoda
879 3798 965 3858 cudis
987 3818 1022 3859 ae
1043 3800 1192 3876 sanguinis
1219 3799 1294 3864 sitis;
1323 3800 1373 3877 qui
1401 3816 1455 3857 nos
1483 3800 1613 3859 oninium
1642 3802 1830 3868 nationumao

426 3921 430 3930 ’
512 3903 637 3961 maxime
658 3901 799 3961 extinctos
821 3898 895 3967 rult;
919 3901 970 3978 qui
992 3907 1101 3978 quanto
1123 3903 1189 3977 quis
1212 3901 1316 3959 virtute
1345 3903 1529 3976 praestantior
1556 3908 1613 3971 est,
1643 3907 1723 3961 tanto
1752 3904 1795 3963 in-

514 4002 706 4069 tensiusodit
728 4021 762 4061 ae
786 4003 987 4080 persequitur;
1010 4001 1103 4096 hostis
1124 3999 1307 4068 hominihus,
1331 4000 1422 4062 liostis
1444 4001 1592 4077 religioni,
1615 4005 1706 4064 immo
1726 4022 1796 4065 vero

446 4104 616 4174 §.roahostis
638 4104 825 4173 humanitati,
850 4103 941 4163 hostis
964 4103 1027 4162 deo.
1069 4102 1173 4162 Audite
1196 4103 1299 4179 igitur,
1330 4103 1427 4163 audite
1454 4112 1482 4163 et
1510 4107 1656 4182 exurgite:
1685 4106 1729 4166 ias
1751 4113 1796 4167 est

512 4207 623 4275 odisse,
647 4194 809 4283 priucip'es,
840 4213 890 4265 aut
911 4207 1008 4264 verius
1030 4223 1150 4264 neeesse
1174 4211 1217 4262 est
1238 4205 1305 4262 totis
1328 4204 1438 4265 viribus
1460 4216 1561 4283 contra
1584 4205 1660 4267 hane
1682 4207 1794 4267 rabiem

512 4308 599 4377 terri,
623 4315 722 4367 contra
746 4307 821 4366 lianc
843 4305 1035 4384 pestilentiam
1057 4305 1168 4378 invehi:
1198 4303 1324 4364 clamant
1353 4307 1388 4366 ad
1420 4326 1469 4368 ros
1497 4326 1599 4368 omnes
1622 4327 1686 4387 quae
1709 4309 1829 4374 Chri-as

512 4417 588 4469 stum
611 4409 786 4488 profitentur
809 4411 955 4476 nationes;
980 4406 1106 4467 clamant
1126 4406 1252 4475 finitimi,
1277 4405 1383 4469 elamat
1404 4412 1519 4486 patria,
1543 4410 1649 4470 elamat
1664 4410 1795 4471 irnbecil-

512 4509 568 4572 llor
590 4519 673 4578 aetas,
704 4512 788 4587 pueri
811 4529 845 4570 ae
872 4505 972 4578 senes,
1002 4507 1128 4568 clamant
1155 4506 1296 4577 firmium
1326 4529 1360 4571 ae
1389 4512 1506 4573 interim
1534 4506 1637 4587 religio
1667 4529 1795 4591 quoque,

445 4612 589 4691 ineque
611 4632 643 4672 se
665 4611 814 4674 defensam
837 4631 853 4672 a
875 4611 979 4670 Turris
1002 4608 1076 4679 vult,
1100 4608 1215 4668 elamat.
1266 4611 1323 4671 Per
1353 4613 1439 4673 deum
1469 4613 1679 4683 immortalem,
1708 4632 1795 4675 exur-

580 4832 601 4865 ¹⁵
620 4836 683 4883 lude
702 4851 718 4883 α
735 4851 756 4881 υ.
776 4832 910 4881 lrartenus
927 4832 1012 4895 perpit
1025 4834 1048 4880 1.
1075 4831 1114 4894 Cf.
1132 4834 1205 4890 0115.
1226 4831 1280 4880 187.
1299 4834 1384 4883 adnot.
1454 4832 1480 4864 Π
1493 4835 1532 4883 Ae
1552 4839 1574 4886 1.
1584 4839 1608 4885 2.
1628 4836 1664 4883 llt
1681 4851 1751 4885 corr.
1764 4841 1793 4885 H.

511 4917 532 4951 ²¹
551 4918 615 4968 mol.
629 4916 688 4983 int]
708 4920 744 4968 es.
758 4919 839 4981 Verg.
854 4918 915 4967 aliu.
929 4917 959 4964 V.
973 4914 1030 4964 8⁶20.
1065 4913 1088 4946 ²³
1101 4917 1229 4983 liugnam
1247 4914 1307 4980 ete]
1325 4919 1415 4967 Frdsed
1425 4927 1523 4983 peraupt
1536 4923 1568 4968 ist
1580 4920 1637 4968 asaro
1647 4936 1793 4983 personuere.

512 5002 534 5035 ²⁸
552 5000 664 5071 uostris]
689 5004 809 5063 punieris
823 5006 845 5053 d.
864 5004 927 5064 (scil.
943 4996 998 5049 niis
1016 5000 1053 5064 2.)
1089 4999 1245 5053 ³².11nol.
1292 5001 1535 5053 ''etH.ae1.2.
1589 5005 1720 5055 .Pas11.
