4300 6059
482 733 502 769 1.
521 733 693 778 rnuqvtnm
705 728 857 803 PARTHEUH
870 735 1023 771 amonemur
1035 734 1171 771 DALHA'M
1183 736 1292 772 cotem
1303 737 1429 773 TVBGEA!
1441 735 1553 773 ΟΒΔἩΟ.
1590 707 1630 779 2¹
1642 707 1663 780 3

587 891 796 949 Accumulantnr
817 910 897 969 opes,
920 892 1079 968 gladiosque
1101 894 1128 950 in
1150 902 1211 951 cote
1233 902 1361 951 cruentos

587 978 710 1041 Eracuit,
732 985 843 1034 cunctas
864 978 950 1036 donee
971 979 1045 1035 ierus
1067 989 1181 1054 occupet
1202 996 1264 1053 oras

588 1062 675 1118 littus
697 1061 729 1118 ad
751 1061 924 1137 llesperium,
947 1080 1001 1138 qno
1023 1061 1099 1119 velun
1122 1080 1228 1137 semper
1249 1063 1362 1120 iberus'

586 1147 615 1202 ln
638 1164 711 1202 mare
732 1147 868 1221 spumosis
891 1147 1021 1204 tumidum
1042 1147 1193 1205 devolvitur
1212 1148 1299 1210 undis,
1377 1200 1379 1205 ,

507 1248 543 1288 aaa
586 1230 641 1300 Qua
663 1230 704 1287 vel
728 1231 852 1288 olivifero
874 1232 1014 1289 redimitus
1034 1232 1133 1289 vellere
1154 1233 1233 1292 Baetis
1256 1288 1267 1313 ο

586 1316 710 1389 Iungitur
732 1332 848 1381 oceano;
869 1318 982 1392 proprio
1005 1310 1068 1374 duni
1090 1314 1172 1374 llirte
1194 1317 1335 1374 Britannos

586 1400 693 1464 Vincat,
716 1408 744 1457 et
765 1402 892 1458 extremis
914 1402 1026 1459 Thalem
1049 1419 1159 1477 qnoque
1181 1401 1278 1459 tinibus
1300 1402 1383 1459 orbis.
1418 1471 1424 1481 ι

586 1486 642 1543 lloc
663 1486 776 1543 immane
798 1504 884 1560 genus
907 1487 990 1543 'lerra
1011 1479 1198 1563 Enceladoque
1219 1497 1330 1562 parente

584 1570 773 1644 Progenitum,
796 1572 839 1627 cui
860 1570 934 1628 nulla
956 1572 1028 1628 sitim
1050 1572 1109 1640 haec
1130 1571 1268 1647 opulentia
1290 1571 1371 1636 tollit,

504 1670 542 1712 tao
583 1656 730 1728 Postquam
751 1663 884 1712 terrarum
905 1657 966 1713 diro
988 1656 1109 1731 potietur
1130 1674 1229 1720 amore,

584 1740 683 1796 Dehinc
704 1743 872 1797 tentaturum
894 1740 927 1813 (si
951 1741 990 1797 ias
1013 1749 1055 1797 est
1075 1741 1196 1814 credere)
1217 1741 1314 1797 caelum

586 1824 722 1882 Montibus
744 1825 880 1899 impositis
902 1826 1095 1888 conscendere,
1119 1824 1198 1900 teque
1219 1825 1361 1900 supremis,

586 1910 641 1966 ilex
662 1909 801 1992 hominnm
823 1910 1080 1984 divmnque-Pater.
1102 1898 1238 1985 depellere
1259 1909 1327 1966 velle

586 1994 714 2057 Sedibus,
737 1996 856 2051 aetherea
878 1994 1043 2069 Sanctosqne
1066 1995 1093 2050 in
1116 2004 1192 2070 parte
1207 1994 1311 2052 locatos

507 2097 542 2137 aaa
584 2079 699 2136 lieiicere
722 2086 749 2136 et
771 2079 884 2154 pedibus
906 2079 1041 2138 subiectas
1063 2080 1173 2136 trudere
1196 2080 1222 2135 in
1245 2097 1314 2136 oras.

585 2163 650 2220 Nam
671 2163 755 2220 violat
776 2164 798 2221 si
821 2164 880 2221 iura
901 2164 980 2223 deum
1002 2164 1187 2239 populumque
1209 2163 1341 2238 fidemque

585 2249 764 2323 Persequitur
785 2256 868 2312 savo,
890 2246 963 2306 velut
985 2258 1062 2305 atrox
1084 2248 1187 2312 bellna,
1210 2266 1313 2311 morsu,

584 2334 678 2389 Nonne
699 2341 780 2408 putes
801 2334 867 2390 dirae
890 2334 912 2389 si
934 2332 1013 2409 plena
1034 2335 1157 2408 potentia
1181 2335 1264 2390 menti

585 2418 703 2481 Aberat,
726 2418 850 2477 aetherem
871 2418 991 2476 ooelestia
1013 2419 1137 2493 protinus
1159 2420 1229 2475 areis

507 2518 544 2557 rto
586 2504 696 2577 Sceptra
718 2502 767 2559 tibi
789 2503 923 2578 eriperet?
946 2521 1006 2578 quaa
1027 2520 1077 2559 nos
1099 2503 1151 2559 iam
1173 2503 1285 2559 maxima
1307 2521 1371 2559 cnra

586 2586 731 2651 Sollicitat,
754 2588 897 2662 variosque
919 2595 1006 2645 metus
1028 2604 1194 2662 magnusque
1216 2586 1322 2644 labores
1382 2576 1387 2584 ⁴

586 2672 700 2745 ingerit,
724 2673 867 2731 instantem
888 2673 952 2728 dum
975 2673 1063 2729 tristia
1086 2673 1139 2729 lata
1161 2672 1264 2729 ruinam

587 2757 737 2820 Obiieiunt,
762 2766 814 2814 tam
836 2759 938 2832 grande
960 2758 1077 2831 nephas.
1100 2757 1252 2826 discrimina
1276 2764 1346 2813 taeta

587 2842 670 2911 Quem
692 2859 747 2898 non
768 2843 967 2900 comminuant?
991 2844 1046 2899 l'ua
1068 2860 1148 2917 quem
1170 2842 1296 2898 fidissima
1319 2834 1412 2918 plebes

506 2943 542 2983 aaa
585 2926 714 3002 imploret
735 2927 821 2983 ventis
842 2927 994 3002 pelagoque
1016 2943 1127 2984 excussa
1150 2926 1251 2984 iuranti

586 3011 738 3085 Naufragal
760 3012 871 3069 Ledaeos
884 3011 1025 3068 'fratresne
1048 3029 1081 3068 an
1102 3012 1201 3068 Protea
1223 3011 1324 3068 formas

586 3097 743 3170 lingentem
765 3097 863 3160 varias,
889 3095 958 3153 lituo
981 3096 1280 3154 Tritonave'cinctum?

586 3182 639 3238 Seu
661 3181 754 3238 forsan
776 3182 847 3256 nigri
869 3181 1006 3238 dominum
1027 3181 1142 3238 Plutona
1164 3181 1294 3246 barathri,

586 3270 640 3321 Aut
662 3266 794 3340 geminam
817 3264 1068 3341 prolembatonae,
1092 3274 1138 3322 ant
1159 3266 1252 3322 blartis
1274 3267 1367 3322 inanes
1447 3294 1456 3315 ,

474 3378 476 3382 >
505 3365 542 3405 tao
585 3351 710 3425 Belligeri
733 3352 854 3414 sonitus,
877 3351 1028 3425 priscorum
1051 3351 1160 3407 numina
1182 3352 1265 3407 vanai

586 3434 649 3503 Quae
672 3436 800 3510 quoniam
821 3436 940 3510 graviter
959 3436 1184 3510 contempsimus,
1206 3436 1326 3510 undique
1348 3437 1432 3493 certis

503 3522 506 3529 “
585 3520 716 3577 llostibus
738 3521 897 3594 affligimur:
920 3521 999 3578 nobis
1021 3519 1253 3596 nequesarmata
1275 3539 1323 3577 nec
1346 3522 1446 3584 Thrax,

585 3596 644 3662 llon
666 3605 764 3663 llierus
787 3607 926 3668 intonsus,
949 3624 1003 3663 non
1025 3615 1067 3662 est
1089 3605 1246 3680 Arimaspus
1268 3606 1384 3683 miens:

586 3690 650 3759 Quae
672 3690 773 3754 faveat,
795 3698 856 3746 toto
880 3689 952 3746 nulla
975 3699 1017 3747 est
1039 3708 1107 3765 gens
1130 3690 1252 3765 improba
1274 3692 1383 3748 mundo.

506 3792 544 3831 ιιι
586 3775 656 3839 Heu,
680 3777 752 3850 quod
774 3776 907 3839 deterius,
931 3776 1031 3832 mutuis
1053 3775 1203 3832 Christiana
1225 3793 1348 3851 propago

586 3861 728 3917 liecertant
750 3861 821 3918 odiis
844 3862 915 3916 inter
937 3877 980 3923 se,
1003 3859 1136 3933 plurimus
1159 3861 1241 3916 armis

586 3945 691 4002 interiit
712 3945 845 4020 populus:
869 3953 1004 4001 testantur
1025 3946 1157 4019 sangnine
1181 3946 1256 4002 tincti
1347 3980 1350 3986 ι

410 1963 419 2001 t

586 4029 697 4086 blincius
719 4039 800 4104 atque
823 4031 944 4092 Athesis,
967 4029 1086 4086 Benacus
1108 4038 1136 4086 et
1158 4032 1217 4105 ipse
1238 4047 1337 4087 cruore
1428 4079 1433 4093 ‚

586 4115 710 4171 Creverat
733 4115 865 4177 humano,
888 4114 1009 4189 pulchra¹
1031 4132 1094 4189 pars
1116 4116 1232 4189 deniqne
1254 4132 1349 4188 nempe

505 4214 542 4255 roo
585 4199 718 4268 Quaelibet
740 4201 865 4258 Ausoniae
880 4200 993 4256 miseris
1017 4199 1120 4274 repleta
1143 4201 1263 4255 virorum

586 4284 737 4347 Funeribus
759 4285 839 4359 nigro
862 4304 909 4341 sua
933 4285 1022 4341 tristia
1044 4283 1143 4341 vellere
1165 4285 1248 4341 cinxit

588 4371 735 4444 Tempora;
756 4387 829 4427 nunc
851 4370 932 4426 etiam
955 4386 1092 4445 nunquam
1115 4371 1171 4425 iera
1193 4368 1286 4444 praelia
1307 4368 1414 4425 desunt.
1450 4394 1452 4400 ⁸

588 4456 628 4512 l'u
648 4454 729 4513 Pater
751 4455 923 4530 omnipotens
946 4464 1026 4530 atque
1049 4454 1153 4511 inunita
1174 4460 1306 4529 potestas,

451 4636 483 4671 ¹²⁴
502 4635 635 4702 ipiimo'sis
648 4640 671 4687 l.
709 4634 740 4668 ¹²³
758 4637 855 4688 Betbia
868 4641 892 4688 l.
912 4636 1100 4704 Quadalquicr'r.
1120 4636 1162 4686 Cf.
1175 4632 1411 4687 Marathunta.
1431 4621 1434 4628 ’
1455 4632 1489 4668 ¹²⁸
1502 4632 1633 4684 Oceeano
1647 4636 1670 4684 1.

385 4721 417 4756 ¹²¹
434 4722 531 4774 Tnlem
544 4725 568 4771 t.
604 4717 637 4754 ¹¹⁸
646 4720 753 4782 Encel]
767 4722 880 4772 Tartari
890 4721 1018 4789 Goeaeque
1030 4722 1103 4772 filius
1116 4722 1195 4789 gigno
1208 4711 1388 4773 centimanus.
1401 4720 1438 4770 cs.
1452 4721 1533 4786 Verg.
1547 4720 1611 4769 AEn.
1621 4719 1666 4770 IV,

386 4806 506 4874 1781aqq.
545 4804 574 4839 ¹⁸¹
592 4806 701 4857 Dehinc
715 4811 844 4872 monosyll.
880 4804 914 4838 ¹⁸⁰
925 4808 985 4870 Qua
998 4810 1021 4856 1.
1058 4804 1090 4838 ¹⁴²
1103 4808 1183 4858 ruina
1196 4810 1219 4857 1.
1267 4805 1300 4839 ¹⁵⁶
1311 4805 1437 4856 Laedaeos
1451 4809 1474 4854 t.
1486 4804 1629 4855 Castorem
1643 4808 1671 4853 et

382 4892 532 4945 Pollucem.
583 4891 704 4942 Prothoe
717 4895 741 4943 1.
766 4893 803 4942 cl.
820 4892 903 4958 Verg.
918 4906 1012 4959 georg.
1026 4889 1074 4940 1v.
1086 4889 1144 4941 405.
1156 4907 1214 4958 sqq.
1267 4889 1300 4923 Μ
1317 4889 1472 4955 Apollinem
1493 4894 1521 4940 et
1542 4888 1670 4938 Dianam.

384 4975 416 5010 ¹⁸⁸
432 4976 536 5048 Hisque
551 4995 586 5021 ==
602 4977 723 5027 Russus?
746 4982 776 5026 ut
792 4977 877 5027 Arim.
889 4994 925 5020 =
939 4975 1102 5028 Moaeovita.
1144 4974 1175 5009 ¹³⁹
1193 4978 1230 5027 cf.
1250 4976 1364 5026 Hutteni
1375 4991 1424 5040 ep.
1439 4973 1531 5026 Italiae
1549 4971 1634 5023 fictio.
1648 4988 1671 5022 c.

383 5061 466 5113 Ilesal
484 5076 556 5126 resp.
580 5060 635 5112 vol.
647 5061 670 5111 Ι.
687 5076 715 5112 ιι.
728 5061 852 5113 XXXVI.
864 5061 977 5128 passim.
1000 5061 1090 5112 Hodie
1108 5060 1234 5112 similiter
1251 5065 1408 5126 queruntur.
