4300 6059
459 689 531 760 242
580 717 685 754 undant
699 719 827 754 vimen
840 719 944 753 ounrto
959 718 1094 754 AVGVS‘I'AE
1107 718 1220 753 viunisi..
1235 719 1259 751 D.
1273 712 1307 751 20.
1321 718 1385 753 Avo.
1400 718 1424 752 Δ.
1441 711 1497 752 1518.
1511 717 1624 751 nemun.

458 888 488 935 ut
510 878 602 934 debito
626 875 758 951 imperiali
766 920 772 939 ‚
796 894 850 949 quo
874 876 924 932 toti
945 875 1142 931 Christianitati
1166 876 1279 938 teneris,
1304 876 1420 949 ingenue
1436 876 1600 937 satisfacias,
1624 892 1675 948 pro
1692 892 1747 947 quo

457 964 507 1020 tibi
530 981 623 1019 omnes
647 970 763 1019 mentem
785 979 875 1016 sanam
900 961 925 1015 iu
948 978 1064 1034 corpore
1087 977 1153 1015 sano
1176 961 1292 1034 vitaeque
1320 962 1525 1017 diuturnitatem
1553 958 1746 1034 precabuntur.

458 1057 485 1104 et
507 1058 537 1103 ut
560 1049 585 1103 in
609 1048 660 1103 hoe
684 1054 737 1102 tam
767 1046 967 1119 gloriosissimo
990 1046 1134 1120 proposito
1156 1045 1246 1100 animo
1275 1047 1438 1102 inconcusso
1467 1047 1611 1120 persistas,
1646 1045 1747 1099 erectis

389 1136 484 1196 §.auin
507 1132 603 1189 cmlum
626 1131 723 1205 palmis
745 1132 876 1186 attentius
899 1131 1024 1186 orabunt.
1068 1130 1120 1186 Sed
1144 1130 1194 1186 iam
1218 1131 1296 1186 laetis
1319 1148 1363 1186 res
1385 1131 1564 1203 aggredienda
1588 1132 1659 1185 loret
1681 1146 1746 1184 con·

457 1219 595 1291 stantique
617 1225 729 1292 pectore
752 1216 811 1271 sine
833 1216 906 1271 omni
930 1215 1060 1272 ulteriore
1075 1215 1249 1272 cunctatione
1266 1217 1470 1289 prosequenda:
1493 1225 1557 1290 post
1572 1223 1613 1270 tot
1629 1213 1768 1270 concilias

456 1313 484 1360 et
505 1304 612 1359 decreta
634 1300 733 1363 multa,
756 1309 821 1374 post
845 1309 885 1357 tot
907 1310 1055 1356 conventus
1078 1310 1106 1356 et
1128 1301 1332 1357 exhortationes
1355 1302 1455 1363 varias,
1484 1309 1549 1374 post
1576 1307 1617 1354 tot
1645 1300 1747 1355 instru-

455 1390 559 1446 ctiones
583 1395 610 1442 et
633 1394 764 1443 tractatus
785 1386 919 1460 plurimos
941 1385 1023 1441 arinis
1044 1385 1165 1448 tandem,
1188 1403 1242 1440 non
1258 1386 1425 1458 argumentis
1442 1404 1511 1459 opus
1527 1392 1583 1445 est:
1606 1385 1657 1439 iarn
1674 1384 1746 1440 enim

455 1474 488 1529 de
511 1472 552 1528 his
577 1480 629 1527 tam
651 1471 755 1527 crebris
778 1471 824 1526 sed
848 1470 920 1525 vanis
942 1479 989 1525 aut
1012 1468 1095 1526 nullis
1117 1469 1364 1526 consultationibus
1393 1478 1421 1525 et
1451 1469 1674 1544 praeparamentis
1697 1485 1758 1522 no··

457 1559 522 1615 stris
544 1555 586 1629 (ut
609 1556 714 1630 quidam
737 1554 943 1611 Mediolanensis
972 1572 1003 1610 ex
1033 1555 1130 1610 Turcia
1160 1555 1294 1629 profugis
1321 1572 1411 1629 nuper
1438 1556 1465 1610 in
1494 1560 1643 1628 conspectu
1671 1553 1746 1627 regis

456 1643 544 1698 nostri
560 1640 665 1711 retulit)
688 1641 789 1714 sapius
810 1639 876 1696 dicit
891 1640 1014 1696 Thurcus
1035 1640 1177 1695 admodum
1199 1640 1397 1696 subsannantur
1418 1638 1574 1695 ‘Consulaut
1588 1638 1744 1701 Christiani,
1756 1651 1782 1691 te

457 1726 613 1789 consulant,
637 1735 665 1781 et
687 1742 739 1798 ego
762 1721 874 1781 laeiam'.
912 1725 985 1798 quod
1015 1742 1045 1781 re
1074 1725 1130 1798 ipsa
1160 1733 1188 1780 et
1217 1726 1357 1799 stupendis
1386 1725 1472 1781 indies
1494 1725 1613 1781 victoriis
1634 1724 1746 1779 demon·

388 1817 534 1869 §.cestrae
572 1811 640 1872 Nos,
663 1812 686 1866 si
709 1810 763 1865 veri
787 1810 929 1866 (hristiani
953 1827 1060 1871 sumus.
1084 1810 1306 1883 quemadmodum
1329 1810 1452 1866 Thurcus
1473 1811 1501 1866 in
1522 1809 1638 1866 dedecus
1653 1810 1747 1883 potius

455 1906 580 1953 nostrum
603 1896 731 1957 adiuuat,
754 1896 852 1950 Christi
876 1895 955 1950 lidern
978 1895 1010 1949 ad
1025 1898 1184 1968 sanguinem
1199 1912 1286 1969 usque
1300 1903 1389 1950 mente
1404 1895 1551 1968 intrepida,
1575 1911 1630 1951 non
1654 1902 1746 1950 osteu-

455 1984 559 2037 tatione
582 1980 684 2041 solum,
709 1981 755 2036 scd
778 1979 918 2035 nitentibus
941 1980 1054 2035 sinceris
1076 1979 1234 2041 observare.
1259 1980 1329 2035 tueri
1349 1989 1377 2035 et
1398 1987 1528 2052 quantum
1552 1979 1679 2035 innubis
1702 1986 1745 2034 est

455 2074 629 2124 manutenere
650 2064 787 2120 debemus.
832 2063 1012 2138 Quoadusque
1039 2065 1093 2120 vita
1121 2071 1214 2119 nostra
1237 2060 1388 2120 Christiano
1416 2064 1603 2134 adversabitur
1631 2064 1781 2131 hominiis

454 2162 485 2208 ut
508 2152 555 2226 qui
577 2150 713 2205 Christum
736 2148 850 2210 imitari,
874 2166 925 2222 pro
947 2148 1056 2204 Christo
1078 2167 1129 2204 nos
1152 2142 1292 2224 opponere
1315 2148 1464 2222 religionis
1478 2148 1585 2206 vinculo
1600 2159 1745 2208 arctamur,

455 2246 550 2292 eoiitra
573 2236 632 2290 cius
655 2234 755 2307 legem,
777 2243 872 2289 conus
896 2250 959 2288 ores
981 2251 1057 2295 suas.
1081 2243 1175 2290 contra
1199 2236 1287 2308 ipsum
1309 2235 1444 2290 Christum
1467 2236 1587 2305 ignavia,
1615 2250 1746 2306 arrogan-

456 2322 492 2377 tia
515 2330 543 2375 et
565 2318 718 2375 excessibus
740 2319 843 2374 uostris
865 2319 892 2373 in
915 2317 1012 2375 coelum
1035 2336 1122 2392 usque
1144 2338 1204 2375 curn
1226 2319 1381 2393 gigantibus
1409 2318 1531 2375 letileras
1559 2320 1673 2392 sagittas
1696 2321 1746 2374 iru-

454 2405 589 2480 pudenter
610 2404 769 2477 dirigimus?
791 2403 824 2458 de
848 2402 914 2459 locis
936 2412 1072 2459 certamus
1095 2404 1201 2478 publiea
1224 2404 1411 2479 negligentes;
1441 2404 1529 2460 hostis
1558 2422 1620 2460 vero
1643 2421 1694 2459 nos
1717 2411 1745 2459 et

453 2498 549 2546 nostra
571 2491 659 2544 oanrria
682 2507 712 2544 ac
735 2489 792 2544 loca
821 2487 900 2544 simul
928 2487 1063 2561 deglutire
1091 2489 1248 2545 contendit?
1276 2507 1358 2545 uuum
1387 2488 1438 2544 hoc
1465 2488 1661 2544 conclamatum
1691 2497 1780 2549 estas

455 2575 575 2630 'lurchas
596 2572 717 2630 consiliis
740 2573 946 2646 quibuscunque
969 2591 1023 2629 non
1044 2583 1247 2636 convertemus,
1277 2575 1299 2629 si
1322 2574 1403 2629 armis
1426 2590 1481 2628 non
1504 2575 1654 2634 vincemus,
1684 2590 1744 2646 quae

455 2659 537 2715 divini
559 2659 633 2714 rerbi
655 2659 895 2714 concionatoribus
917 2658 1073 2714 elucidanda
1096 2659 1236 2733 relinquo,
1260 2658 1476 2732 quandoquidem
1499 2658 1584 2714 multa
1607 2665 1744 2713 nuac'est
1794 2716 1798 2723 ¹

400 2745 570 2805 sinimus,
594 2753 622 2799 et
644 2745 762 2816 operarii
785 2742 871 2798 multi.
908 2743 998 2817 Neque
1021 2745 1047 2799 id
1069 2745 1219 2805 deterreat,
1243 2745 1315 2816 quod
1339 2752 1391 2799 tam
1414 2742 1498 2817 longo
1515 2751 1637 2818 tempore
1654 2743 1743 2798 orien-

456 2829 501 2885 tali
525 2829 640 2902 irnperio
662 2830 750 2884 hostis
771 2828 918 2884 crudelitas
941 2829 1027 2902 potita
1049 2829 1100 2896 sit,
1128 2837 1155 2884 et
1175 2829 1278 2885 desidia
1299 2837 1394 2884 nostra
1416 2830 1476 2884 eius
1498 2830 1619 2902 potentia
1641 2829 1680 2884 sic
1705 2830 1745 2884 iu·

452 2913 582 2975 creuerit,
606 2922 636 2969 ut
658 2913 762 2970 firmata
785 2931 845 2969 esse
868 2913 1005 2969 videatur:
1035 2914 1067 2968 ad
1096 2932 1221 2970 oceasum
1243 2914 1344 2969 intueri
1366 2913 1466 2969 volenti
1489 2912 1630 2987 possibilia
1653 2914 1781 2968 omniaas

452 3008 480 3055 et
502 2998 628 3055 facillima
650 2998 813 3072 comperiet:
841 3015 902 3054 cum
926 2998 1135 3055 Sarracenorum
1158 2999 1309 3054 immanitas
1331 2997 1474 3053 Granatam
1502 3007 1530 3053 et
1552 3015 1675 3071 magnam
1699 2997 1745 3052 lli·

453 3085 554 3158 spanin
576 3092 680 3158 partem
704 3099 786 3156 supra
808 3084 998 3157 septingentos
1020 3090 1106 3139 anno's
1129 3084 1301 3141 haereditario
1324 3083 1465 3139 admodum
1495 3084 1552 3138 iure
1581 3083 1743 3157 possederit.

453 3179 481 3225 at
503 3168 663 3224 Ferdinmdi
684 3169 757 3239 regis
780 3168 995 3224 victoriosissimi
1017 3170 1172 3225 constantia
1200 3170 1355 3242 reginaque
1378 3167 1514 3224 Elisabeth
1543 3168 1687 3224 devotione
1716 3176 1744 3223 et

452 3270 566 3310 suorum
589 3253 751 3310 fortitudine
773 3253 868 3326 paucis
889 3255 967 3308 aunis
989 3253 1088 3309 neelum
1111 3261 1269 3327 recuperata
1292 3260 1356 3308 sunt
1379 3254 1483 3313 omnia,
1506 3254 1553 3308 sed
1575 3261 1632 3309 tota
1649 3253 1745 3308 inlide-

451 3337 519 3394 lium
541 3339 664 3412 potentia
686 3355 741 3392 non
764 3355 779 3392 a
802 3340 878 3411 regni
902 3337 989 3395 solum
1012 3337 1111 3395 finibus
1137 3339 1229 3394 abacta
1257 3346 1312 3401 est,
1342 3354 1433 3394 verum
1460 3339 1582 3411 adusque
1611 3338 1778 3393 inlerioraae

386 3423 619 3480 §.tl-Mauritania
641 3422 733 3478 littora
756 3440 816 3478 curu
839 3423 970 3496 perhenni
994 3423 1068 3479 illius
1096 3423 1170 3496 regis
1200 3423 1288 3497 gloria
1316 3424 1410 3479 eiecta.
1454 3422 1500 3478 llle
1529 3440 1592 3478 vero
1621 3424 1743 3496 propriis

452 3516 558 3564 baritum
580 3507 683 3563 viribus
705 3515 732 3562 ct
755 3508 967 3578 unica-suorum
990 3525 1069 3564 manu
1092 3516 1222 3563 strennue
1245 3509 1300 3565 haec
1327 3509 1427 3581 gessit,
1458 3509 1498 3564 Tu
1519 3523 1663 3563 continuae
1687 3507 1744 3563 bel·

452 3592 508 3648 lurn
530 3609 610 3666 paras
633 3601 660 3648 et
682 3592 836 3666 generalem
860 3588 900 3663 (ut
923 3592 1008 3664 aiunt)
1031 3594 1245 3667 expeditionem:
1274 3602 1320 3648 tua
1343 3609 1440 3667 opera,
1463 3591 1578 3648 consilio
1601 3600 1636 3648 et>
1651 3594 1744 3667 auspi·

451 3678 500 3733 ciis
523 3694 672 3750 regumque
696 3678 817 3732 omnium
839 3695 950 3733 assensu
973 3678 1120 3734 ethorum
1142 3678 1417 3753 prudentissimorum
1445 3678 1596 3751 principum
1625 3677 1743 3733 consilio

382 3762 509 3837 §.ailqui
534 3770 581 3819 tuo
604 3761 682 3818 lateri
704 3770 832 3836 tanquam
853 3763 1024 3821 validissimae
1045 3762 1177 3821 columnae
1199 3760 1345 3825 adiumenti
1374 3763 1517 3818 instituere
1538 3761 1629 3817 debes.
1673 3762 1777 3829 uulsis

451 3866 501 3904 oro
525 3855 566 3902 tot
589 3847 700 3921 regibus
723 3857 750 3902 et
773 3848 942 3922 principibus
966 3856 1073 3921 tamque
1097 3866 1249 3903 numerosae
1272 3846 1438 3903 rraultitudini
1468 3848 1596 3903 resistere
1618 3849 1741 3922 poterit?

449 3934 513 3989 duur
536 3942 563 3988 et
585 3951 677 4006 pacem
700 3933 852 3988 exulantem
874 3931 1022 4006 multisque
1045 3942 1108 3989 ante
1137 3932 1243 3990 sacculis
1273 3932 1343 3987 inter
1365 3933 1534 3988 Christianos
1561 3932 1741 3989 desideratam

450 4035 521 4074 nuuc
544 4018 594 4073 iam
617 4017 834 4073 corurnodissime
856 4035 907 4091 pro
932 4019 970 4072 tui
993 4027 1022 4073 et
1042 4018 1141 4072 Leonis
1162 4018 1244 4072 animi
1267 4016 1452 4074 satisfactione
1476 4019 1629 4073 restitutam
1657 4018 1741 4078 rides,

450 4112 478 4157 ct
500 4119 570 4158 novo
594 4102 709 4175 quodam
734 4101 926 4175 quinquennali
950 4103 1050 4171 loedere
1072 4120 1134 4158 cum
1165 4102 1285 4158 omnium
1314 4102 1360 4175 qui
1389 4102 1468 4158 bonae
1499 4101 1647 4157 voluntatis
1676 4113 1742 4158 suut

451 4187 617 4260 gratitudine
639 4188 769 4243 lirmatam
791 4188 920 4249 intueris,
952 4196 982 4242 ut
1009 4187 1075 4242 nihil
1104 4195 1147 4242 est
1175 4185 1291 4260 amplius
1318 4188 1391 4260 quod
1421 4187 1453 4242 ad
1483 4204 1539 4243 rem
1570 4189 1741 4260 propositam
1751 4202 1777 4242 to

382 4270 579 4327 §.thlmlicitcr
600 4272 744 4345 gerendam
766 4273 852 4332 desit,
875 4281 922 4327 aut
944 4273 1016 4345 quod
1038 4272 1170 4346 impedire
1190 4272 1287 4345 possit.
1334 4271 1392 4328 Noa
1420 4272 1508 4327 ‹taeria
1536 4273 1607 4326 votis
1636 4273 1692 4327 tuis
1714 4283 1742 4327 et

450 4357 547 4412 Leonis
569 4357 732 4412 sanctissimi
754 4357 944 4413 serenissimus
966 4357 1021 4412 her
1043 4366 1138 4413 noster
1166 4373 1228 4412 cum
1251 4357 1376 4413 omnibus
1397 4357 1524 4412 dominiis
1552 4357 1609 4412 suis
1631 4365 1659 4412 et
1683 4367 1742 4413 tota

500 4624 633 4673 ¹tetae1t.
668 4621 720 4684 ’(1)
735 4621 858 4671 lurensi.
873 4620 1043 4672 retusae.
1080 4622 1301 4689 ⁸preparametis
1315 4626 1339 4672 1.
1375 4623 1396 4655 ¹⁰
1407 4623 1564 4673 subsannatis
1579 4627 1601 4672 1.
1620 4625 1740 4675 subsan-

449 4709 587 4758 nantislt.
624 4707 646 4740 ¹⁸
665 4705 727 4755 echi
741 4708 763 4754 1.
800 4704 936 4784 loetileras
948 4708 973 4754 1.
1008 4704 1031 4738 ²¹
1049 4706 1255 4758 suscitandam.
1290 4704 1465 4772 ”operariL
1485 4707 1741 4760 comminuitur.

448 4791 581 4842 ‘volenti
597 4794 635 4840 sle
647 4793 672 4840 1.
707 4788 730 4821 ²‘
748 4788 1066 4853 facilimaepparebunt.
1086 4797 1118 4840 a„
1167 4793 1307 4843 Sorech.
1354 4788 1741 4855 ”u'erdinsndus1.a.14trt;

449 4872 732 4925 clamationem
749 4873 808 4921 Rex
826 4872 924 4921 dictus.
953 4872 1100 4925 Elisabeth
1117 4891 1199 4940 qnam
1211 4877 1361 4927 lsabellam
1379 4877 1520 4926 nominare
1539 4879 1740 4929 consuevimus.

447 4958 468 4993 ⁸¹
486 4959 602 5025 perenni
620 4964 652 5008 n.
687 4955 709 4988 ⁸²
727 4952 880 5005 smenublt.
916 4953 937 4987 ³⁶
957 4956 1091 5013 aellierent
1104 4963 1126 5009 1.
1148 4961 1284 5016 Inrlaorr'e.
1296 4964 1366 5027 quod
1381 4965 1470 5011 lteram
1480 4962 1557 5022 facit,
1576 4963 1646 5026 loqui
1661 4968 1741 5013 notuit

451 5044 576 5094 litelttue.
630 5037 726 5105 16οπο]
745 5038 907 5089 obsecrost„
960 5038 983 5072 ⁸⁸
1000 5043 1205 5093 ssdslsettione
1218 5047 1242 5093 1.
1299 5043 1322 5077 ⁴⁰
1339 5052 1382 5095 est
1398 5047 1473 5099 siat.
1495 5046 1533 5094 sit
1549 5048 1581 5097 Ι.
