4300 6059
547 712 671 756 narrem
691 714 720 749 ra
739 714 832 750 uvcan
851 714 1130 750 wiuranreuonueeu
1149 716 1251 752 ouario
1269 719 1295 755 v.
1313 701 1576 767 u.uu1.(?)a.tate.
1653 687 1698 759 91

1389 795 1396 822 t

415 875 505 947 atque
528 886 585 929 una
601 867 673 929 hora
690 870 853 939 occiderat,
876 869 954 949 quod
970 872 1098 948 optimus
1112 870 1257 933 scelerum
1273 874 1377 934 artifex
1392 874 1554 945 rideretur,
1577 876 1606 936 in
1622 877 1703 955 equi·

416 979 479 1030 turn
501 973 701 1047 magisterium
722 971 767 1041 ab
794 971 844 1032 illo
873 980 1022 1043 erectum,
1055 993 1090 1033 eo
1118 975 1167 1052 qui
1194 993 1278 1035 suam
1307 977 1362 1053 ipsi
1390 973 1477 1035 filiam
1504 975 1541 1037 ad
1568 985 1703 1055 stuprum

416 1072 637 1141 conciliaverat,
662 1074 745 1151 quasi
767 1075 816 1152 qui
838 1072 987 1135 maletioiis
1009 1078 1146 1154 superari
1166 1077 1323 1136 sustineret
1346 1083 1375 1136 et
1396 1076 1492 1138 honus
1514 1079 1600 1139 rruuis
1616 1087 1700 1150 esset,

415 1178 545 1254 prirato:
569 1193 644 1254 opus
667 1182 729 1235 erat
750 1174 791 1235 illi
814 1175 891 1235 enim
914 1193 972 1235 uon
995 1176 1165 1254 simpliciter
1192 1177 1355 1246 sceleratis,
1384 1178 1437 1239 se'd
1458 1180 1568 1258 figuras
1589 1199 1712 1258 quaere,

394 1277 483 1347 aba,
507 1285 536 1337 et
556 1275 704 1338 scelerum
725 1283 861 1355 portenta
885 1277 1028 1354 exigebat.
1074 1277 1173 1348 Quare
1195 1281 1237 1339 sio
1258 1297 1413 1356 possumus
1435 1281 1548 1350 dicere,
1576 1284 1600 1343 si
1623 1282 1769 1345 nullaesa.

323 1401 326 1404 ·
416 1387 495 1440 esset
516 1380 603 1440 etiam
627 1384 705 1438 tauta
727 1378 946 1456 improbitatum
975 1399 1010 1441 ae
1039 1382 1236 1458 pessimorum
1263 1381 1426 1442 facinorum
1455 1382 1492 1443 de
1521 1384 1578 1443 troc
1605 1384 1703 1445 habita

410 1483 561 1558 eognitio,
589 1480 692 1559 sugere
721 1496 788 1541 eum
817 1499 919 1542 omnes
947 1488 1045 1542 tamen
1068 1485 1179 1561 optimo
1201 1484 1266 1544 iure
1295 1489 1446 1562 poterant,
1478 1485 1557 1562 quod
1587 1484 1643 1546 hac
1672 1505 1704 1547 se

415 1585 560 1652 amicitia,
582 1583 628 1642 liis
649 1582 853 1660 stipatoribuS,
887 1584 942 1643 hac
970 1586 1165 1662 pessimorum
1188 1585 1339 1646 homiuum
1362 1586 1501 1647 societate
1522 1586 1601 1646 ultro
1623 1588 1704 1647 coiu-

417 1685 567 1763 quinaret;
590 1685 699 1764 quoda
717 1684 854 1746 cancellis
868 1684 992 1746 haberet
1008 1686 1220 1758 fraudatorem,
1245 1687 1355 1754 furem,
1378 1693 1619 1749 testamentorum
1635 1688 1703 1750 sub·

385 1789 578 1855 toieotorem,
601 1786 748 1847 bonorum
772 1786 947 1856 delatorem,
970 1789 1066 1847 omuis
1090 1788 1283 1856 crudelitatis,
1308 1790 1374 1866 qtrae
1396 1789 1487 1867 ipsius
1508 1792 1595 1851 etiam
1617 1791 1702 1852 iudu-

387 1890 518 1948 striam
531 1888 644 1968 =sugere
665 1890 826 1966 potuisset,
856 1891 1115 1958 commonitorem
1144 1891 1194 1967 qui
1223 1889 1269 1954 his
1299 1908 1372 1969 quos
1395 1888 1490 1951 obiter
1511 1892 1600 1951 modo
1622 1899 1772 1952 com-tta.

415 1991 594 2059 memorari,
619 1996 752 2051 uteretur
775 1991 906 2077 equiturn
928 1992 1089 2068 magistris;
1113 1993 1161 2051 cui
1176 1998 1251 2050 esset
1267 1989 1477 2061 cubicularius,
1501 1995 1551 2071 qui
1566 2012 1621 2061 uec
1636 1995 1704 2055 iecit
1732 1985 1735 1988 ¹

415 2110 546 2170 unquam
570 2109 625 2152 neo
647 2109 750 2170 passus
771 2100 816 2152 est
838 2093 942 2162 viriliat
967 2095 1051 2154 ouius
1072 2091 1248 2154 sceleratum
1270 2111 1303 2152 os
1325 2091 1373 2154 illo
1389 2094 1620 2155 circumraderet
1638 2102 1702 2155 ton·

415 2213 483 2262 sor,
517 2194 567 2271 qui
590 2194 741 2271 exquisitis
762 2202 976 2255 tormentorum
1000 2194 1159 2271 generibus
1187 2181 1289 2254 omnes
1316 2195 1408 2272 ipsius
1438 2196 1589 2282 oaruifiees
1616 2216 1703 2276 supe·

384 2298 507 2365 roravit,
531 2294 576 2356 vel
598 2314 657 2356 uuo
679 2296 736 2356 hoo
757 2295 879 2366 nobilis,
903 2296 981 2375 quod
1004 2294 1085 2356 illum
1108 2313 1203 2375 nuper
1218 2297 1374 2375 torquendi
1390 2296 1509 2357 modum
1525 2299 1648 2369 invenit,
1672 2308 1704 2360 ut
1759 2300 1775 2378 j

414 2401 445 2460 iu
473 2417 600 2460 accenso
630 2405 659 2459 et
685 2400 864 2483 inflammato
892 2400 1003 2459 ciromn
1031 2397 1145 2477 liquore
1178 2382 1379 2477 petiuerentur
1413 2399 1562 2460 homines!
1599 2402 1770 2477 fugeret-³⁵.
1814 2452 1816 2456 .

415 2519 520 2562 omnes
539 2503 677 2579 inquam,
705 2501 853 2563 dehebant
881 2520 947 2561 eum
976 2502 1025 2579 qui
1051 2518 1089 2560 ue
1112 2498 1265 2562 mulierem
1293 2501 1410 2578 quidem
1434 2503 1489 2561 nisi
1511 2501 1619 2580 flagitio
1643 2501 1701 2563 ola·

414 2622 496 2672 ram,
519 2603 632 2664 scelere
655 2603 783 2664 nobilem
806 2611 836 2664 et
857 2603 1035 2662 immanitate
1058 2600 1201 2662 illustrem
1223 2619 1322 2662 amare
1350 2611 1463 2680 posset:
1493 2606 1542 2681 qui
1572 2623 1638 2665 oum
1668 2625 1703 2666 ex

415 2704 480 2765 aula
503 2725 555 2767 sua
573 2705 690 2783 'probos
712 2707 860 2774 eiecisset,
889 2706 934 2764 sui
963 2705 1088 2765 maxime
1117 2702 1226 2764 similes
1253 2705 1350 2765 vivere
1379 2705 1456 2763 cirea
1487 2723 1519 2766 se
1542 2713 1702 2783 pateretur,

383 2808 523 2869 ”deinde
544 2807 774 2887 perditissimum
797 2826 942 2887 quemque
965 2806 1051 2866 alicui
1071 2807 1167 2866 statim
1189 2806 1353 2885 preficeret
1374 2806 1555 2883 magistratui
1578 2816 1607 2868 et
1628 2827 1703 2887 pre·-

484 2996 514 3043 ¹·.²
534 2997 619 3061 equit.
633 2999 717 3061 mog]
741 2995 932 3058 Statlrnetster-,
957 2993 1178 3044 araretur-Amr.
1254 2989 1328 3059 ²e0]
1349 2992 1474 3042 Conrado
1493 2992 1593 3054 Thum,
1618 2995 1703 3045 iuter·

416 3082 501 3147 empti
519 3082 633 3131 Ioannis
651 3080 768 3130 Hutteni
787 3095 894 3131 socero.
958 3079 969 3111 ⁷
988 3081 1117 3145 .Fugere
1138 3083 1181 3128 1„
1223 3077 1234 3108 ⁹
1253 3094 1270 3127 a
1289 3074 1432 3142 cancellis]
1452 3078 1661 3143 Lamparterum
1680 3096 1702 3130 s.

415 3166 640 3232 Lumpreohtum.
660 3165 703 3215 Cf.
717 3170 786 3215 orat.
801 3166 847 3215 IV.
861 3166 884 3226 §-
898 3163 924 3215 9.
946 3195 949 3201 ·
995 3164 1015 3196 ¹²
1035 3163 1199 3223 cubicular]
1223 3163 1380 3213 Ambrosius
1399 3161 1515 3212 Vollund
1533 3168 1613 3228 puto,
1638 3181 1702 3214 eau-

415 3251 546 3302 eellarius
565 3251 657 3300 tactus
680 3266 705 3299 o.
721 3249 805 3312 tatu,
825 3251 903 3300 cuius
921 3252 1007 3300 vitam
1026 3249 1172 3315 descripsit
1189 3249 1271 3312 Heyd
1296 3247 1400 3311 (Stuttp.
1420 3245 1509 3311 18²8).
1535 3247 1603 3297 Vide
1622 3249 1703 3300 huius

416 3339 470 3388 Uir.
484 3338 535 3386 ΗΖ.
550 3354 574 3386 o.
592 3337 635 3386 W.
655 3336 676 3387 1.
695 3353 722 3401 p.
735 3334 793 3384 491.
808 3351 848 3400 sq.
885 3336 917 3384 ln
935 3335 1009 3398 Frffl.
1022 3334 1192 3398 Stampbarti
1211 3333 1332 3383 chronio.
1351 3331 1408 3396 (op.
1422 3331 1528 3381 Sottler.
1547 3338 1577 3382 11.
1597 3333 1663 3384 Beit
1676 3352 1702 3398 p.

413 3423 467 3486 u.)
487 3422 603 3487 legitur:
622 3426 675 3486 tou
693 3435 752 3474 otoo
768 3430 813 3474 orn
831 3431 933 3485 nonum
951 3431 992 3484 tos
1011 3419 1064 3483 nott
1082 3420 1172 3482 tireno
1191 3419 1237 3470 inu
1256 3416 1351 3482 gispeio
1370 3413 1506 3482 attondeo,
1526 3424 1575 3469 unt
1594 3419 1640 3470 nit
1653 3415 1704 3482 Di·

414 3512 467 3560 tam
490 3521 523 3560 on
540 3504 603 3570 pcto
628 3499 674 3560 nit
699 3507 753 3572 utin
778 3513 827 3559 ooo
851 3499 922 3569 titio
948 3506 1037 3570 tundo
1061 3502 1201 3568 namnetico,
1226 3508 1275 3566 tut
1299 3503 1338 3554 nit
1361 3499 1469 3565 orontio
1493 3500 1583 3565 [doner
1606 3508 1704 3567 acturo.

411 3599 478 3645 ouon
494 3593 533 3645 tir
552 3582 625 3654 tt‘ttio
644 3593 735 3656 tundo
752 3593 827 3655 auten
846 3591 879 3655 tit
897 3591 947 3643 nitt
966 3592 1013 3643 init
1033 3587 1113 3653 moder
1131 3586 1205 3653 editt
1231 3584 1367 3654 [petitum.
1395 3590 1435 3655 ota
1458 3600 1515 3638 mon
1541 3586 1582 3651 [idi
1600 3588 1704 3654 octont-

414 3678 453 3731 tm
471 3681 536 3741 tien,
555 3678 640 3741 [onore
658 3677 732 3742 toton
752 3677 798 3743 [its
817 3679 864 3728 mot
884 3676 940 3727 tun
960 3682 1009 3727 unt
1027 3675 1074 3727 mit
1093 3674 1156 3739 nott
1174 3668 1264 3736 petiit,
1287 3679 1355 3724 nonu
1373 3672 1462 3735 ponor
1480 3669 1590 3724 totunm
1609 3672 1704 3737 terrain

414 3761 508 3825 vttidie
525 3761 642 3825 (suntet
660 3766 713 3824 hott
731 3761 767 3813 itu
785 3760 869 3825 ganne
888 3760 989 3824 [edidit
1009 3760 1099 3823 tundo
1118 3761 1160 3822 out
1179 3761 1280 3823 otnant
1295 3797 1302 3809 .
1316 3759 1338 3809 .'
1404 3755 1457 3788 ¹³·¹⁴
1476 3754 1579 3822 tonsor]
1598 3758 1703 3807 Nomen

415 3846 509 3896 miseri
526 3847 646 3896 hominis
663 3847 767 3896 neseio.
787 3846 820 3895 de
838 3845 984 3910 torquendi
1002 3846 1081 3894 modo
1099 3844 1205 3908 liquore
1223 3844 1392 3893 inflammato
1410 3841 1551 3891 conradus
1564 3843 1704 3907 Breuning

413 3910 603 3982 testimonium
622 3931 743 3997 reliquit.
765 3932 804 3995 Cf.
818 3932 904 3996 Heyd.
918 3935 937 3978 1.
949 3947 977 3994 ρ.
991 3927 1049 3978 484.
1063 3931 1127 3978 med.
1187 3927 1209 3961 ²⁰
1227 3928 1418 3994 perdidissimir
1438 3940 1541 3991 quaeq)
1559 3931 1583 3975 1.
1635 3943 1705 3991 prae-

413 4014 470 4084 fio]
491 4019 524 4068 In
544 4017 666 4067 carmine
686 4018 720 4066 ab
733 4017 848 4067 Aretiuo
861 4017 966 4081 (Beytr.
983 4021 1006 4065 V.
1020 4014 1058 4064 St.
1072 4015 1138 4064 attat
1153 4012 1238 4076 1805.)
1251 4011 1392 4078 publicato
1405 4011 1508 4077 legitur
1525 4010 1702 4078 (p.522.sq.):

718 4103 763 4166 tto
781 4104 881 4169 anteon
899 4102 977 4165 Ultio)
996 4101 1045 4166 [tin
1064 4100 1131 4153 notu
1149 4097 1234 4162 uttittt

716 4185 771 4240 dno
788 4187 813 4254 tt)
832 4188 878 4240 mit
897 4189 980 4250 oooctt
999 4185 1037 4237 nit
1055 4183 1165 4250 batonim

717 4271 791 4336 Mt
806 4273 856 4334 otto
874 4273 914 4324 ott
932 4272 983 4335 [tin
1000 4268 1093 4333 darton
1112 4269 1186 4333 trdtjt

717 4360 762 4422 Dia
779 4373 804 4409 tt
822 4358 846 4422 [o
864 4358 965 4420 rtidpttdt
983 4362 1024 4422 tot
1041 4356 1123 4418 btuoht

718 4446 755 4502 So
773 4440 1020 4508 arriomanitae
1039 4455 1091 4493 nter
1108 4440 1190 4504 ottobt

717 4527 755 4590 jn
774 4525 855 4592 [titire
873 4523 949 4580 tritten
962 4515 1159 4590 'stautandin

696 4611 698 4615 ’
717 4611 828 4677 potunt
847 4613 872 4680 to
890 4611 970 4675 ntuett
990 4626 1014 4663 tt
1030 4608 1144 4673 nertin„
1163 4608 1291 4673 torenton

718 4699 769 4762 poe
787 4713 812 4749 tt
830 4698 913 4749 utitor
928 4709 959 4760 311
977 4694 1067 4759 propte
1086 4699 1123 4757 titt

716 4782 823 4846 {tirum
840 4795 865 4834 n
882 4781 942 4845 [tout
959 4782 1029 4844 attin
1047 4784 1086 4832 oto
1110 4789 1189 4842 tanet

715 4869 811 4932 lorum
830 4867 862 4932 ttt
880 4879 931 4920 mor
949 4869 988 4918 ota
1005 4878 1063 4917 man
1081 4873 1148 4917 tono
1165 4866 1207 4930 titt

716 4960 831 5006 metetur
850 4952 934 5016 muno
951 4960 991 5004 oto
1010 4951 1071 5014 porr
1089 4951 1133 5002 oio
1154 4950 1212 5002 tino
1232 4951 1356 5013 itt...’'

410 5041 459 5092 sed
473 5041 586 5091 L'lriooo
599 5040 653 5090 dux
668 5054 693 5089 a.
708 5037 782 5090 1519.
797 5037 930 5088 sumsere
944 5053 991 5088 xvr
1006 5050 1093 5086 annos
1105 5041 1257 5101 regnasset,
1272 5051 1358 5087 annos
1370 5050 1463 5086 mur
1475 5035 1605 5086 habebnt.
