4300 6059
562 689 685 738 nvrr'evvr
706 701 733 739 rat
755 705 1144 767 ov'csar0vvvursaruuoenseu
1165 706 1266 739 oan‘rw
1287 707 1343 740 1111.
1368 705 1396 739 vv.
1411 705 1513 741 uvea.
1529 700 1588 742 tttl.
1672 674 1719 746 67
1801 693 1804 700 “

434 857 639 935 perpetrandis
662 857 832 918 criminibus
854 876 970 936 semper
993 849 1151 927 concitata,
1176 876 1325 935 nunquam
1342 878 1469 920 cessans.
1507 860 1612 921 dedisti
1628 877 1721 938 nuper

432 947 768 1035 ingens'doeumentum
791 961 860 1039 quid
882 960 935 1021 tibi
957 962 1162 1039 proposueris,
1186 980 1252 1021 oum
1276 961 1372 1020 medio
1395 961 1452 1021 hoe
1474 962 1581 1022 iudicio
1597 962 1625 1021 in
1643 969 1720 1022 tuam

433 1079 573 1138 uxorem,
596 1079 662 1139 qum
684 1069 717 1122 ut
738 1060 929 1135 nobilissima,
953 1073 985 1123 ut
999 1063 1185 1141 pudicissima
1202 1071 1261 1133 est,
1284 1080 1435 1141 nunquam
1452 1061 1569 1123 delveta
1586 1081 1632 1122 me
1648 1063 1719 1122 eitra

380 1169 388 1188 ⁸
431 1163 555 1224 honoris
576 1165 778 1243 praelationem
800 1166 957 1235 nominari,
981 1183 1054 1225 nova
1077 1183 1111 1227 ae
1132 1165 1260 1225 inaudita
1275 1166 1390 1225 saeviisti
1406 1164 1496 1225 rabie.
1527 1161 1624 1234 Quare
1640 1164 1789 1243 quodem

409 1272 550 1345 soportet
572 1264 617 1326 vel
639 1265 715 1326 liano
731 1267 782 1328 vel
804 1264 892 1327 ullam
915 1266 968 1328 abs
991 1275 1018 1328 te
1047 1267 1248 1328 defensionem
1277 1267 1419 1344 confingi,
1447 1267 1471 1326 si
1498 1265 1554 1326 hoe
1582 1266 1721 1327 iudicium

433 1369 613 1437 contemnis,
643 1374 673 1428 et
694 1386 775 1428 arma
797 1368 889 1429 habes
911 1368 1017 1447 quilius
1040 1376 1068 1430 te
1091 1368 1248 1431 undeunde
1277 1368 1439 1448 perieulum
1468 1366 1617 1428 incumbat
1645 1369 1721 1428 tueri

433 1469 563 1546 cogitas?
593 1476 621 1530 et
642 1470 667 1529 si
688 1469 768 1529 hunc
791 1469 951 1540 (mserem,
981 1470 1034 1532 hos
1056 1472 1205 1551 principes
1227 1470 1388 1551 despicatui
1410 1468 1516 1539 habes,
1545 1477 1574 1530 et
1597 1449 1721 1531 Gallicas

433 1579 535 1631 eontra
557 1590 612 1632 nos
633 1577 735 1648 gentes
751 1573 886 1641 armasti,
911 1580 938 1634 et
953 1572 1100 1634 Helvetios
1118 1573 1246 1642 invehis,
1269 1572 1353 1651 quid,
1376 1573 1511 1650 inquam,
1535 1569 1623 1632 verba
1638 1572 1717 1641 lacis,

431 1672 550 1734 sinihil
571 1674 636 1735 iure
657 1674 769 1749 cogitas
792 1673 939 1744 obtinere,
969 1675 1020 1734 sed
1049 1675 1106 1733 vim
1135 1692 1170 1735 ao
1198 1676 1332 1735 iniuriam
1360 1673 1445 1734 nolvis
1473 1673 1618 1734 obvertis?
1646 1681 1675 1734 et
1697 1676 1719 1734 si
1730 1683 1788 1733 §.st

399 1773 503 1834 vonilvd
527 1773 619 1837 habes
641 1776 825 1855 propositmn
848 1775 925 1838 aliud
949 1795 1036 1855 quam
1059 1777 1189 1855 quodie
1213 1777 1358 1837 excidium
1380 1778 1481 1855 patria
1503 1795 1538 1836 ac
1557 1776 1721 1837 eommunis

419 1875 598 1937 »Germaniae
619 1877 781 1955 perniciem
810 1878 937 1946 recidat,
968 1878 1056 1938 tomo
1086 1876 1239 1957 desperate
1267 1898 1301 1938 ac
1328 1883 1492 1939 extremum
1521 1877 1648 1955 perdite,
1679 1879 1720 1938 sic

431 1995 486 2039 nos
509 1986 697 2040 contemnere
719 1980 853 2058 potuisti,
877 1986 909 2040 ut
930 1981 987 2040 tuis
1008 1981 1070 2040 istis
1092 1979 1205 2063 auxiliis
1227 1982 1297 2041 satis
1318 1981 1493 2041 instructum
1516 1987 1544 2040 te
1560 1979 1719 2040 arbitrare·

430 2081 489 2148 ris,
512 2081 563 2159 qui
584 2080 721 2142 omuibus
743 2084 840 2142 omnia
865 2089 1055 2161 extorqueres
1073 2100 1109 2142 ac
1126 2084 1274 2160 eriperes?
1296 2083 1332 2143 dt
1346 2081 1398 2142 tibi
1414 2099 1469 2158 ego
1486 2082 1610 2142 vicissim
1626 2079 1787 2144 latinitat

432 2181 504 2242 nihil
526 2183 642 2244 ominer
664 2202 752 2261 quam
774 2183 853 2262 quod
875 2202 1022 2244 summum
1045 2183 1153 2246 malum
1177 2186 1329 2244 imminere
1351 2184 1402 2244 tibi
1426 2184 1510 2244 scias.
1550 2189 1610 2243 tota
1634 2183 1717 2244 undi-

397 2301 421 2342 rs
432 2302 490 2363 que
512 2284 668 2344 Germania
696 2285 745 2363 qui
773 2284 923 2346 rabiosum
952 2303 1054 2346 canem
1077 2285 1233 2355 occiderit,
1261 2285 1408 2365 publicam
1431 2288 1555 2362 gratiam
1578 2285 1645 2357 init,
1669 2283 1719 2346 ali·
1799 2319 1802 2327 ·

431 2392 504 2464 quot
520 2375 597 2446 ¹locis
617 2388 770 2464 praemium
794 2405 910 2466 quoque
933 2389 1037 2449 refert:
1061 2387 1098 2448 de
1120 2393 1149 2449 te
1171 2388 1302 2448 loturum
1325 2388 1394 2467 quid
1423 2388 1525 2467 putas?
1553 2405 1640 2465 quem
1670 2388 1719 2465 qui

431 2487 589 2571 occiderit,
621 2506 709 2567 quam
732 2490 820 2551 inisse
843 2490 981 2568 gratiam,
1014 2489 1092 2567 quod
1123 2491 1265 2551 meruisse
1293 2491 1446 2568 praemium
1471 2489 1635 2550 censendus
1657 2489 1719 2549 est?

430 2608 500 2650 curn
522 2595 572 2650 tna
594 2589 692 2652 rabies
711 2605 772 2651 non
796 2609 829 2652 ea
858 2592 894 2651 sit
922 2609 987 2670 quae
1010 2603 1101 2652 unum
1124 2598 1174 2652 aut
1195 2590 1319 2652 alterum
1342 2590 1490 2652 hominem
1519 2598 1568 2652 aut
1596 2590 1719 2652 bestiam

430 2698 574 2753 venenato
596 2712 697 2754 morsu
718 2694 858 2769 iniectum
880 2693 998 2763 reddat,
1027 2693 1079 2754 sed
1101 2694 1126 2752 is
1148 2692 1232 2753 luror
1255 2712 1313 2772 quo
1336 2691 1450 2753 sublato
1479 2692 1596 2772 publica
1619 2694 1719 2771 perni-
1794 2703 1796 2708 '
1845 2772 1847 2776 Ι

396 2795 492 2855 aoeies
514 2813 615 2857 aversa
638 2796 687 2864 sit,
717 2815 750 2857 ea
779 2795 942 2875 pestilentia
965 2814 1022 2874 qua
1044 2792 1166 2872 depulsa
1189 2796 1325 2871 omnium
1340 2797 1405 2854 vitae
1433 2811 1467 2855 ac
1495 2794 1620 2855 lortunis
1648 2813 1718 2874 pro·
1765 2827 1768 2831 ·

430 2903 574 2974 spectum.
618 2897 811 2976 quamobrem
839 2897 1009 2958 delaturum
1036 2904 1122 2976 putas
1149 2898 1200 2974 qui
1227 2896 1459 2976 pulcherrimum
1489 2897 1601 2957 lacinus
1630 2897 1788 2963 'adiretsa

430 2998 591 3075 ausitl‘vel
613 3000 644 3059 in
666 3005 745 3060 tanto
768 2999 920 3060 hominum
943 3018 1085 3068 numero,
1115 3007 1158 3058 tot
1179 3000 1345 3061 fortissimis
1368 2999 1437 3058 viris
1465 3016 1524 3057 non
1555 2999 1718 3059 invenietur

430 3102 480 3178 qui
502 3119 551 3169 se,
575 3101 623 3181 qui
646 3102 785 3180 patriam,
810 3103 860 3180 qui
882 3103 1012 3162 ninnium
1036 3101 1160 3162 salutern
1182 3108 1384 3161 conservatam
1408 3098 1492 3161 veliti
1521 3101 1610 3161 immo
1634 3099 1718 3161 dubi·

430 3208 493 3261 tare
507 3209 600 3279 potes
621 3182 764 3282 plurimos
787 3221 851 3274 esse
874 3206 923 3282 qui
946 3203 1002 3263 lroc
1025 3205 1081 3263 iam
1105 3203 1306 3271 decreverint,
1330 3203 1380 3279 qui
1403 3201 1454 3260 tibi
1471 3202 1580 3263 caedem
1596 3201 1728 3263 mellan-2

395 3311 494 3372 astur,
518 3305 620 3382 quiin
643 3312 725 3366 tuum
748 3307 867 3366 exitium
888 3313 1005 3384 paratas
1027 3314 1141 3379 mentes
1163 3324 1196 3365 ac
1219 3323 1323 3365 manus
1344 3302 1486 3371 lvabcaut,
1510 3306 1559 3382 qui
1582 3312 1639 3364 tue
1661 3305 1717 3365 iam

428 3406 536 3467 cervici
558 3407 743 3475 immineant,
766 3414 817 3467 tuo
840 3406 939 3484 iugulo
961 3408 1093 3469 funestos
1114 3408 1259 3467 intentent
1280 3406 1408 3484 gladios?
1436 3413 1485 3464 aut
1515 3426 1549 3466 ea
1572 3424 1603 3466 es
1626 3407 1785 3467 confi-§.sa

428 3507 544 3575 dantia,
567 3515 601 3567 ut
623 3525 713 3568 unum
736 3509 924 3570 te'emnilsus
946 3508 1103 3578 sulficere,
1133 3516 1236 3568 contre
1264 3507 1413 3588 publicum
1443 3508 1542 3567 odium
1572 3508 1716 3568 munitum

428 3611 499 3669 satis
521 3610 625 3687 putes?
648 3618 795 3671 memento
818 3619 915 3672 autem
938 3610 1014 3671 illios
1036 3612 1148 3689 tragici,

581 3712 616 3772 Et
639 3714 689 3790 qui
711 3712 748 3772 ab
765 3731 830 3782 ,uno
853 3731 911 3773 non
936 3720 1031 3789 potest
1053 3713 1162 3781 occidi,
1187 3732 1202 3772 a
1226 3711 1324 3773 multis
1347 3712 1504 3772 occiditur:

393 3837 420 3878 ao
582 3812 708 3893 Elephas
730 3815 850 3891 grandis
873 3821 931 3882 est,
956 3821 985 3875 et
1007 3813 1159 3883 occiditur,
1393 3813 1395 3815 ’
1504 3853 1530 3899 0

500 4084 521 4118 ¹⁴
539 4087 608 4152 quod
625 4092 654 4135 H.
673 4090 704 4135 ut
723 4088 746 4136 1.
799 4083 821 4117 ²³
840 4087 897 4136 Imo
916 4089 941 4135 2.
1010 4084 1032 4118 ²⁸
1051 4089 1114 4135 aute
1132 4089 1156 4136 1.
1177 4101 1228 4151 age
1247 4078 1363 4140 cornil,
1404 4107 1407 4114 ·
1428 4081 1540 4151 tragici]
1560 4085 1648 4135 Velim
1666 4085 1716 4136 hos

427 4186 539 4232 versus,
567 4173 614 4236 qui
637 4188 680 4222 me
703 4171 750 4220 diu
772 4170 844 4220 male
867 4170 1022 4220 habuerunt
1045 4170 1133 4221 donee
1155 4172 1293 4236 Hauptius
1311 4187 1388 4223 meus
1412 4178 1479 4237 aput
1496 4171 1547 4220 Iul.
1567 4169 1715 4236 Capitolia.

428 4258 479 4306 vit
491 4256 663 4308 Maximinor.
678 4273 701 4306 e.
715 4255 740 4306 t.
754 4272 801 4308 eos
819 4256 966 4320 reperiret,
987 4270 1047 4305 oum
1066 4254 1168 4320 lapidis
1186 4256 1287 4321 sculpti
1299 4259 1416 4322 pietoeve
1430 4257 1532 4306 tabulae
1546 4258 1715 4322 epigramma
1809 4322 1814 4330 ἱ

428 4342 522 4408 potius
539 4357 620 4406 quam
637 4342 702 4393 huic
719 4341 918 4393 declamationi
936 4341 1100 4390 exornandae
1121 4343 1178 4405 apti
1196 4341 1355 4403 videantur,
1380 4357 1434 4390 non
1458 4343 1597 4405 recepisse
1615 4341 1713 4391 Hutte·
1749 4397 1752 4403 ,

429 4442 506 4490 num,
527 4428 572 4493 qui
589 4428 613 4477 si
632 4442 665 4478 ex
683 4428 744 4492 ipso
763 4425 921 4492 Capitolino
940 4425 1049 4476 eosdem
1067 4425 1273 4490 descripsisset,
1299 4427 1494 4475 commodiores
1518 4426 1552 4476 ad
1569 4431 1715 4490 tyrannum

428 4512 630 4578 depingendum
650 4511 838 4563 colores-inne
857 4512 910 4561 sibi
928 4527 1033 4562 sumere
1052 4513 1170 4578 poterat.
1207 4507 1379 4574 Capitolinus
1402 4512 1495 4575 itaque
1519 4516 1662 4576 postquam
1680 4510 1714 4561 de

423 4578 594 4659 'Maximinm
614 4597 661 4662 qui
680 4596 772 4646 occiso
790 4596 945 4647 Alexandro
963 4597 1102 4662 Augustus
1121 4594 1156 4644 ab
1175 4595 1298 4643 exercitu
1321 4594 1476 4661 appellatus
1499 4600 1553 4658 est,
1579 4596 1636 4645 alia
1655 4609 1714 4659 quae

429 4680 465 4731 ed
482 4681 635 4747 principem
654 4682 920 4747 Virtembergensem
938 4682 1046 4731 trahere
1067 4687 1130 4745 apte
1146 4685 1258 4746 >poterat
1274 4680 1426 4741 Huttenus,
1445 4679 1551 4729 rettulit
1570 4680 1714 4744 ‘Denique‘
1778 4693 1782 4700 ·

428 4766 520 4831 inquit
543 4766 613 4816 ‘eam
634 4766 816 4818 immortalem
838 4781 869 4817 ss
892 4781 977 4832 prope
996 4766 1122 4815 crederet
1143 4765 1177 4815 ob
1195 4765 1410 4829 magnitudinem
1432 4764 1551 4830 eorporis
1569 4764 1612 4813 sui
1628 4764 1713 4834 virta-

428 4853 533 4916 tisque,
557 4853 654 4902 mimus
678 4851 787 4915 quidum
809 4851 838 4900 in
859 4850 968 4900 theatro
990 4855 1127 4914 praesente
1150 4849 1198 4901 illo
1222 4851 1322 4901 dieitur
1341 4865 1437 4902 versus
1461 4849 1572 4900 Groecos
1600 4847 1713 4910 dixisse,

430 4951 543 5001 quorum
560 4936 620 4987 hoeo
640 4940 700 4986 erat
717 4936 821 4984 Latina
838 4935 976 4985 sententio
993 4934 1028 4982 Et
1048 4936 1090 5000 poi
1107 4935 1139 4984 ab
1150 4947 1204 5002 ‘ano
1224 4953 1274 4986 non
1288 4941 1374 5000 petest
1387 4937 1457 4985 ...’.
1488 4934 1600 4984 Graeeos
1618 4947 1713 4984 versus

430 5021 576 5070 restituere
594 5020 710 5073 diversis
727 5020 813 5069 modis
831 5024 999 5086 temptarunt
1017 5017 1181 5081 Salmasius,
1201 5021 1395 5085 Casaubonus‚
1414 5019 1471 5070 elii.
1614 5019 1619 5028 '

1438 5103 1483 5166 51
