4300 6059
385 663 459 736 20⁰
589 692 712 729 cissam
725 692 888 743 REBPQNSW
900 692 937 727 AD
950 692 1103 729 PRIUCIPVH
1117 691 1282 727 ECBBDVLAU
1295 662 1467 725 RESPOUBVi.

384 836 479 911 darum
501 871 592 909 rerum
614 851 776 908 dexteritate
798 858 902 908 mature
925 851 1027 913 omnia,
1051 852 1075 907 si
1097 851 1178 907 modo
1201 849 1289 906 bouus
1311 851 1416 907 animm
1438 849 1564 924 bonaque
1579 849 1674 907 volun-

386 947 428 994 tas
450 938 533 999 adsit,
557 939 579 993 si
602 937 684 993 modo
708 953 842 1010 quemque
864 935 947 992 debiti
971 936 1013 991 sui
1037 935 1112 992 zelus
1135 935 1238 991 Domini
1267 942 1387 997 moveat,
1417 943 1446 992 et
1475 934 1624 992 consultari
1647 943 1676 991 ot

386 1024 483 1080 conlisi
507 1041 537 1079 ae
558 1021 683 1079 concludi
707 1022 823 1094 possint.
867 1021 947 1077 Novit
968 1030 1102 1095 praeterea
1125 1020 1228 1082 Caesar,
1258 1038 1313 1093 quo
1342 1019 1449 1083 labore,
1478 1039 1530 1094 qua
1558 1020 1675 1077 dillicul·

387 1118 442 1165 tate
464 1117 625 1165 coriaeutum
648 1107 720 1163 hunc
740 1108 963 1180 congregaverit,
986 1124 1081 1180 quem.
1105 1123 1189 1181 quum
1211 1105 1294 1162 semel
1316 1105 1495 1168 dissolvatur,
1524 1105 1608 1162 nullis
1629 1108 1675 1162 de·

387 1196 479 1268 inceps
503 1192 607 1249 artibus
630 1199 677 1248 aut
697 1191 920 1265 persuasionibus
943 1208 1100 1266 comparare
1120 1184 1202 1265 posse
1217 1199 1318 1264 sperat.
1355 1192 1441 1247 nescit
1457 1191 1541 1265 igitur
1555 1199 1601 1247 aut
1618 1191 1676 1264 ipse
1690 1209 1701 1240 :.

386 1287 433 1336 aut
455 1277 549 1352 Legati
571 1286 598 1334 et
621 1276 749 1333 Oratores
772 1277 907 1350 praedicti.
936 1294 985 1333 eur
1013 1276 1080 1351 ipsis
1101 1276 1272 1350 Principibus
1300 1284 1329 1332 et
1357 1274 1477 1332 Statibus
1507 1284 1606 1332 tantam
1636 1278 1675 1333 rei

387 1364 575 1420 necessitatem
599 1362 793 1437 procrastinari
816 1360 910 1423 liccat.
934 1368 961 1417 ct
983 1369 1026 1417 tot
1047 1361 1192 1434 dignorum
1215 1361 1334 1416 virorum
1363 1369 1477 1422 eretum.
1508 1369 1550 1416 tot
1574 1360 1676 1418 labori·

388 1449 452 1510 bus.
478 1455 519 1503 tot
542 1448 671 1521 impensis
693 1447 720 1502 in
742 1464 824 1503 uuum
848 1447 1007 1508 redactum,
1037 1464 1092 1503 uam
1114 1445 1216 1519 absque
1239 1446 1326 1502 totius
1348 1446 1404 1501 lere
1427 1446 1503 1502 orbis
1525 1445 1675 1520 obprobrio

387 1534 495 1589 iniectis
517 1532 598 1589 rebus
621 1530 754 1587 inutiliter
775 1530 859 1587 abire.
904 1532 1031 1604 Cogitent
1054 1532 1145 1605 itaque
1167 1546 1258 1587 secum
1282 1531 1388 1604 singula
1418 1540 1447 1586 ct
1473 1533 1619 1594 nantarius,
1648 1540 1677 1588 et

389 1627 470 1676 tantan
495 1618 533 1674 rei
557 1617 735 1691 magnitudini
759 1635 790 1672 ac
812 1617 966 1673 necessitati
990 1617 1168 1690 procurandae
1196 1615 1353 1689 diligentius
1382 1617 1522 1678 insistant.
1551 1625 1579 1673 et
1608 1619 1710 1673 tatisto

387 1705 484 1761 aniruis
506 1704 647 1777 negotium
669 1702 893 1777 complectantur.
930 1700 1031 1768 Quodsi
1054 1719 1082 1757 se
1105 1700 1172 1757 nihil
1194 1701 1293 1758 debore
1315 1709 1413 1776 putant
1435 1702 1467 1757 iis
1490 1703 1536 1775 qui
1559 1703 1586 1757 in
1609 1720 1677 1776 prae·

388 1790 458 1846 scuti
480 1787 603 1863 periculo
626 1796 704 1849 sunt.
728 1788 851 1862 cogitent
873 1795 963 1843 minen
985 1806 1014 1842 se
1036 1787 1135 1843 debere
1158 1788 1277 1861 posteris
1299 1787 1371 1848 suis,
1395 1804 1465 1860 quos
1488 1787 1538 1842 uisi
1561 1787 1594 1842 ab
1611 1788 1677 1862 ipsis

379 1883 418 1931 <ut
447 1891 518 1931 narnc
547 1872 641 1929 utilius
670 1873 753 1928 luerit
779 1870 951 1940 consultum,
979 1872 1005 1927 in
1034 1871 1126 1928 eadem
1155 1870 1236 1946 paulo
1264 1881 1328 1946 post
1355 1872 1414 1939 nasi
1444 1880 1471 1927 et
1500 1889 1556 1927 uon
1579 1872 1677 1928 minori
1772 1940 1775 1944 ἢ

387 1958 511 2034 periculo
533 1957 655 2014 relicturi
678 1966 750 2028 saint.
794 1956 895 2024 Quodsi
918 1957 1025 2012 tandem
1041 1965 1068 2012 et
1083 1975 1149 2014 suos
1165 1965 1356 2021 contemnunt,
1380 1957 1540 2030 resipiscant
1560 1957 1676 2018 demum,

388 2054 416 2100 et
438 2045 575 2099 fateantur
597 2060 626 2099 se
649 2043 717 2098 liano
739 2043 910 2116 propositam
932 2042 1130 2115 expeditionem
1152 2042 1260 2098 Christo
1283 2042 1337 2098 lleo
1360 2043 1407 2116 qui
1422 2041 1585 2098 llatholicam
1608 2042 1711 2098 baneas

386 2130 483 2190 tidem,
506 2129 550 2184 cui
573 2129 628 2183 nati
651 2136 730 2187 sunt,
754 2128 886 2200 sanguino
901 2145 952 2182 suo
968 2128 1104 2191 fundavit,
1128 2128 1200 2206 orsini
1217 2128 1291 2190 iure,
1315 2128 1386 2183 osani
1401 2135 1506 2183 semota
1520 2129 1679 2201 exceptione

386 2215 493 2271 debere.
539 2212 642 2268 Sistaut
670 2213 768 2285 igitur,
799 2229 829 2267 ao
858 2212 889 2268 ad
917 2211 1097 2268 salubriorem
1125 2211 1353 2268 consultationem
1382 2212 1508 2276 roeleant,
1542 2211 1678 2288 rebusque

388 2298 513 2355 omuibus
535 2306 641 2354 mature
663 2298 792 2353 discussis
815 2306 842 2352 et
864 2297 897 2353 ad
920 2297 1048 2353 amussim
1070 2298 1227 2372 perpensis,
1251 2315 1312 2354 cum
1332 2298 1438 2356 eniens
1454 2297 1611 2357 Christianis
1627 2298 1677 2355 lle·

388 2384 469 2458 gibus
492 2402 523 2439 ac
544 2382 746 2457 potentatibus,
769 2381 815 2456 qui
831 2382 864 2437 ad
880 2382 932 2438 boc
946 2382 1072 2438 ardentes
1089 2391 1116 2438 ct
1131 2382 1222 2457 cupidi
1238 2383 1382 2445 accedunt,
1403 2374 1554 2441 concordes
1569 2392 1597 2439 et
1612 2400 1677 2438 uua·

386 2469 472 2525 ninies
501 2468 674 2542 propositum
704 2467 917 2524 aSanotissimo
940 2467 1053 2525 Pennino
1081 2476 1176 2524 nostro
1205 2476 1232 2523 et
1260 2467 1372 2541 reliquis
1400 2468 1540 2542 negotium
1569 2477 1596 2524 et
1625 2469 1713 2543 ipsiao

386 2553 441 2612 laeti
465 2552 648 2628 intrepidique
671 2552 836 2626 suscipiant,
862 2553 894 2607 iis
917 2559 1005 2609 tamen
1028 2569 1136 2626 semper
1157 2552 1281 2627 repetitis
1304 2554 1391 2610 modis
1413 2572 1445 2610 ac
1466 2552 1677 2617 conditionibus,

387 2657 454 2713 quas
477 2639 503 2694 iu
526 2640 579 2695 hoe
600 2638 755 2711 Principum
779 2639 917 2693 llonveutu
940 2646 967 2694 ct
990 2639 1048 2713 ipsa
1070 2641 1189 2694 Cesarea
1205 2638 1329 2694 blaicstas
1352 2647 1380 2694 et
1395 2641 1499 2697 Sanctae
1514 2639 1679 2712 Apostolicae

386 2725 457 2780 sedis
479 2724 572 2797 Legati
596 2723 628 2780 ab
652 2723 729 2778 initio
752 2732 971 2798 proposuerunt,
995 2742 1192 2798 quamcumque
1216 2723 1339 2780 videlieet
1360 2724 1500 2798 pecuniam
1522 2733 1550 2780 et
1572 2725 1678 2799 singula

386 2811 413 2867 iu
436 2810 461 2865 id
485 2810 625 2883 negotium
648 2808 747 2865 collata
769 2807 951 2865 emolumenta
974 2817 1001 2864 et
1023 2809 1166 2883 suffragia.
1190 2828 1250 2883 quae
1272 2827 1321 2883 per
1343 2811 1493 2866 universam
1510 2809 1678 2866 Germaniam

386 2913 496 2969 quoque
519 2895 600 2951 modo
622 2892 799 2969 colligentur,
829 2893 855 2948 iu
878 2892 982 2949 nullum
1010 2893 1126 2950 alienum
1156 2912 1248 2956 arsiam,
1276 2893 1379 2950 nullius
1407 2894 1524 2950 bonainis
1552 2894 1675 2957 arbitrio,
1686 2910 1713 2948 aa

386 2998 467 3053 quam
491 2982 517 3035 in
541 2980 689 3036 'furcarum
712 2977 924 3053 expeditionem,
948 2986 975 3033 et
997 2996 1048 3053 pro
1072 2980 1195 3053 ipsorum
1217 2980 1372 3053 Principum
1395 2988 1422 3036 et
1438 2978 1562 3037 Statuam
1584 2980 1679 3037 volun-

386 3073 443 3122 tate
466 3084 496 3122 ae
518 3065 699 3140 dispositione
722 3063 843 3120 converti
865 3074 893 3120 et
916 3063 1098 3120 administrari
1121 3065 1230 3121 debere.

452 3198 532 3259 „Iste
549 3196 678 3262 (Bantius
697 3193 799 3262 pergit)
818 3194 913 3246 Caesar
930 3196 1129 3262 respondebat,
1150 3196 1266 3247 consilio
1278 3196 1385 3247 Alberti
1397 3197 1606 3263 Archiepiscopi
1620 3199 1679 3248 ani·

384 3288 483 3335 matus.
519 3283 574 3333 Eos
596 3287 628 3333 ut
650 3281 686 3332 ad
709 3281 812 3331 bellum
834 3279 948 3331 Sacrum
971 3281 1103 3331 Pontifex
1126 3282 1243 3347 amplius
1267 3283 1411 3345 incitaret,
1441 3282 1546 3333 Censori
1570 3284 1679 3349 quidem

385 3368 507 3432 gladium
527 3372 556 3417 et
572 3366 690 3434 pileum,
709 3366 823 3417 Alberto
841 3371 933 3416 antem
952 3367 1117 3432 dignitatern
1136 3367 1347 3417 Cardinalitinm
1366 3368 1527 3418 transmisit.
1562 3373 1717 3434 utraqusgo

386 3453 507 3516 insignia
526 3452 684 3503 cardinalis
703 3452 856 3502 Calatonno
873 3453 998 3518 Legatus
1017 3452 1129 3513 detulit,
1150 3453 1224 3502 etin
1243 3447 1338 3503 eo'dem
1356 3451 1516 3515 augustano
1535 3453 1680 3504 Conventa

384 3539 493 3602 utrique
511 3538 735 3604 repraesentavit,
754 3536 806 3587 hoc
823 3537 918 3586 ordine
937 3552 1016 3603 quem
1034 3537 1152 3587 Iacobus
1170 3538 1291 3587 Manlius
1308 3538 1518 3603 Friburgensis,
1543 3539 1680 3590 Historio·

384 3623 507 3688 graphus
526 3629 553 3674 et
572 3608 931 3684 eonsiliariua‘caesareus,
951 3622 979 3671 in
998 3637 1048 3671 sua
1067 3621 1210 3673 historiola
1228 3623 1389 3689 descripsit,
1414 3638 1495 3688 quam
1520 3623 1679 3674 adscribere

383 3712 499 3760 v1s11n1'’.

454 3892 617 3961 ¹bonaque]
641 3895 715 3945 bona
731 3898 790 3944 23.
843 3893 982 3944 ’moneat
998 3899 1024 3944 2.
1077 3885 1329 3946 ⁴dissolvnntrar2.
1387 3895 1680 3962 lpresvnsiouibust.

383 3982 521 4048 lproprio
540 3984 564 4033 1.
607 3981 628 4013 ¹⁷
646 3979 862 4031 consulationem
880 3983 907 4030 2.
945 3979 1154 4031 η(3011111112.
1191 3984 1220 4030 et
1237 3978 1276 4047 S.]
1296 3997 1330 4030 ac
1348 3984 1440 4031 s.2.3.
1475 3978 1498 4012 ²⁴
1515 3982 1680 4033 abarana.

384 4066 405 4099 ³⁴
424 4069 458 4131 br
475 4066 565 4120 indito
583 4076 636 4132 ntor
654 4073 718 4130 aput
737 4066 880 4118 menam·
898 4065 1026 4131 rustitius
1042 4063 1046 4130 Ι
1061 4073 1118 4119 ortu
1138 4064 1292 4130 sectetinttiro
1310 4063 1679 4132 germanicianenses.

384 4153 512 4207 beltbtttn
530 4165 598 4205 nuno
613 4152 720 4204 bomini.
737 4149 741 4216 Ι
759 4149 831 4200 1518.
849 4147 853 4217 Ι
869 4149 1001 4210 (Subiecta
1018 4157 1057 4200 eet
1074 4142 1265 4215 xglograpdiro
1282 4153 1381 4216 effigies
1395 4155 1473 4217 paeri
1486 4154 1598 4217 gladium
1616 4155 1680 4204 dex-

384 4245 442 4289 tera
459 4244 485 4287 et
501 4238 593 4302 pileron
614 4237 721 4286 sinistra
744 4236 876 4297 tenentis.)
911 4237 986 4285 Folio
1002 4235 1019 4284 8
1037 4236 1063 4284 is
1081 4235 1128 4297 4⁰„
1152 4238 1178 4285 in
1200 4253 1304 4302 qaorum
1327 4239 1407 4287 ultimi
1425 4239 1510 4302 prino
1528 4242 1627 4303 pagiua
1643 4241 1681 4287 tar·

381 4325 466 4388 signin
481 4328 545 4387 pato
565 4322 700 4372 attentiora
718 4322 822 4385 depicta
838 4328 905 4372 stant.
940 4317 963 4353 ³⁴
980 4321 1127 4386 Repetitus
1146 4326 1189 4372 est
1206 4321 1318 4371 libellus
1337 4322 1420 4371 etiam
1444 4322 1473 4371 in
1491 4323 1592 4372 Rerum
1611 4322 1680 4373 Ger·

383 4408 501 4460 manico.
516 4408 587 4458 Scrr.
602 4423 635 4456 ex
652 4405 719 4456 bibl.
737 4405 853 4456 Freheri
878 4422 934 4456 eur.
954 4404 1063 4456 Stravio
1082 4406 1159 4454 editt.
1178 4409 1242 4455 tom.
1260 4407 1296 4456 11.
1316 4406 1472 4474 (Argentor.
1489 4405 1560 4456 1717.
1585 4406 1633 4458 fol.
1652 4424 1680 4474 p.

383 4491 522 4544 tos...7ttt.
541 4492 739 4542 Prmlationem
758 4493 892 4557 praemisit
910 4491 1043 4546 Strunius.
1082 4490 1229 4555 Excerpsit
1251 4490 1373 4542 libellum
1392 4491 1551 4558 Raynaldus
1569 4491 1589 4542 l.
1608 4509 1631 4543 c.
1651 4510 1680 4560 p.

382 4577 441 4629 210.
455 4594 514 4642 sqq.

872 4714 1075 4722 ψ’,

451 4817 502 4878 [ll'e
525 4833 631 4892 cerrima·
645 4818 814 4882 relinquendis
836 4821 980 4881 sequentem
998 4819 1132 4881 paginam,
1157 4814 1303 4866 caelibem
1320 4816 1423 4866 Leonis
1442 4815 1475 4865 X.
1501 4815 1535 4865 ad
1554 4815 1679 4882 legatum

382 4903 506 4952 suumin
525 4902 678 4966 Hispanias
696 4901 807 4950 missum
826 4899 934 4949 litteras
952 4916 988 4952 car
1000 4900 1142 4952 Clarorum
1155 4902 1274 4952 virorum
1329 4906 1356 4951 st
1369 4900 1464 4952 Iscobi
1477 4899 1602 4952 Sadoleti
1621 4900 1679 4968 epi·

382 4986 474 5050 stolis,
494 4988 588 5038 Romae
603 4986 676 5037 1754.
690 4984 726 5035 8⁰.
739 4986 823 5048 editis,
835 5002 863 5049 p.
876 4983 1014 5038 382...385.
