4300 6059
513 707 574 747 ern
587 706 669 740 cruca
684 707 787 741 VICTVM
802 706 869 740 POST
883 705 1061 741 cvnbrtonbtt
1076 705 1149 739 llANC
1164 704 1327 739 cossuram:
1340 703 1508 739 convertur.
1579 676 1662 745 487

364 859 538 919 iterandum.
585 859 750 919 ltibemlnm
780 867 877 918 autom
908 861 965 918 riui
995 859 1115 918 rrrnuiuo
1138 857 1224 925 nibil,
1257 858 1313 916 nisi
1342 858 1420 936 quod
1451 858 1541 918 multa
1569 862 1708 938 priosta.

363 979 437 1038 aqua
461 959 587 1020 dilutum
610 961 662 1028 sit,
687 969 715 1020 et
738 961 816 1039 quod
841 961 937 1038 ipsum
959 958 1065 1019 subtile
1088 959 1215 1037 alioquin
1240 959 1395 1019 odoratum
1418 966 1446 1019 ot
1469 958 1582 1021 clarum
1605 964 1652 1031 sit,

366 1061 452 1138 idque
474 1060 717 1121 moderatissimo.
762 1059 873 1120 lluuiat
895 1079 926 1121 se
950 1079 1020 1120 rcro
1043 1068 1145 1120 contra
1168 1062 1245 1121 aeris
1268 1078 1440 1129 occursum,
1470 1062 1653 1139 temporibus
1663 1075 1709 1125 §.a

363 1162 488 1222 niaxime
511 1180 576 1239 quac
599 1163 721 1239 frigore,
747 1170 831 1221 rento
854 1182 889 1221 ac
912 1160 1015 1239 pluviis
1037 1163 1189 1229 insensum
1213 1167 1263 1220 aut
1285 1179 1355 1220 roro
1372 1162 1522 1221 rarissime
1537 1163 1567 1222 in
1583 1181 1652 1239 pro·

340 1262 495 1340 spatulum
519 1270 612 1324 exeat.
658 1262 762 1323 Cibum
785 1263 830 1323 bis
853 1263 900 1323 die
927 1270 1037 1330 sumat,
1068 1264 1181 1338 vesperi
1210 1264 1340 1331 tenrrius,
1372 1261 1472 1340 ibique
1500 1280 1708 1347 nunquamne.

363 1372 423 1423 toto
446 1384 481 1425 eo
506 1372 639 1442 tempore
662 1354 804 1442 a'ppetitui
829 1363 986 1443 indulgeat,
1010 1370 1039 1423 et
1061 1364 1224 1423 satietatem
1240 1369 1273 1422 ut
1288 1381 1402 1422 summe
1417 1362 1526 1423 malum
1542 1364 1651 1439 tugiam

362 1484 503 1544 esomqoe
527 1467 649 1542 piscium
673 1467 741 1525 ritet
764 1468 856 1542 nragis
878 1484 965 1543 qoam
988 1467 1102 1534 omnia,
1128 1471 1156 1524 ct
1178 1463 1316 1524 carnibus
1339 1471 1473 1524 vescatur
1489 1483 1523 1524 ex
1540 1466 1651 1525 anima·

361 1567 431 1627 lium
454 1566 556 1643 pullis,
580 1585 645 1645 quae
668 1566 808 1627 facilioris
830 1575 898 1627 sunt
921 1567 1120 1627 concoctionis
1142 1584 1175 1625 ac
1199 1567 1301 1644 optimi
1324 1567 1419 1633 succi,
1443 1585 1509 1644 qua
1532 1586 1566 1626 ex
1589 1584 1650 1626 me·

361 1669 494 1728 dicoruur
518 1686 607 1746 super
629 1668 686 1727 boc
708 1667 821 1746 placitis
844 1668 1017 1747 dignoscere
1040 1675 1093 1727 est.
1138 1669 1233 1744 Atque
1264 1666 1326 1726 baec
1355 1666 1391 1725 ad
1415 1667 1489 1727 duos
1511 1665 1576 1726 illos
1599 1673 1705 1734 autea.

327 1775 423 1830 rotres
445 1786 561 1829 menses
583 1769 755 1836 relerenda;
784 1787 850 1829 nam
880 1788 944 1847 quae
973 1778 1116 1848 praterea
1146 1768 1343 1838 observanda,
1374 1788 1408 1828 ex
1438 1768 1483 1828 bis
1511 1786 1576 1845 quae
1604 1788 1649 1828 se·

360 1878 491 1948 quuntur
513 1869 629 1947 planius
654 1870 819 1930 discantur:
843 1870 971 1931 breviter
994 1873 1071 1930 euim
1095 1870 1260 1931 admonebo
1282 1870 1431 1948 quamam,
1456 1888 1514 1928 nou
1530 1876 1587 1928 tam
1605 1869 1650 1928 bis

360 1972 410 2049 qui
432 1989 488 2049 ope
512 1971 645 2038 Graiam,
669 1989 756 2050 qnam
780 1973 829 2049 qui
852 1978 1000 2050 utcunque
1023 1972 1155 2051 quolibet
1177 1991 1211 2031 er
1235 1971 1340 2031 morbo
1356 1970 1576 2040 convaluerunt,
1600 1979 1651 2030 aut

360 2072 467 2151 quibos
489 2070 596 2150 alioqui
620 2072 757 2131 intentior
782 2072 954 2132 valetudinis
977 2091 1047 2132 cora
1071 2081 1130 2141 est,
1153 2072 1301 2151 sequenda
1325 2073 1455 2132 veniunt.
1493 2071 1558 2140 Quo
1580 2070 1717 2143 locoru¹

359 2176 436 2234 inter
459 2174 606 2250 praecipna
630 2173 920 2233 animadvertendum
943 2180 1000 2241 est,
1032 2191 1199 2252 quanquam
1228 2174 1284 2233 boc
1314 2191 1416 2232 omnes
1444 2175 1500 2232 iam
1530 2180 1648 2243 norunt,

328 2273 408 2338 uvel
430 2293 521 2334 unum
544 2274 601 2334 boc
624 2293 687 2334 esse
711 2274 848 2335 morbum
871 2275 949 2334 buuc
971 2273 1209 2335 molestissimum
1225 2274 1304 2352 quod
1322 2276 1415 2342 iaciat,
1440 2274 1519 2352 qood
1534 2292 1648 2334 summa

360 2383 405 2436 est
426 2378 455 2436 in
478 2377 555 2436 dieta
578 2375 748 2443 difficultas,
773 2394 841 2435 rom
864 2385 930 2452 post
952 2374 1130 2435 debellatum
1154 2357 1224 2435 eum
1246 2394 1304 2434 rron
1328 2393 1384 2436 una
1408 2373 1505 2452 aliqua
1529 2382 1558 2434 et
1579 2377 1648 2435 sim·

359 2477 425 2556 pler
450 2479 526 2537 circa
552 2479 658 2536 rictum
681 2477 862 2537 observanda
885 2478 959 2536 ratio
982 2478 1032 2544 sit,
1064 2477 1114 2536 sed
1145 2475 1295 2553 multiplex
1326 2483 1355 2535 ot
1377 2477 1562 2536 omnifariam
1587 2478 1649 2536 inc·

360 2578 452 2646 unda;
477 2579 515 2638 ita
538 2584 569 2636 ot
591 2597 656 2656 quae
679 2578 817 2638 omnibus
839 2578 884 2639 bis
908 2578 1019 2638 morbis
1042 2596 1116 2655 equos
1140 2579 1279 2654 consequi
1296 2596 1363 2637 eum
1379 2578 1505 2638 diximus
1520 2578 1650 2638 secunda

359 2687 409 2741 aut
429 2680 550 2740 adversa
573 2688 656 2748 sunt,
680 2679 843 2757 appetenda
867 2686 917 2739 aut
939 2679 1075 2756 fugienda
1100 2696 1159 2737 uno
1183 2680 1211 2737 in
1236 2686 1328 2739 totum
1350 2668 1446 2740 'studio
1470 2679 1525 2739 sibi
1540 2673 1649 2758 propo-

324 2800 432 2846 ronere
455 2780 562 2842 debeat
585 2783 608 2840 is
631 2783 681 2858 qui
704 2781 857 2841 convaluit.
897 2784 993 2850 Quare
1017 2780 1134 2840 curioso
1157 2798 1211 2858 per
1234 2782 1330 2839 omuia
1348 2780 1424 2839 rictu
1440 2798 1543 2861 cqrere
1559 2800 1719 2859 opor-om.

360 2889 416 2951 tet,
441 2890 471 2943 ot
495 2883 629 2942 ordinate
652 2884 749 2942 omnia
772 2891 913 2958 aguntum
944 2900 1110 2961 quanquam
1141 2883 1241 2959 siquos
1263 2882 1387 2940 servarit
1409 2881 1472 2940 llaec
1495 2882 1649 2952 medicina,

363 2985 408 3044 bis
430 3000 569 3060 maguum
593 2984 740 3061 quoddam
763 2990 807 3043 ost
829 2983 979 3051 solatium,
1003 2983 1081 3060 quod
1105 2991 1209 3060 putam
1231 2984 1293 3042 eius
1317 2984 1401 3060 periti
1418 2989 1485 3061 post
1500 2991 1648 3061 receptam

360 3087 403 3144 sic
425 3084 623 3145 valetudinem
646 3093 674 3144 et
698 3093 832 3145 exactum
855 3084 1068 3145 obsecrationis
1091 3103 1156 3163 qum
1179 3103 1242 3144 eam
1267 3084 1457 3160 consequitur
1480 3092 1597 3162 tempus
1619 3087 1649 3144 in

359 3184 440 3246 nullo
464 3204 630 3265 quenquam
654 3185 901 3263 periclitaturum,
931 3186 1008 3265 quod
1034 3202 1097 3244 >non
1130 3194 1231 3244 contra
1261 3186 1413 3263 pristinam
1443 3185 1556 3245 risendi
1580 3204 1649 3246 con·

324 3288 562 3354 assuetudinem,
586 3289 610 3346 si
633 3288 751 3364 quidem
774 3306 832 3346 non
857 3289 976 3346 omniuo
1000 3287 1163 3346 inordinata
1181 3306 1213 3346 ca
1231 3285 1333 3355 luerit,
1357 3287 1503 3346 admittat:
1527 3289 1650 3364 perinde

358 3391 435 3449 enim
460 3387 672 3448 consulendum
696 3406 759 3449 esso
783 3391 809 3448 ei
832 3389 881 3464 qui
904 3390 946 3448 sic
968 3389 1119 3447 restitutus
1143 3396 1200 3456 est,
1224 3395 1311 3465 atquc
1327 3387 1372 3446 bis
1387 3389 1436 3466 qui
1451 3387 1557 3447 rumbo
1573 3407 1648 3448 riori·

358 3507 445 3567 quam
469 3491 540 3549 tenti
564 3488 692 3549 luerrmt
737 3489 935 3561 Ormmobrem
959 3507 1017 3548 non
1041 3491 1078 3549 ita
1103 3490 1264 3549 curarnlnm
1289 3507 1352 3548 esse
1375 3488 1556 3549 arbitrautur
1579 3490 1718 3566 quiden.

358 3724 409 3760 met
426 3709 466 3761 nir
485 3709 595 3772 attuit),
614 3707 655 3773 bip
673 3725 697 3760 rr
716 3709 824 3771 tanatum
845 3710 916 3760 nice
935 3710 963 3760 in
982 3710 1031 3772 trin
1051 3710 1183 3772 prorumpit
1204 3706 1237 3760 tui
1256 3700 1283 3771 31⁰1
1302 3707 1369 3772 ipen,
1389 3705 1500 3772 niteant
1515 3708 1705 3766 briancione.

358 3793 393 3855 [ot
413 3809 436 3845 tr
455 3794 561 3856 triadi,
582 3809 606 3843 tr
624 3793 654 3852 tri
671 3791 719 3845 turi
734 3795 780 3845 urit
800 3791 878 3853 nolet
897 3795 932 3845 cit
952 3800 999 3845 nnc
1019 3798 1065 3845 not
1084 3780 1215 3857 prouida.
1236 3800 1301 3845 cant
1320 3793 1354 3858 [ot
1372 3801 1412 3845 brt
1431 3793 1493 3845 otiu
1507 3797 1587 3845 tcum
1600 3801 1648 3846 aab

324 3877 447 3942 tosubttil
466 3877 530 3938 trin,
553 3885 606 3941 bru¹
622 3879 656 3945 [ot
676 3892 699 3928 tr
719 3887 788 3941 aaut]
807 3876 885 3941 melin
905 3880 1011 3941 trinitat,
1036 3895 1060 3930 tr
1079 3878 1114 3940 [ct
1133 3878 1206 3941 [etun
1225 3876 1302 3940 ciui,
1326 3887 1366 3940 qm
1385 3893 1409 3928 rr
1427 3879 1482 3929 aber
1500 3876 1546 3941 oti,
1572 3877 1606 3939 [ot
1625 3883 1705 3933 ear,

358 3962 401 4024 tid
420 3975 461 4012 rot
481 3961 546 4012 nint
566 3969 614 4014 nat
634 3962 695 4014 tactu
715 3966 760 4014 mut
780 3963 904 4024 benacan,
929 3979 953 4014 rr
976 3978 999 4015 rs
1021 3963 1079 4026 ucri
1105 3965 1154 4013 mot
1179 3962 1212 4012 im
1237 3972 1277 4027 tuq
1300 3961 1335 4016 ori
1360 3963 1437 4025 menia
1453 3954 1484 4025 att
1502 3961 1581 4026 oripo
1600 3968 1704 4019 nubta.

359 4037 400 4109 uta
416 4052 462 4098 tm
480 4043 560 4098 tr'ctr
578 4047 687 4109 teatrum
706 4047 804 4110 abbud.
840 4047 878 4099 cr
897 4047 932 4108 tot
951 4048 992 4111 titt)
1011 4061 1052 4098 oca
1070 4045 1155 4108 fitam
1175 4045 1265 4109 biam,
1290 4058 1338 4098 unc
1364 4047 1399 4110 [ot
1423 4047 1497 4109 inunt
1515 4046 1593 4110 aune
1611 4047 1646 4107 tt·

358 4131 412 4194 [tc.
432 4137 485 4182 ectr
504 4130 573 4195 [uait
592 4131 666 4193 tunae
684 4126 753 4193 ciaet
773 4133 827 4193 aad)
845 4140 884 4182 cer
904 4141 973 4195 trun
991 4140 1045 4193 rur,
1070 4136 1118 4181 ont
1140 4137 1184 4181 aas
1208 4129 1241 4192 [ct
1266 4146 1290 4182 tt
1310 4132 1357 4183 cni
1382 4140 1467 4183 monor
1486 4132 1532 4182 ruit
1551 4128 1706 4195 ptolemeo.
1782 4176 1784 4179 .

356 4214 417 4277 inita
436 4219 534 4277 butten,
558 4229 605 4265 oar
628 4228 676 4266 uun
693 4215 766 4278 bitem
786 4220 850 4279 born
869 4215 898 4275 itt
917 4215 1003 4279 prtum
1021 4221 1128 4277 notatu,
1153 4219 1200 4265 aab
1224 4214 1268 4264 nur
1289 4220 1329 4265 ber
1346 4215 1442 4278 obbaob
1460 4211 1496 4270 ori
1508 4223 1552 4267 boe
1570 4215 1718 4278 irritarem.

326 4300 387 4350 nain
403 4299 467 4363 citer
485 4298 585 4361 britona
602 4306 627 4362 m
645 4300 701 4350 altu
719 4297 824 4366 trition
843 4300 873 4363 itt
892 4297 932 4362 bip
949 4300 987 4351 nit
1005 4299 1142 4361 broudbeir
1159 4299 1238 4350 tamir
1258 4299 1380 4351 nrtrribtn
1399 4300 1444 4366 itt,
1464 4300 1514 4364 olto
1533 4299 1567 4364 [ot
1588 4301 1650 4351 ittet

358 4386 405 4445 ortt
424 4383 482 4444 bob}
500 4383 555 4444 arrd)
573 4381 730 4445 empinnanr
748 4374 930 4446 palumbria-‘m
954 4399 977 4435 rr
995 4382 1042 4434 crit
1062 4380 1100 4446 tlt
1117 4390 1142 4445 b]
1160 4373 1189 4444 cir
1205 4390 1250 4434 ma
1269 4383 1364 4436 btcttrn
1381 4384 1458 4446 bitur,
1476 4383 1553 4437 octub
1571 4386 1605 4446 tot
1624 4390 1717 4441 cteta.

358 4468 416 4519 min
435 4463 523 4528 erclen
544 4465 622 4528 [oratu
642 4467 688 4518 mit
707 4465 763 4527 etim
783 4463 817 4520 ori
834 4467 926 4521 rtindti
945 4469 987 4531 [itti
1006 4467 1134 4529 caecutiat
1153 4465 1443 4531 intransitionem
1457 4472 1520 4531 botta
1533 4469 1596 4530 [rtur
1610 4483 1650 4531 qe·

358 4551 418 4613 [ona
437 4553 523 4611 moaci,
542 4553 700 4613 conburunt)
713 4551 754 4614 rin
768 4552 864 4614 urbitio)
882 4556 974 4617 orben?
993 4550 1032 4616 tri,
1048 4552 1088 4603 cie
1106 4552 1172 4618 [tim
1191 4552 1218 4603 in
1231 4563 1327 4616 eantur
1340 4550 1438 4615 maincia
1449 4553 1538 4615 bonit
1550 4554 1650 4616 ottom-

357 4637 405 4697 utir
426 4635 465 4685 tin
485 4631 574 4697 arepto
593 4633 699 4696 beticum
713 4635 785 4697 beben
800 4642 870 4698 ntro,
884 4649 920 4688 uo
933 4651 957 4687 tr
971 4636 1012 4699 [iq
1027 4637 1072 4688 ruit
1085 4634 1142 4696 etta
1155 4642 1204 4688 uun
1216 4636 1325 4688 trianto
1338 4638 1385 4689 not
1398 4638 1499 4688 temeret
1511 4633 1545 4689 uri
1557 4633 1651 4700 notiq-

324 4726 350 4767 ro
360 4719 449 4781 triam
468 4722 553 4781 botran,
570 4714 618 4769 beri
636 4732 693 4769 naun
713 4718 747 4781 lot
767 4720 799 4770 im
819 4721 888 4782 ataid)
902 4720 939 4772 rbi
953 4730 1032 4782 roten,
1052 4722 1097 4772 nie
1107 4725 1166 4774 beni
1181 4720 1298 4772 troaden
1310 4721 1348 4771 bit
1360 4722 1398 4772 nit
1409 4721 1447 4772 tie
1458 4719 1595 4784 {tentantur
1608 4736 1649 4783 qr·

357 4803 412 4863 bobr
432 4800 473 4868 bi,
490 4804 600 4854 birrumb·
613 4817 663 4854 mer
678 4795 708 4866 ut
728 4804 807 4868 [orum
825 4808 865 4868 bct
885 4805 929 4856 mit
947 4806 983 4856 uit
1003 4821 1027 4856 tt
1045 4803 1081 4867 tir.
1103 4799 1147 4857 mir
1162 4819 1194 4868 oq
1213 4820 1236 4855 tr
1256 4803 1290 4868 rb,
1305 4800 1349 4857 toi
1369 4819 1419 4856 moe
1437 4807 1512 4856 cnc'n
1531 4804 1716 4861 trondemnis.

425 5007 550 5057 'vescet
568 5011 593 5056 2.
648 5006 666 5039 ¹¹
686 5010 788 5071 leperim
806 5007 930 5071 quadam
949 5023 1009 5074 qnae
1028 5023 1091 5058 non,
1145 5007 1165 5037 n.
1184 5007 1314 5056 dictabis
1333 5011 1358 5056 2.
