4300 6059
460 699 534 771 436
554 731 677 765 flvnrsrtl
691 732 726 766 ΒΕ
739 730 853 767 (avaram
868 731 963 766 nante.
976 734 1011 767 ΒΤ
1023 732 1118 768 101Βο
1131 733 1213 767 GALL.
1226 733 1283 767 ΗΒ.
1297 732 1346 767 ΚΠ
1359 733 1489 768 lunum
1502 734 1619 769 ultano.
1633 735 1695 770 CAP-
1705 735 1745 771 xl.

459 886 505 945 bis
526 887 689 963 prasertim
711 887 741 946 in
764 884 871 964 quibus
893 886 1028 947 bumanae
1051 886 1256 948 incolumitatis
1278 888 1442 966 periculum
1465 891 1596 949 vertitur.
1640 891 1747 968 quodsi

459 986 584 1048 Plinium
601 987 729 1065 legisses,
745 989 899 1048 didicisses
913 1006 972 1047 nou
987 1006 1003 1046 a
1019 997 1117 1049 mente
1133 989 1185 1050 sed
1200 1007 1216 1049 a
1233 997 1340 1058 mento,
1358 989 1434 1049 unde
1450 991 1607 1068 incipiebat
1621 990 1746 1052 morbus

460 1088 517 1158 ille,
540 1097 723 1167 mentagram
746 1089 837 1148 luisse
858 1089 983 1159 dictum,
1008 1088 1052 1150 vel
1074 1089 1131 1150 boc
1154 1099 1329 1166 argumento
1343 1091 1432 1151 alium
1447 1110 1464 1151 a
1479 1090 1618 1153 Gallico''.
1656 1101 1746 1172 atque

461 1192 529 1251 buic
545 1200 603 1251 tam
619 1192 783 1269 perniciose
798 1192 953 1251 insanienti
967 1190 1063 1252 beluae
1078 1201 1137 1252 tam
1153 1194 1266 1270 patiens
1281 1211 1346 1255 esse
1361 1194 1426 1271 quis
1441 1195 1604 1253 convicium
1619 1195 1669 1272 qui
1684 1212 1744 1254 non

390 1308 409 1358 s.
419 1311 447 1352 ro.
459 1292 544 1353 iaciat
566 1294 683 1371 posset?
712 1294 769 1354 Sed
800 1295 948 1353 mittamus
976 1294 1139 1354 istiusmodi
1161 1294 1342 1354 medicorum
1363 1294 1482 1370 vulgus,
1510 1293 1656 1373 equibus
1677 1313 1765 1358 ma=s

457 1413 544 1471 gnam
567 1405 681 1473 partem
704 1395 835 1455 ridemus
857 1394 1008 1456 abundare
1031 1396 1149 1473 quidem
1172 1393 1281 1463 verbis,
1305 1414 1406 1456 rerum
1428 1405 1525 1457 antem
1547 1398 1667 1457 scientia
1690 1399 1745 1456 mi·

456 1515 523 1556 sere
544 1497 693 1557 interdum
716 1516 818 1574 egere,
847 1516 882 1557 ac
908 1497 946 1557 ad
973 1498 1137 1557 institutum
1164 1497 1336 1565 redeamus,
1368 1499 1452 1557 cuius
1479 1516 1593 1558 summa
1622 1506 1667 1558 est
1688 1499 1746 1558 bac

456 1600 486 1657 in
509 1600 661 1659 curatione
684 1608 717 1660 ut
738 1599 874 1659 custodes
896 1599 1093 1660 adsumendos
1114 1600 1261 1665 medicos,
1285 1616 1345 1658 non
1367 1607 1400 1658 ut
1421 1606 1589 1668 curatoros;
1620 1617 1743 1677 eosque,

456 1708 489 1759 nt
511 1719 589 1778 saepe
611 1702 670 1760 iam
692 1701 767 1770 dixi,
790 1700 968 1778 delegendos
989 1718 1077 1761 sanos
1099 1708 1129 1759 et
1149 1700 1322 1778 perductos,
1347 1702 1457 1778 quique
1478 1703 1593 1779 experti
1614 1700 1743 1779 piurima

455 1805 514 1861 sint
535 1809 565 1861 et
586 1803 628 1862 sic
649 1805 783 1871 animati,
807 1809 839 1863 ut
860 1802 914 1863 soli
936 1820 1041 1881 sapere
1062 1801 1165 1863 malint
1187 1821 1274 1880 quam
1296 1806 1491 1863 communiter
1506 1821 1621 1870 errare,
1645 1811 1675 1862 et
1690 1805 1778 1881 quito

455 1902 590 1964 labarum
612 1923 664 1964 esu
687 1923 792 1966 curare
814 1921 926 1980 aegrum
949 1907 973 1964 si
996 1906 1124 1982 possint,
1148 1921 1206 1964 non
1229 1912 1362 1981 quaerant
1382 1906 1669 1983 sumptuosissimum
1690 1904 1744 1964 ali·

456 2005 526 2084 quid
548 2013 578 2066 et
599 2006 629 2066 in
651 2007 754 2084 primis
775 2008 931 2066 croticum.

992 2193 1110 2242 CAPVT
1133 2193 1195 2242 Xll.

453 2295 498 2355 An
521 2294 577 2354 ulla
601 2296 679 2355 circa
702 2294 877 2355 medicinam
898 2294 974 2355 banc
996 2293 1131 2355 habenda
1146 2295 1184 2354 sit
1198 2296 1305 2365 auris,
1330 2293 1491 2365 velserus,
1514 2303 1563 2354 aut
1578 2312 1741 2374 corporum

968 2395 1117 2475 qualitatis
1138 2398 1223 2457 ratio.
1750 2421 1775 2459 rs

397 2547 416 2596 t.
424 2549 442 2593 ι.
538 2531 618 2602 Quos
640 2533 754 2592 aiebam
777 2531 969 2610 percontandi
985 2550 1071 2592 cansa
1088 2531 1242 2610 Hispanias
1257 2532 1378 2600 adiisse,
1401 2550 1469 2592 cnm
1484 2539 1651 2610 quererent
1666 2551 1741 2611 pue·

453 2635 493 2693 ris
522 2636 647 2694 etiamne
669 2641 768 2711 posset
790 2640 820 2695 et
841 2633 975 2694 coniecta
996 2636 1054 2693 iam
1078 2640 1162 2693 aetate
1183 2633 1352 2694 bominibus
1382 2632 1439 2693 boc
1466 2631 1615 2694 subveniri
1642 2653 1741 2695 reme·

453 2736 514 2805 dio,
545 2736 623 2815 qnod
647 2736 835 2796 dubitabatur
857 2737 1009 2814 utriusque
1031 2753 1120 2796 sexus
1141 2734 1325 2796 imbecillitas
1346 2753 1383 2794 an
1405 2735 1497 2795 terret
1518 2735 1625 2796 dietam
1650 2737 1740 2804 banc,

387 2864 391 2869 ·
452 2855 628 2913 responsum
651 2845 830 2916 acceperunt
852 2837 888 2897 ab
912 2839 947 2897 iis
975 2838 1024 2915 qui
1052 2838 1083 2895 in
1112 2836 1206 2897 insula
1234 2838 1367 2906 lucram,
1396 2854 1506 2914 pueros
1534 2837 1653 2916 quidem
1681 2838 1740 2898 bac

452 2939 597 2999 medicina
620 2939 738 2999 liberari
760 2958 775 2998 a
799 2939 904 2999 morbo
925 2956 985 2998 uon
1008 2938 1112 2998 uidisse
1133 2957 1166 2998 se
1188 2944 1220 2997 ut
1240 2937 1383 3016 reliquos,
1412 2939 1463 2998 sed
1490 2939 1625 3001 retulisse
1652 2942 1774 3001 insu-20

452 3039 529 3101 lares
551 3040 647 3102 solere
669 3049 699 3101 et
719 3044 798 3120 ipsos
819 3043 861 3102 sic
885 3042 996 3108 curari,
1020 3059 1054 3100 ac
1077 3042 1149 3100 citra
1173 3041 1381 3101 discretionem
1404 3040 1542 3101 mulieres
1564 3042 1668 3110 etiarm
1690 3060 1739 3102 se·

393 3160 504 3211 §.anes
537 3151 634 3204 autem
662 3151 694 3203 ut
722 3143 892 3223 plurimum.
936 3142 1016 3219 quod
1045 3144 1192 3221 reputanti
1221 3143 1293 3202 mibi
1322 3143 1400 3202 venit
1434 3144 1464 3201 in
1499 3152 1627 3203 mentem
1659 3153 1740 3205 notae

399 3394 402 3400 ·
448 3380 571 3433 oohrtanr
590 3395 646 3432 nrt.
682 3377 847 3440 Uiooboit
865 3381 1140 3443 tricentesimum?
1159 3339 1641 3446 noeriifioitrnoioqioitqqetrott.
1661 3379 1739 3444 [pona

450 3467 801 3528 inconsummatam
819 3465 890 3529 [unqe
908 3466 1001 3529 [nont
1022 3466 1096 3529 tina?
1119 3465 1250 3529 nmiqtiot
1272 3465 1322 3518 teti
1346 3463 1457 3526 terretur
1480 3463 1525 3534 tols
1544 3455 1576 3526 ot
1597 3470 1738 3530 cornone,

381 3557 399 3606 t.
410 3552 477 3603 isio
493 3553 518 3602 θ’
536 3550 589 3616 [not
607 3551 644 3614 [ro
661 3548 740 3604 notui
757 3559 850 3615 pant,
870 3556 898 3614 ι)
916 3549 956 3604 roi
974 3551 1017 3616 [iq
1034 3564 1066 3602 oo
1084 3555 1111 3602 oi
1130 3547 1164 3602 ori
1179 3550 1244 3613 [tius
1266 3550 1351 3614 'trini
1374 3551 1414 3602 nir
1438 3547 1510 3614 toln
1534 3548 1583 3612 iot,
1607 3548 1678 3613 lond
1700 3563 1772 3605 onas

446 3636 485 3686 nir
502 3639 589 3699 qdrtti
608 3644 688 3699 ntur.

959 3772 1010 3835 pos
1025 3770 1116 3834 amitit
1133 3771 1223 3834 renitet

649 3876 680 3934 ob
703 3892 762 3934 orco
783 3875 837 3954 tile
859 3875 1086 3947 ostensionum
1108 3873 1143 3933 ori
1163 3877 1236 3934 citra
1258 3873 1339 3950 utriq
1360 3871 1471 3947 haqes
1494 3874 1541 3952 [st.

515 4006 571 4060 too
588 4017 664 4061 ocum
682 4009 714 4072 iq
732 4010 798 4075 [aare
812 4018 856 4062 tos
873 4010 907 4073 stt
922 4001 954 4073 air
970 4009 1065 4072 omem
1084 4010 1112 4060 io
1130 4009 1263 4073 §liparim
1281 4009 1385 4072 primori
1408 4022 1504 4070 mtto,
1524 4015 1555 4061 to
1578 4009 1612 4072 [ie
1627 4008 1736 4073 aetram

391 4101 410 4149 t.
418 4103 436 4146 ι,
447 4097 526 4145 morti
545 4092 573 4144 ob
593 4106 650 4144 mou
667 4094 716 4154 otte
733 4105 830 4157 ortium
849 4095 921 4146 lino?
940 4091 975 4145 ori
992 4097 1042 4145 otti
1061 4098 1127 4146 troii
1145 4096 1209 4157 qipd)
1227 4093 1308 4157 trudit
1327 4089 1415 4158 mint,
1436 4098 1465 4145 oi
1489 4107 1513 4144 n
1531 4100 1609 4145 nans
1625 4103 1769 4157 mum-ot

448 4177 492 4238 teti
510 4189 543 4228 ou
559 4182 588 4228 te
607 4176 679 4228 limi
698 4185 747 4229 ont
766 4180 838 4230 meib?
857 4180 885 4231 ot
910 4180 943 4246 [ir
963 4179 1029 4242 oiim
1051 4179 1146 4241 obtendi
1170 4180 1273 4230 crinem
1297 4174 1398 4240 robori,
1421 4181 1482 4240 tono
1500 4177 1533 4241 [ir
1550 4187 1691 4241 mot-nrt
1706 4185 1736 4243 m

447 4262 481 4324 [ic
498 4264 552 4325 noo)
571 4262 610 4313 uit
628 4274 679 4313 oon
694 4270 770 4315 neom
786 4265 826 4314 tic
843 4265 870 4315 io
886 4270 928 4316 ner
946 4262 1048 4329 >tritten
1066 4269 1135 4315 noni
1153 4266 1257 4326 attane
1276 4266 1334 4326 bont
1350 4270 1395 4314 tos
1412 4263 1445 4325 [ie
1461 4262 1501 4313 nit
1518 4261 1597 4325 esset?
1615 4265 1680 4324 too)
1695 4264 1737 4315 tie

449 4347 534 4398 tinore
552 4360 601 4398 oon
617 4355 659 4398 nrt
678 4348 815 4409 immitit
831 4355 873 4400 ort
890 4345 977 4410 molen
996 4348 1067 4410 buti,
1087 4348 1174 4410 [omer
1192 4344 1265 4408 nin,
1289 4348 1373 4399 miter
1397 4359 1429 4398 on
1453 4347 1593 4410 amatorii
1617 4344 1654 4400 ori
1677 4350 1736 4412 aaa

391 4433 612 4492 §.mirelmont
630 4431 661 4493 iit
680 4434 729 4484 nir
746 4433 800 4484 boto
819 4432 988 4498 imitation
1007 4433 1084 4495 [panop
1101 4432 1244 4496 prostratis
1258 4439 1286 4509 pr
1304 4445 1328 4482 n
1344 4437 1385 4482 on
1402 4431 1494 4495 {oiim
1511 4432 1567 4494 toti
1585 4430 1617 4496 [ti
1634 4439 1680 4485 tor
1695 4434 1736 4485 tir

512 4634 682 4685 ²didicisses
695 4638 754 4684 edd.
768 4638 850 4685 omiss.
863 4637 954 4685 addidi
964 4651 1051 4685 maneo
1063 4639 1127 4685 loro.
1168 4633 1257 4693 tiam]
1267 4634 1326 4698 jam
1339 4637 1364 4685 8.
1410 4633 1512 4684 bellue
1525 4637 1599 4685 8.1o.
1646 4635 1735 4687 ¹⁰soli

446 4716 553 4783 sapere]
573 4719 616 4768 Cf.
630 4721 711 4785 Diog.
725 4723 818 4770 Laert.
832 4721 891 4770 Vll.
908 4719 963 4769 raa.
984 4726 1011 4769 et
1023 4718 1159 4786 Apostolii
1178 4735 1291 4783 peroem.
1305 4720 1366 4768 ΧΠ.
1379 4717 1420 4767 53.
1434 4735 1458 4767 c.
1479 4720 1597 4784 interpp.
1618 4720 1664 4781 (ex
1677 4722 1734 4771 Ho-

446 4806 547 4854 merico
560 4804 611 4853 od.
620 4806 651 4854 X.
664 4804 722 4853 495.
742 4799 794 4870 olco
806 4797 993 4865 πεπύσθαι.)
1028 4803 1047 4836 ¹¹
1061 4805 1188 4855 fabarum
1201 4801 1259 4867 esu]
1279 4803 1322 4852 cf.
1334 4792 1507 4867 κυαμοτρόξ.
1527 4803 1667 4868 Aristoph.
1681 4805 1734 4870 Eq.

445 4889 487 4956 ,⁴¹-
507 4895 535 4937 et
551 4881 680 4954 κυάμους
697 4881 809 4954 τρώγων
827 4890 942 4951 Ιιγείεῐτ.
955 4889 1013 4940 537.
1050 4891 1085 4939 At
1109 4889 1154 4937 bic
1173 4887 1247 4937 lsbae
1265 4903 1313 4952 pro
1330 4887 1438 4951 plebeio
1456 4886 1650 4952 qualicumque
1669 4890 1734 4940 cibo

445 4974 627 5022 nominantur.
658 4973 1057 5034 Cr.infrac.xv111.§.lt.
1130 4972 1150 5002 ¹⁶
1174 4972 1293 5031 aiebam]
1313 4988 1336 5020 c.
1356 4973 1403 5022 Xl.
1422 4970 1483 5030 §.ii
1557 4987 1629 5021 rnre
1649 4975 1732 5039 con-l

444 5055 522 5104 tandi
540 5059 565 5105 2.
612 5073 629 5107 a
650 5057 735 5107 diisse
754 5062 780 5108 3,
833 5056 854 5090 ¹⁸
871 5057 1062 5124 diaetcatq.
