<?xml version="1.0" encoding="UTF-8"?>
<!DOCTYPE html PUBLIC "-//W3C//DTD XHTML 1.0 Transitional//EN"
    "http://www.w3.org/TR/xhtml1/DTD/xhtml1-transitional.dtd">
<html xmlns="http://www.w3.org/1999/xhtml" xml:lang="en" lang="en">
 <head>
  <title>
</title>
<meta http-equiv="Content-Type" content="text/html;charset=utf-8" />
  <meta name='ocr-system' content='tesseract 3.04.00' />
  <meta name='ocr-capabilities' content='ocr_page ocr_carea ocr_par ocr_line ocrx_word'/>
</head>
<body>
  <div class='ocr_page' id='page_1' title='image "./ulrichihuttenie01huttgoog/ulrichihuttenie01huttgoog_0499.png"; bbox 0 0 4300 6059; ppageno 0'>
   <div class='ocr_carea' id='block_1_1' title="bbox 526 683 1666 759">
    <p class='ocr_par' dir='ltr' id='par_1_1' title="bbox 526 683 1666 759">
     <span class='ocr_line' id='line_1_1' title="bbox 526 683 1666 759; baseline -0.004 -7"><span class='ocrx_word' id='word_1_1' title='bbox 526 718 588 759; x_wconf 69' lang='lat' dir='ltr'>Qu</span> <span class='ocrx_word' id='word_1_2' title='bbox 601 718 683 753; x_wconf 68' lang='lat' dir='ltr'>urach</span> <span class='ocrx_word' id='word_1_3' title='bbox 696 717 801 752; x_wconf 82' lang='lat' dir='ltr'>vlc&#39;rvu</span> <span class='ocrx_word' id='word_1_4' title='bbox 816 717 884 751; x_wconf 78' lang='lat' dir='ltr'>rost·</span> <span class='ocrx_word' id='word_1_5' title='bbox 897 716 1077 752; x_wconf 74' lang='lat' dir='ltr'>GVBATlONBbl</span> <span class='ocrx_word' id='word_1_6' title='bbox 1093 715 1165 749; x_wconf 75' lang='lat' dir='ltr'>nnuc</span> <span class='ocrx_word' id='word_1_7' title='bbox 1178 714 1342 750; x_wconf 70' lang='lat' dir='ltr'>OBSERVABE</span> <span class='ocrx_word' id='word_1_8' title='bbox 1355 714 1521 749; x_wconf 72' lang='lat' dir='ltr'>CONVENMT.</span> <span class='ocrx_word' id='word_1_9' title='bbox 1593 683 1666 754; x_wconf 72' lang='grc'>489</span> 
     </span>
    </p>
   </div>
   <div class='ocr_carea' id='block_1_2' title="bbox 340 870 1739 3085">
    <p class='ocr_par' dir='ltr' id='par_1_2' title="bbox 340 870 1739 3085">
     <span class='ocr_line' id='line_1_2' title="bbox 377 870 1668 950; baseline 0.001 -19"><span class='ocrx_word' id='word_1_10' title='bbox 377 878 427 932; x_wconf 87' lang='lat' dir='ltr'>aut</span> <span class='ocrx_word' id='word_1_11' title='bbox 448 873 596 934; x_wconf 90' lang='lat' dir='ltr'>interdum</span> <span class='ocrx_word' id='word_1_12' title='bbox 619 872 721 932; x_wconf 83' lang='lat' dir='ltr'>decem</span> <span class='ocrx_word' id='word_1_13' title='bbox 744 889 801 930; x_wconf 90' lang='lat' dir='ltr'>uua</span> <span class='ocrx_word' id='word_1_14' title='bbox 825 889 906 930; x_wconf 81' lang='lat' dir='ltr'>omna</span> <span class='ocrx_word' id='word_1_15' title='bbox 930 872 1035 931; x_wconf 89' lang='lat' dir='ltr'>missus</span> <span class='ocrx_word' id='word_1_16' title='bbox 1057 870 1274 948; x_wconf 86' lang='lat' dir='ltr'>importandos:</span> <span class='ocrx_word' id='word_1_17' title='bbox 1298 871 1406 930; x_wconf 93' lang='lat' dir='ltr'>mirum</span> <span class='ocrx_word' id='word_1_18' title='bbox 1428 877 1473 930; x_wconf 88' lang='lat' dir='ltr'>est</span> <span class='ocrx_word' id='word_1_19' title='bbox 1487 870 1565 930; x_wconf 89' lang='lat' dir='ltr'>enim</span> <span class='ocrx_word' id='word_1_20' title='bbox 1581 889 1668 950; x_wconf 89' lang='lat' dir='ltr'>quam</span> 
     </span>
     <span class='ocr_line' id='line_1_3' title="bbox 380 972 1739 1050; baseline 0.001 -16"><span class='ocrx_word' id='word_1_21' title='bbox 380 973 443 1034; x_wconf 79' lang='lat' dir='ltr'>lraec</span> <span class='ocrx_word' id='word_1_22' title='bbox 465 973 579 1043; x_wconf 87' lang='lat' dir='ltr'>obsint,</span> <span class='ocrx_word' id='word_1_23' title='bbox 603 991 663 1033; x_wconf 91' lang='lat' dir='ltr'>non</span> <span class='ocrx_word' id='word_1_24' title='bbox 686 972 838 1032; x_wconf 83' lang='lat' dir='ltr'><strong>stomacho</strong></span> <span class='ocrx_word' id='word_1_25' title='bbox 860 977 987 1039; x_wconf 90' lang='lat' dir='ltr'>tantum,</span> <span class='ocrx_word' id='word_1_26' title='bbox 1011 972 1062 1031; x_wconf 91' lang='lat' dir='ltr'>sed</span> <span class='ocrx_word' id='word_1_27' title='bbox 1087 973 1243 1048; x_wconf 77' lang='lat' dir='ltr'>digestioni</span> <span class='ocrx_word' id='word_1_28' title='bbox 1266 973 1353 1032; x_wconf 87' lang='lat' dir='ltr'>etiam</span> <span class='ocrx_word' id='word_1_29' title='bbox 1377 973 1528 1032; x_wconf 76' lang='lat' dir='ltr'>universae.</span> <span class='ocrx_word' id='word_1_30' title='bbox 1567 972 1669 1050; x_wconf 91' lang='lat' dir='ltr'>ltaque</span> <span class='ocrx_word' id='word_1_31' title='bbox 1679 992 1698 1043; x_wconf 75' lang='lat' dir='ltr'>r.</span> <span class='ocrx_word' id='word_1_32' title='bbox 1708 995 1739 1038; x_wconf 89' lang='lat' dir='ltr'>n.</span> 
     </span>
     <span class='ocr_line' id='line_1_4' title="bbox 378 1052 1669 1152; baseline 0.001 -18"><span class='ocrx_word' id='word_1_33' title='bbox 378 1073 449 1144; x_wconf 86' lang='lat' dir='ltr'>illud</span> <span class='ocrx_word' id='word_1_34' title='bbox 472 1052 580 1135; x_wconf 79' lang='lat' dir='ltr'>iterum</span> <span class='ocrx_word' id='word_1_35' title='bbox 603 1074 707 1147; x_wconf 80' lang='lat' dir='ltr'>eodem</span> <span class='ocrx_word' id='word_1_36' title='bbox 730 1073 766 1133; x_wconf 93' lang='lat' dir='ltr'>ab</span> <span class='ocrx_word' id='word_1_37' title='bbox 790 1073 914 1132; x_wconf 80' lang='lat' dir='ltr'>authore</span> <span class='ocrx_word' id='word_1_38' title='bbox 936 1072 1128 1149; x_wconf 87' lang='lat' dir='ltr'>repetendum</span> <span class='ocrx_word' id='word_1_39' title='bbox 1152 1072 1230 1152; x_wconf 91' lang='lat' dir='ltr'>quod</span> <span class='ocrx_word' id='word_1_40' title='bbox 1253 1075 1292 1132; x_wconf 92' lang='lat' dir='ltr'>ait</span> <span class='ocrx_word' id='word_1_41' title='bbox 1308 1083 1506 1150; x_wconf 81' lang='lat' dir='ltr'><strong>‘summopere</strong></span> <span class='ocrx_word' id='word_1_42' title='bbox 1523 1075 1669 1135; x_wconf 84' lang='lat' dir='ltr'>vitandam</span> 
     </span>
     <span class='ocr_line' id='line_1_5' title="bbox 378 1173 1668 1251; baseline 0.002 -16"><span class='ocrx_word' id='word_1_43' title='bbox 378 1174 585 1235; x_wconf 92' lang='lat' dir='ltr'>alimentorum</span> <span class='ocrx_word' id='word_1_44' title='bbox 609 1177 795 1247; x_wconf 80' lang='lat' dir='ltr'>varietatem,</span> <span class='ocrx_word' id='word_1_45' title='bbox 819 1176 982 1251; x_wconf 77' lang='lat' dir='ltr'>praesertim</span> <span class='ocrx_word' id='word_1_46' title='bbox 1006 1175 1162 1234; x_wconf 72' lang='lat' dir='ltr'>contrariae</span> <span class='ocrx_word' id='word_1_47' title='bbox 1185 1173 1235 1234; x_wconf 93' lang='lat' dir='ltr'>uhi</span> <span class='ocrx_word' id='word_1_48' title='bbox 1258 1175 1367 1234; x_wconf 88' lang='lat' dir='ltr'>luerint</span> <span class='ocrx_word' id='word_1_49' title='bbox 1390 1176 1418 1233; x_wconf 93' lang='lat' dir='ltr'>in</span> <span class='ocrx_word' id='word_1_50' title='bbox 1441 1175 1484 1234; x_wconf 89' lang='lat' dir='ltr'>eis</span> <span class='ocrx_word' id='word_1_51' title='bbox 1498 1175 1668 1238; x_wconf 76' lang='lat' dir='ltr'><strong>facultates:</strong></span> 
     </span>
     <span class='ocr_line' id='line_1_6' title="bbox 356 1274 1700 1354; baseline 0.001 -17"><span class='ocrx_word' id='word_1_52' title='bbox 356 1296 445 1339; x_wconf 81' lang='lat' dir='ltr'>snam</span> <span class='ocrx_word' id='word_1_53' title='bbox 469 1295 535 1354; x_wconf 77' lang='lat' dir='ltr'>quae</span> <span class='ocrx_word' id='word_1_54' title='bbox 557 1278 599 1336; x_wconf 92' lang='lat' dir='ltr'>sic</span> <span class='ocrx_word' id='word_1_55' title='bbox 622 1278 810 1354; x_wconf 85' lang='lat' dir='ltr'>ingeruntur,</span> <span class='ocrx_word' id='word_1_56' title='bbox 835 1277 1019 1335; x_wconf 77' lang='lat' dir='ltr'>concoctioni</span> <span class='ocrx_word' id='word_1_57' title='bbox 1041 1274 1199 1335; x_wconf 84' lang='lat' dir='ltr'>resistrmt&#39;.</span> <span class='ocrx_word' id='word_1_58' title='bbox 1245 1282 1332 1353; x_wconf 74' lang='lat' dir='ltr'>atique</span> <span class='ocrx_word' id='word_1_59' title='bbox 1355 1275 1412 1334; x_wconf 90' lang='lat' dir='ltr'>hoc</span> <span class='ocrx_word' id='word_1_60' title='bbox 1434 1278 1563 1350; x_wconf 87' lang='lat' dir='ltr'>sentiunt</span> <span class='ocrx_word' id='word_1_61' title='bbox 1585 1277 1700 1353; x_wconf 68' lang='lat' dir='ltr'>Galo-t</span> 
     </span>
     <span class='ocr_line' id='line_1_7' title="bbox 376 1375 1737 1457; baseline 0.003 -20"><span class='ocrx_word' id='word_1_62' title='bbox 376 1395 432 1437; x_wconf 91' lang='lat' dir='ltr'>nus</span> <span class='ocrx_word' id='word_1_63' title='bbox 454 1383 484 1438; x_wconf 88' lang='lat' dir='ltr'>et</span> <span class='ocrx_word' id='word_1_64' title='bbox 505 1378 666 1438; x_wconf 80' lang='lat' dir='ltr'>Avicennas</span> <span class='ocrx_word' id='word_1_65' title='bbox 689 1395 851 1454; x_wconf 88' lang='lat' dir='ltr'>omnesque</span> <span class='ocrx_word' id='word_1_66' title='bbox 874 1378 1063 1437; x_wconf 80' lang='lat' dir='ltr'>emunctioris</span> <span class='ocrx_word' id='word_1_67' title='bbox 1086 1377 1115 1434; x_wconf 92' lang='lat' dir='ltr'>in</span> <span class='ocrx_word' id='word_1_68' title='bbox 1138 1375 1282 1436; x_wconf 90' lang='lat' dir='ltr'>medicina</span> <span class='ocrx_word' id='word_1_69' title='bbox 1305 1376 1412 1436; x_wconf 84' lang='lat' dir='ltr'>iudicii.</span> <span class='ocrx_word' id='word_1_70' title='bbox 1458 1376 1575 1437; x_wconf 82' lang='lat' dir='ltr'>Catonis</span> <span class='ocrx_word' id='word_1_71' title='bbox 1590 1378 1737 1457; x_wconf 67' lang='lat' dir='ltr'>apadno.</span> 
     </span>
     <span class='ocr_line' id='line_1_8' title="bbox 377 1477 1671 1558; baseline 0.002 -19"><span class='ocrx_word' id='word_1_72' title='bbox 377 1480 549 1540; x_wconf 81' lang='lat' dir='ltr'>Ciceronem</span> <span class='ocrx_word' id='word_1_73' title='bbox 572 1485 756 1558; x_wconf 63' lang='lat' dir='ltr'>praeceptum,</span> <span class='ocrx_word' id='word_1_74' title='bbox 775 1485 834 1547; x_wconf 89' lang='lat' dir='ltr'>est,</span> <span class='ocrx_word' id='word_1_75' title='bbox 866 1485 988 1538; x_wconf 85' lang='lat' dir='ltr'>‘tantum</span> <span class='ocrx_word' id='word_1_76' title='bbox 1017 1477 1074 1538; x_wconf 93' lang='lat' dir='ltr'>cibi</span> <span class='ocrx_word' id='word_1_77' title='bbox 1104 1496 1138 1537; x_wconf 91' lang='lat' dir='ltr'>ac</span> <span class='ocrx_word' id='word_1_78' title='bbox 1160 1478 1286 1555; x_wconf 90' lang='lat' dir='ltr'>potionis</span> <span class='ocrx_word' id='word_1_79' title='bbox 1308 1477 1507 1539; x_wconf 89' lang='lat' dir='ltr'>adhibendum</span> <span class='ocrx_word' id='word_1_80' title='bbox 1530 1498 1609 1550; x_wconf 87' lang='lat' dir='ltr'>esse,</span> <span class='ocrx_word' id='word_1_81' title='bbox 1638 1489 1671 1542; x_wconf 89' lang='lat' dir='ltr'>ut</span> 
     </span>
     <span class='ocr_line' id='line_1_9' title="bbox 375 1577 1670 1657; baseline 0.003 -17"><span class='ocrx_word' id='word_1_82' title='bbox 375 1581 546 1641; x_wconf 85' lang='lat' dir='ltr'>reficiantur</span> <span class='ocrx_word' id='word_1_83' title='bbox 580 1582 671 1649; x_wconf 83' lang='lat' dir='ltr'>vires,</span> <span class='ocrx_word' id='word_1_84' title='bbox 704 1597 762 1638; x_wconf 90' lang='lat' dir='ltr'>non</span> <span class='ocrx_word' id='word_1_85' title='bbox 797 1581 883 1640; x_wconf 89' lang='lat' dir='ltr'>etiam</span> <span class='ocrx_word' id='word_1_86' title='bbox 916 1579 1139 1657; x_wconf 88' lang='lat' dir='ltr'>opprimantur&#39;.</span> <span class='ocrx_word' id='word_1_87' title='bbox 1185 1578 1283 1648; x_wconf 81' lang='lat' dir='ltr'>Quare</span> <span class='ocrx_word' id='word_1_88' title='bbox 1316 1586 1349 1638; x_wconf 91' lang='lat' dir='ltr'>ut</span> <span class='ocrx_word' id='word_1_89' title='bbox 1376 1577 1538 1657; x_wconf 91' lang='lat' dir='ltr'>plurimum</span> <span class='ocrx_word' id='word_1_90' title='bbox 1565 1581 1670 1645; x_wconf 76' lang='lat' dir='ltr'>leniter</span> 
     </span>
     <span class='ocr_line' id='line_1_10' title="bbox 375 1679 1669 1760; baseline 0.002 -18"><span class='ocrx_word' id='word_1_91' title='bbox 375 1681 582 1760; x_wconf 89' lang='lat' dir='ltr'>prandendum</span> <span class='ocrx_word' id='word_1_92' title='bbox 606 1682 810 1760; x_wconf 87' lang='lat' dir='ltr'>Xenophontis</span> <span class='ocrx_word' id='word_1_93' title='bbox 833 1680 971 1749; x_wconf 90' lang='lat' dir='ltr'>consilio,</span> <span class='ocrx_word' id='word_1_94' title='bbox 1001 1687 1033 1741; x_wconf 88' lang='lat' dir='ltr'>ut</span> <span class='ocrx_word' id='word_1_95' title='bbox 1054 1681 1092 1740; x_wconf 91' lang='lat' dir='ltr'>sit</span> <span class='ocrx_word' id='word_1_96' title='bbox 1114 1679 1248 1740; x_wconf 88' lang='lat' dir='ltr'>videlicet</span> <span class='ocrx_word' id='word_1_97' title='bbox 1269 1680 1353 1741; x_wconf 93' lang='lat' dir='ltr'>locus</span> <span class='ocrx_word' id='word_1_98' title='bbox 1376 1698 1475 1741; x_wconf 85' lang='lat' dir='ltr'>coenae.</span> <span class='ocrx_word' id='word_1_99' title='bbox 1520 1681 1669 1744; x_wconf 77' lang='lat' dir='ltr'>Plancos</span> 
     </span>
     <span class='ocr_line' id='line_1_11' title="bbox 344 1780 1668 1860; baseline 0.001 -14"><span class='ocrx_word' id='word_1_100' title='bbox 344 1781 434 1846; x_wconf 88' lang='lat' dir='ltr'>millis</span> <span class='ocrx_word' id='word_1_101' title='bbox 467 1789 512 1843; x_wconf 86' lang='lat' dir='ltr'>est</span> <span class='ocrx_word' id='word_1_102' title='bbox 544 1784 592 1843; x_wconf 92' lang='lat' dir='ltr'>bic</span> <span class='ocrx_word' id='word_1_103' title='bbox 625 1782 762 1852; x_wconf 90' lang='lat' dir='ltr'>morbus,</span> <span class='ocrx_word' id='word_1_104' title='bbox 796 1800 872 1860; x_wconf 91' lang='lat' dir='ltr'>quos</span> <span class='ocrx_word' id='word_1_105' title='bbox 902 1801 936 1841; x_wconf 84' lang='lat' dir='ltr'>ex</span> <span class='ocrx_word' id='word_1_106' title='bbox 970 1780 1152 1860; x_wconf 90' lang='lat' dir='ltr'>plenitudine</span> <span class='ocrx_word' id='word_1_107' title='bbox 1186 1783 1342 1859; x_wconf 84' lang='lat' dir='ltr'>provenire</span> <span class='ocrx_word' id='word_1_108' title='bbox 1371 1781 1498 1844; x_wconf 88' lang='lat' dir='ltr'>Galenus</span> <span class='ocrx_word' id='word_1_109' title='bbox 1526 1793 1668 1848; x_wconf 82' lang='lat' dir='ltr'>autumat.</span> 
     </span>
     <span class='ocr_line' id='line_1_12' title="bbox 377 1882 1738 1963; baseline 0.005 -19"><span class='ocrx_word' id='word_1_110' title='bbox 377 1883 455 1962; x_wconf 92' lang='lat' dir='ltr'>qnod</span> <span class='ocrx_word' id='word_1_111' title='bbox 478 1885 521 1945; x_wconf 88' lang='lat' dir='ltr'>sic</span> <span class='ocrx_word' id='word_1_112' title='bbox 542 1884 763 1963; x_wconf 84' lang='lat' dir='ltr'>intelligendum</span> <span class='ocrx_word' id='word_1_113' title='bbox 786 1892 845 1951; x_wconf 90' lang='lat' dir='ltr'>est,</span> <span class='ocrx_word' id='word_1_114' title='bbox 875 1901 934 1942; x_wconf 92' lang='lat' dir='ltr'>non</span> <span class='ocrx_word' id='word_1_115' title='bbox 956 1890 989 1942; x_wconf 91' lang='lat' dir='ltr'>ut</span> <span class='ocrx_word' id='word_1_116' title='bbox 1011 1901 1114 1943; x_wconf 92' lang='lat' dir='ltr'>omnes</span> <span class='ocrx_word' id='word_1_117' title='bbox 1137 1884 1186 1960; x_wconf 90' lang='lat' dir='ltr'>qni</span> <span class='ocrx_word' id='word_1_118' title='bbox 1210 1884 1237 1942; x_wconf 94' lang='lat' dir='ltr'>in</span> <span class='ocrx_word' id='word_1_119' title='bbox 1261 1882 1381 1962; x_wconf 86' lang='lat' dir='ltr'>crapula</span> <span class='ocrx_word' id='word_1_120' title='bbox 1410 1884 1534 1962; x_wconf 82' lang='lat' dir='ltr'>degunt.</span> <span class='ocrx_word' id='word_1_121' title='bbox 1561 1887 1738 1956; x_wconf 70' lang='lat' dir='ltr'>marboeto.</span> 
     </span>
     <span class='ocr_line' id='line_1_13' title="bbox 376 1983 1668 2068; baseline 0.004 -24"><span class='ocrx_word' id='word_1_122' title='bbox 376 1987 475 2045; x_wconf 87' lang='lat' dir='ltr'>statim</span> <span class='ocrx_word' id='word_1_123' title='bbox 491 1985 603 2047; x_wconf 86' lang='lat' dir='ltr'>Gallico</span> <span class='ocrx_word' id='word_1_124' title='bbox 626 1986 770 2046; x_wconf 81' lang='lat' dir='ltr'>obnoxios</span> <span class='ocrx_word' id='word_1_125' title='bbox 785 1986 849 2046; x_wconf 90' lang='lat' dir='ltr'>lieri</span> <span class='ocrx_word' id='word_1_126' title='bbox 866 1985 1039 2052; x_wconf 78' lang='lat' dir='ltr'>existimem,</span> <span class='ocrx_word' id='word_1_127' title='bbox 1063 2002 1232 2061; x_wconf 89' lang='lat' dir='ltr'>quanquam</span> <span class='ocrx_word' id='word_1_128' title='bbox 1247 1983 1344 2044; x_wconf 92' lang='lat' dir='ltr'>morbi</span> <span class='ocrx_word' id='word_1_129' title='bbox 1362 1984 1415 2043; x_wconf 89' lang='lat' dir='ltr'>hos</span> <span class='ocrx_word' id='word_1_130' title='bbox 1431 1996 1551 2046; x_wconf 89' lang='lat' dir='ltr'>manent</span> <span class='ocrx_word' id='word_1_131' title='bbox 1566 1989 1668 2068; x_wconf 88' lang='lat' dir='ltr'>quiqui</span> 
     </span>
     <span class='ocr_line' id='line_1_14' title="bbox 376 2084 1670 2164; baseline 0.005 -19"><span class='ocrx_word' id='word_1_132' title='bbox 376 2087 434 2146; x_wconf 92' lang='lat' dir='ltr'>sint</span> <span class='ocrx_word' id='word_1_133' title='bbox 456 2089 636 2162; x_wconf 79' lang='lat' dir='ltr'>gravissimi,</span> <span class='ocrx_word' id='word_1_134' title='bbox 667 2087 719 2147; x_wconf 89' lang='lat' dir='ltr'>sed</span> <span class='ocrx_word' id='word_1_135' title='bbox 748 2105 783 2145; x_wconf 90' lang='lat' dir='ltr'>eo</span> <span class='ocrx_word' id='word_1_136' title='bbox 813 2087 904 2164; x_wconf 88' lang='lat' dir='ltr'>siquis</span> <span class='ocrx_word' id='word_1_137' title='bbox 931 2091 999 2144; x_wconf 90' lang='lat' dir='ltr'>ante</span> <span class='ocrx_word' id='word_1_138' title='bbox 1021 2084 1212 2152; x_wconf 76' lang='lat' dir='ltr'>laboraverit,</span> <span class='ocrx_word' id='word_1_139' title='bbox 1242 2087 1267 2144; x_wconf 88' lang='lat' dir='ltr'>si</span> <span class='ocrx_word' id='word_1_140' title='bbox 1289 2086 1525 2164; x_wconf 85' lang='lat' dir='ltr'>intemperanter</span> <span class='ocrx_word' id='word_1_141' title='bbox 1545 2090 1612 2149; x_wconf 89' lang='lat' dir='ltr'>odat</span> <span class='ocrx_word' id='word_1_142' title='bbox 1632 2109 1670 2151; x_wconf 85' lang='lat' dir='ltr'>ac</span> 
     </span>
     <span class='ocr_line' id='line_1_15' title="bbox 376 2185 1737 2264; baseline 0.006 -18"><span class='ocrx_word' id='word_1_143' title='bbox 376 2186 473 2257; x_wconf 91' lang='lat' dir='ltr'>bibat,</span> <span class='ocrx_word' id='word_1_144' title='bbox 497 2189 630 2249; x_wconf 87' lang='lat' dir='ltr'>recidere</span> <span class='ocrx_word' id='word_1_145' title='bbox 652 2188 721 2248; x_wconf 88' lang='lat' dir='ltr'>illuc</span> <span class='ocrx_word' id='word_1_146' title='bbox 742 2189 918 2249; x_wconf 83' lang='lat' dir='ltr'>necessario.</span> <span class='ocrx_word' id='word_1_147' title='bbox 963 2187 1063 2264; x_wconf 87' lang='lat' dir='ltr'>ltaque</span> <span class='ocrx_word' id='word_1_148' title='bbox 1087 2185 1170 2246; x_wconf 90' lang='lat' dir='ltr'>cibus</span> <span class='ocrx_word' id='word_1_149' title='bbox 1192 2186 1362 2246; x_wconf 83' lang='lat' dir='ltr'>adsumatur</span> <span class='ocrx_word' id='word_1_150' title='bbox 1385 2205 1481 2263; x_wconf 89' lang='lat' dir='ltr'>neque</span> <span class='ocrx_word' id='word_1_151' title='bbox 1504 2191 1601 2250; x_wconf 87' lang='lat' dir='ltr'>rarius</span> <span class='ocrx_word' id='word_1_152' title='bbox 1616 2210 1737 2260; x_wconf 66' lang='lat' dir='ltr'>nei-rm.</span> 
     </span>
     <span class='ocr_line' id='line_1_16' title="bbox 343 2287 1670 2367; baseline 0.001 -15"><span class='ocrx_word' id='word_1_153' title='bbox 343 2307 435 2367; x_wconf 78' lang='lat' dir='ltr'>isque</span> <span class='ocrx_word' id='word_1_154' title='bbox 458 2289 581 2357; x_wconf 89' lang='lat' dir='ltr'>multus,</span> <span class='ocrx_word' id='word_1_155' title='bbox 605 2308 664 2367; x_wconf 93' lang='lat' dir='ltr'>quo</span> <span class='ocrx_word' id='word_1_156' title='bbox 687 2308 723 2348; x_wconf 90' lang='lat' dir='ltr'>nc</span> <span class='ocrx_word' id='word_1_157' title='bbox 746 2295 887 2349; x_wconf 88' lang='lat' dir='ltr'>oneretur</span> <span class='ocrx_word' id='word_1_158' title='bbox 909 2288 1079 2348; x_wconf 87' lang='lat' dir='ltr'>stomachus</span> <span class='ocrx_word' id='word_1_159' title='bbox 1101 2293 1129 2347; x_wconf 87' lang='lat' dir='ltr'>et</span> <span class='ocrx_word' id='word_1_160' title='bbox 1151 2287 1327 2364; x_wconf 88' lang='lat' dir='ltr'>impediatur</span> <span class='ocrx_word' id='word_1_161' title='bbox 1349 2288 1486 2366; x_wconf 79' lang='lat' dir='ltr'>digestio:</span> <span class='ocrx_word' id='word_1_162' title='bbox 1516 2291 1623 2353; x_wconf 84' lang='lat' dir='ltr'>deinde</span> <span class='ocrx_word' id='word_1_163' title='bbox 1645 2295 1670 2353; x_wconf 90' lang='lat' dir='ltr'>is</span> 
     </span>
     <span class='ocr_line' id='line_1_17' title="bbox 379 2387 1670 2473; baseline 0.003 -23"><span class='ocrx_word' id='word_1_164' title='bbox 379 2390 447 2468; x_wconf 93' lang='lat' dir='ltr'>qui,</span> <span class='ocrx_word' id='word_1_165' title='bbox 470 2398 503 2450; x_wconf 93' lang='lat' dir='ltr'>ut</span> <span class='ocrx_word' id='word_1_166' title='bbox 525 2392 641 2459; x_wconf 85' lang='lat' dir='ltr'>monui,</span> <span class='ocrx_word' id='word_1_167' title='bbox 664 2397 807 2450; x_wconf 91' lang='lat' dir='ltr'>concoctn</span> <span class='ocrx_word' id='word_1_168' title='bbox 831 2389 924 2449; x_wconf 91' lang='lat' dir='ltr'>lacilis</span> <span class='ocrx_word' id='word_1_169' title='bbox 946 2391 997 2447; x_wconf 89' lang='lat' dir='ltr'>sit:</span> <span class='ocrx_word' id='word_1_170' title='bbox 1029 2387 1194 2448; x_wconf 82' lang='lat' dir='ltr'>‘difficulter</span> <span class='ocrx_word' id='word_1_171' title='bbox 1216 2387 1418 2466; x_wconf 70' lang='lat' dir='ltr'>perficiuntur</span> <span class='ocrx_word' id='word_1_172' title='bbox 1442 2389 1552 2451; x_wconf 85' lang='lat' dir='ltr'>Plinius</span> <span class='ocrx_word' id='word_1_173' title='bbox 1574 2395 1670 2473; x_wconf 89' lang='lat' dir='ltr'>inquit</span> 
     </span>
     <span class='ocr_line' id='line_1_18' title="bbox 376 2488 1669 2574; baseline 0.006 -25"><span class='ocrx_word' id='word_1_174' title='bbox 376 2493 483 2552; x_wconf 82' lang='lat' dir='ltr'>‘omnia</span> <span class='ocrx_word' id='word_1_175' title='bbox 506 2494 535 2551; x_wconf 92' lang='lat' dir='ltr'>in</span> <span class='ocrx_word' id='word_1_176' title='bbox 559 2490 631 2551; x_wconf 82' lang='lat' dir='ltr'>cibis</span> <span class='ocrx_word' id='word_1_177' title='bbox 653 2493 749 2558; x_wconf 91' lang='lat' dir='ltr'>acria,</span> <span class='ocrx_word' id='word_1_178' title='bbox 777 2492 865 2550; x_wconf 91' lang='lat' dir='ltr'>nimia</span> <span class='ocrx_word' id='word_1_179' title='bbox 888 2497 917 2549; x_wconf 86' lang='lat' dir='ltr'>et</span> <span class='ocrx_word' id='word_1_180' title='bbox 945 2489 1028 2549; x_wconf 88' lang='lat' dir='ltr'>avide</span> <span class='ocrx_word' id='word_1_181' title='bbox 1057 2488 1176 2558; x_wconf 88' lang='lat' dir='ltr'>hausta,</span> <span class='ocrx_word' id='word_1_182' title='bbox 1206 2497 1235 2548; x_wconf 93' lang='lat' dir='ltr'>et</span> <span class='ocrx_word' id='word_1_183' title='bbox 1261 2491 1292 2548; x_wconf 92' lang='lat' dir='ltr'>in</span> <span class='ocrx_word' id='word_1_184' title='bbox 1321 2498 1420 2550; x_wconf 83' lang='lat' dir='ltr'>aestate</span> <span class='ocrx_word' id='word_1_185' title='bbox 1449 2510 1536 2569; x_wconf 92' lang='lat' dir='ltr'>qnam</span> <span class='ocrx_word' id='word_1_186' title='bbox 1565 2494 1669 2574; x_wconf 78' lang='lat' dir='ltr'>hyeme</span> 
     </span>
     <span class='ocr_line' id='line_1_19' title="bbox 376 2588 1668 2670; baseline 0.004 -18"><span class='ocrx_word' id='word_1_187' title='bbox 376 2592 539 2662; x_wconf 83' lang='lat' dir='ltr'>difficilius,</span> <span class='ocrx_word' id='word_1_188' title='bbox 569 2612 603 2652; x_wconf 91' lang='lat' dir='ltr'>ac</span> <span class='ocrx_word' id='word_1_189' title='bbox 627 2594 655 2652; x_wconf 90' lang='lat' dir='ltr'>in</span> <span class='ocrx_word' id='word_1_190' title='bbox 678 2602 794 2652; x_wconf 86' lang='lat' dir='ltr'>senecta</span> <span class='ocrx_word' id='word_1_191' title='bbox 817 2609 905 2670; x_wconf 86' lang='lat' dir='ltr'>quam</span> <span class='ocrx_word' id='word_1_192' title='bbox 928 2592 957 2650; x_wconf 91' lang='lat' dir='ltr'>in</span> <span class='ocrx_word' id='word_1_193' title='bbox 980 2588 1115 2650; x_wconf 85' lang='lat' dir='ltr'>iuventa&#39;.</span> <span class='ocrx_word' id='word_1_194' title='bbox 1160 2590 1244 2669; x_wconf 77' lang='lat' dir='ltr'>Apud</span> <span class='ocrx_word' id='word_1_195' title='bbox 1269 2590 1442 2652; x_wconf 87' lang='lat' dir='ltr'>Ciceronem</span> <span class='ocrx_word' id='word_1_196' title='bbox 1466 2601 1509 2653; x_wconf 91' lang='lat' dir='ltr'>est</span> <span class='ocrx_word' id='word_1_197' title='bbox 1533 2594 1598 2665; x_wconf 83' lang='lat' dir='ltr'>‘Oui</span> <span class='ocrx_word' id='word_1_198' title='bbox 1620 2617 1668 2658; x_wconf 88' lang='lat' dir='ltr'>ca·</span> 
     </span>
     <span class='ocr_line' id='line_1_20' title="bbox 375 2690 1668 2773; baseline 0.005 -21"><span class='ocrx_word' id='word_1_199' title='bbox 375 2700 422 2754; x_wconf 88' lang='lat' dir='ltr'>ret</span> <span class='ocrx_word' id='word_1_200' title='bbox 444 2693 540 2773; x_wconf 89' lang='lat' dir='ltr'>epulis</span> <span class='ocrx_word' id='word_1_201' title='bbox 562 2694 761 2772; x_wconf 80' lang='lat' dir='ltr'>extractisque</span> <span class='ocrx_word' id='word_1_202' title='bbox 782 2694 891 2752; x_wconf 88' lang='lat' dir='ltr'>mensis</span> <span class='ocrx_word' id='word_1_203' title='bbox 914 2699 943 2752; x_wconf 88' lang='lat' dir='ltr'>et</span> <span class='ocrx_word' id='word_1_204' title='bbox 967 2690 1169 2769; x_wconf 75' lang='lat' dir='ltr'>frequentibus</span> <span class='ocrx_word' id='word_1_205' title='bbox 1192 2691 1319 2768; x_wconf 88' lang='lat' dir='ltr'>poculis,</span> <span class='ocrx_word' id='word_1_206' title='bbox 1344 2700 1424 2753; x_wconf 90' lang='lat' dir='ltr'>caret</span> <span class='ocrx_word' id='word_1_207' title='bbox 1447 2696 1515 2755; x_wconf 88' lang='lat' dir='ltr'>item</span> <span class='ocrx_word' id='word_1_208' title='bbox 1539 2697 1668 2759; x_wconf 85' lang='lat' dir='ltr'>vinolen-</span> 
     </span>
     <span class='ocr_line' id='line_1_21' title="bbox 340 2792 1737 2870; baseline 0.003 -17"><span class='ocrx_word' id='word_1_209' title='bbox 340 2795 431 2863; x_wconf 73' lang='lat' dir='ltr'>ntia,</span> <span class='ocrx_word' id='word_1_210' title='bbox 462 2796 605 2856; x_wconf 86' lang='lat' dir='ltr'>cruditate</span> <span class='ocrx_word' id='word_1_211' title='bbox 628 2804 656 2856; x_wconf 89' lang='lat' dir='ltr'>et</span> <span class='ocrx_word' id='word_1_212' title='bbox 677 2793 848 2855; x_wconf 87' lang='lat' dir='ltr'>insomniis&#39;.</span> <span class='ocrx_word' id='word_1_213' title='bbox 893 2792 965 2862; x_wconf 82' lang='lat' dir='ltr'>Quia</span> <span class='ocrx_word' id='word_1_214' title='bbox 989 2801 1086 2852; x_wconf 91' lang='lat' dir='ltr'>antem</span> <span class='ocrx_word' id='word_1_215' title='bbox 1110 2800 1176 2869; x_wconf 89' lang='lat' dir='ltr'>post</span> <span class='ocrx_word' id='word_1_216' title='bbox 1198 2793 1274 2852; x_wconf 89' lang='lat' dir='ltr'>hauc</span> <span class='ocrx_word' id='word_1_217' title='bbox 1297 2796 1477 2854; x_wconf 89' lang='lat' dir='ltr'>curationem</span> <span class='ocrx_word' id='word_1_218' title='bbox 1501 2797 1737 2870; x_wconf 76' lang='lat' dir='ltr'>ridendumhu.</span> 
     </span>
     <span class='ocr_line' id='line_1_22' title="bbox 377 2894 1668 2974; baseline 0.004 -18"><span class='ocrx_word' id='word_1_219' title='bbox 377 2914 487 2974; x_wconf 91' lang='lat' dir='ltr'>corpus</span> <span class='ocrx_word' id='word_1_220' title='bbox 509 2898 650 2957; x_wconf 90' lang='lat' dir='ltr'>inanitum</span> <span class='ocrx_word' id='word_1_221' title='bbox 674 2897 816 2957; x_wconf 86' lang='lat' dir='ltr'>hactenus</span> <span class='ocrx_word' id='word_1_222' title='bbox 838 2903 867 2955; x_wconf 88' lang='lat' dir='ltr'>et</span> <span class='ocrx_word' id='word_1_223' title='bbox 882 2901 1070 2955; x_wconf 82' lang='lat' dir='ltr'>extenuatum</span> <span class='ocrx_word' id='word_1_224' title='bbox 1087 2894 1123 2953; x_wconf 91' lang='lat' dir='ltr'>ad</span> <span class='ocrx_word' id='word_1_225' title='bbox 1139 2912 1171 2953; x_wconf 89' lang='lat' dir='ltr'>sc</span> <span class='ocrx_word' id='word_1_226' title='bbox 1187 2894 1289 2954; x_wconf 87' lang='lat' dir='ltr'>reduci</span> <span class='ocrx_word' id='word_1_227' title='bbox 1305 2895 1453 2972; x_wconf 91' lang='lat' dir='ltr'>quomodo</span> <span class='ocrx_word' id='word_1_228' title='bbox 1471 2900 1570 2974; x_wconf 91' lang='lat' dir='ltr'>possit,</span> <span class='ocrx_word' id='word_1_229' title='bbox 1595 2900 1668 2960; x_wconf 91' lang='lat' dir='ltr'>cibis</span> 
     </span>
     <span class='ocr_line' id='line_1_23' title="bbox 376 2996 1667 3085; baseline 0.005 -29"><span class='ocrx_word' id='word_1_230' title='bbox 376 2998 501 3058; x_wconf 79' lang='lat' dir='ltr'>tortasse</span> <span class='ocrx_word' id='word_1_231' title='bbox 524 2998 618 3057; x_wconf 90' lang='lat' dir='ltr'>danda</span> <span class='ocrx_word' id='word_1_232' title='bbox 642 3015 732 3085; x_wconf 83' lang='lat' dir='ltr'>opera</span> <span class='ocrx_word' id='word_1_233' title='bbox 754 2997 800 3056; x_wconf 93' lang='lat' dir='ltr'>his</span> <span class='ocrx_word' id='word_1_234' title='bbox 823 2999 872 3076; x_wconf 92' lang='lat' dir='ltr'>qui</span> <span class='ocrx_word' id='word_1_235' title='bbox 895 3003 1003 3073; x_wconf 79' lang='lat' dir='ltr'>augent</span> <span class='ocrx_word' id='word_1_236' title='bbox 1025 3014 1059 3056; x_wconf 89' lang='lat' dir='ltr'>ac</span> <span class='ocrx_word' id='word_1_237' title='bbox 1082 3013 1189 3073; x_wconf 91' lang='lat' dir='ltr'>corpus</span> <span class='ocrx_word' id='word_1_238' title='bbox 1219 2996 1356 3074; x_wconf 89' lang='lat' dir='ltr'>impleut,</span> <span class='ocrx_word' id='word_1_239' title='bbox 1386 3013 1444 3055; x_wconf 89' lang='lat' dir='ltr'>non</span> <span class='ocrx_word' id='word_1_240' title='bbox 1474 3000 1568 3058; x_wconf 82' lang='lat' dir='ltr'>noxiis</span> <span class='ocrx_word' id='word_1_241' title='bbox 1596 2999 1667 3062; x_wconf 93' lang='lat' dir='ltr'>illud</span> 
     </span>
    </p>
   </div>
   <div class='ocr_carea' id='block_1_3' title="bbox 376 3081 1668 3177">
    <p class='ocr_par' dir='ltr' id='par_1_3' title="bbox 376 3081 1668 3177">
     <span class='ocr_line' id='line_1_24' title="bbox 376 3081 1668 3177; baseline 0.005 -19"><span class='ocrx_word' id='word_1_242' title='bbox 376 3097 496 3176; x_wconf 90' lang='lat' dir='ltr'>quidem</span> <span class='ocrx_word' id='word_1_243' title='bbox 518 3097 709 3166; x_wconf 87' lang='lat' dir='ltr'>humoribus,</span> <span class='ocrx_word' id='word_1_244' title='bbox 740 3099 792 3158; x_wconf 88' lang='lat' dir='ltr'>sed</span> <span class='ocrx_word' id='word_1_245' title='bbox 816 3097 909 3176; x_wconf 88' lang='lat' dir='ltr'>qualia</span> <span class='ocrx_word' id='word_1_246' title='bbox 934 3096 1034 3159; x_wconf 84' lang='lat' dir='ltr'>Celsus</span> <span class='ocrx_word' id='word_1_247' title='bbox 1057 3106 1269 3157; x_wconf 83' lang='lat' dir='ltr'>commemorat</span> <span class='ocrx_word' id='word_1_248' title='bbox 1290 3099 1378 3176; x_wconf 93' lang='lat' dir='ltr'>primi</span> <span class='ocrx_word' id='word_1_249' title='bbox 1396 3081 1468 3172; x_wconf 82' lang='lat' dir='ltr'>libri</span> <span class='ocrx_word' id='word_1_250' title='bbox 1491 3101 1586 3177; x_wconf 91' lang='lat' dir='ltr'>capite</span> <span class='ocrx_word' id='word_1_251' title='bbox 1608 3108 1668 3164; x_wconf 86' lang='lat' dir='ltr'>ter·</span> 
     </span>
    </p>
   </div>
   <div class='ocr_carea' id='block_1_4' title="bbox 337 3346 1781 4009">
    <p class='ocr_par' dir='ltr' id='par_1_4' title="bbox 374 3346 1666 3418">
     <span class='ocr_line' id='line_1_25' title="bbox 374 3346 1666 3418; baseline 0.003 -14"><span class='ocrx_word' id='word_1_252' title='bbox 374 3353 462 3416; x_wconf 69' lang='lat' dir='ltr'>traditi</span> <span class='ocrx_word' id='word_1_253' title='bbox 479 3347 523 3405; x_wconf 80' lang='grc' dir='ltr'>πηῑ</span> <span class='ocrx_word' id='word_1_254' title='bbox 539 3353 578 3404; x_wconf 76' lang='grc' dir='ltr'>πίε</span> <span class='ocrx_word' id='word_1_255' title='bbox 595 3352 639 3413; x_wconf 81' lang='lat' dir='ltr'>tiu</span> <span class='ocrx_word' id='word_1_256' title='bbox 654 3359 696 3404; x_wconf 76' lang='lat' dir='ltr'>ott</span> <span class='ocrx_word' id='word_1_257' title='bbox 714 3350 807 3416; x_wconf 66' lang='lat' dir='ltr'>[patim</span> <span class='ocrx_word' id='word_1_258' title='bbox 827 3351 857 3414; x_wconf 76' lang='lat' dir='ltr'>itt</span> <span class='ocrx_word' id='word_1_259' title='bbox 876 3346 981 3414; x_wconf 67' lang='lat' dir='ltr'>urbitio</span> <span class='ocrx_word' id='word_1_260' title='bbox 1000 3351 1113 3415; x_wconf 67' lang='lat' dir='ltr'>insitii),</span> <span class='ocrx_word' id='word_1_261' title='bbox 1132 3352 1184 3402; x_wconf 85' lang='lat' dir='ltr'>uin</span> <span class='ocrx_word' id='word_1_262' title='bbox 1202 3351 1274 3402; x_wconf 75' lang='lat' dir='ltr'>attin</span> <span class='ocrx_word' id='word_1_263' title='bbox 1285 3358 1336 3402; x_wconf 76' lang='grc' dir='ltr'><strong>πεπι</strong></span> <span class='ocrx_word' id='word_1_264' title='bbox 1351 3365 1435 3414; x_wconf 70' lang='lat' dir='ltr'>monto</span> <span class='ocrx_word' id='word_1_265' title='bbox 1448 3351 1666 3418; x_wconf 65' lang='lat' dir='ltr'>[annotandum</span> 
     </span>
    </p>

    <p class='ocr_par' dir='ltr' id='par_1_5' title="bbox 337 3434 1781 3841">
     <span class='ocr_line' id='line_1_26' title="bbox 337 3434 1736 3501; baseline 0.004 -15"><span class='ocrx_word' id='word_1_266' title='bbox 337 3449 364 3487; x_wconf 76' lang='lat' dir='ltr'>aa</span> <span class='ocrx_word' id='word_1_267' title='bbox 376 3447 478 3500; x_wconf 74' lang='lat' dir='ltr'>panum</span> <span class='ocrx_word' id='word_1_268' title='bbox 494 3443 612 3500; x_wconf 74' lang='lat' dir='ltr'>bouum,</span> <span class='ocrx_word' id='word_1_269' title='bbox 634 3438 738 3489; x_wconf 75' lang='lat' dir='ltr'>norunt</span> <span class='ocrx_word' id='word_1_270' title='bbox 757 3438 804 3500; x_wconf 73' lang='lat' dir='ltr'>nin</span> <span class='ocrx_word' id='word_1_271' title='bbox 823 3437 865 3497; x_wconf 68' lang='lat' dir='ltr'>tid&gt;</span> <span class='ocrx_word' id='word_1_272' title='bbox 884 3438 945 3487; x_wconf 72' lang='grc' dir='ltr'><strong>ίεππτ</strong></span> <span class='ocrx_word' id='word_1_273' title='bbox 963 3450 1004 3487; x_wconf 71' lang='grc' dir='ltr'>παπ</span> <span class='ocrx_word' id='word_1_274' title='bbox 1022 3437 1167 3497; x_wconf 69' lang='lat' dir='ltr'>monuerim</span> <span class='ocrx_word' id='word_1_275' title='bbox 1191 3434 1293 3499; x_wconf 64' lang='lat' dir='ltr'>tonitru,</span> <span class='ocrx_word' id='word_1_276' title='bbox 1318 3436 1364 3487; x_wconf 81' lang='lat' dir='ltr'>orit</span> <span class='ocrx_word' id='word_1_277' title='bbox 1387 3440 1460 3487; x_wconf 72' lang='lat' dir='ltr'>nonii</span> <span class='ocrx_word' id='word_1_278' title='bbox 1485 3438 1509 3501; x_wconf 75' lang='lat' dir='ltr'>to</span> <span class='ocrx_word' id='word_1_279' title='bbox 1528 3438 1560 3501; x_wconf 76' lang='lat' dir='ltr'>tit</span> <span class='ocrx_word' id='word_1_280' title='bbox 1578 3440 1736 3496; x_wconf 70' lang='lat' dir='ltr'>nibet-§.ra</span> 
     </span>
     <span class='ocr_line' id='line_1_27' title="bbox 375 3517 1781 3588; baseline 0.003 -16"><span class='ocrx_word' id='word_1_281' title='bbox 375 3522 460 3585; x_wconf 67' lang='lat' dir='ltr'>utorio</span> <span class='ocrx_word' id='word_1_282' title='bbox 479 3523 556 3588; x_wconf 73' lang='lat' dir='ltr'>scint,</span> <span class='ocrx_word' id='word_1_283' title='bbox 573 3530 619 3573; x_wconf 76' lang='lat' dir='ltr'>oto</span> <span class='ocrx_word' id='word_1_284' title='bbox 636 3522 674 3574; x_wconf 77' lang='grc' dir='ltr'>πίε</span> <span class='ocrx_word' id='word_1_285' title='bbox 692 3522 744 3585; x_wconf 74' lang='lat' dir='ltr'>tute</span> <span class='ocrx_word' id='word_1_286' title='bbox 762 3522 856 3585; x_wconf 68' lang='lat' dir='ltr'>ploiart</span> <span class='ocrx_word' id='word_1_287' title='bbox 873 3527 917 3571; x_wconf 81' lang='lat' dir='ltr'>ms</span> <span class='ocrx_word' id='word_1_288' title='bbox 933 3525 1019 3573; x_wconf 65' lang='lat' dir='ltr'>boum?</span> <span class='ocrx_word' id='word_1_289' title='bbox 1036 3523 1059 3571; x_wconf 80' lang='grc' dir='ltr'>π’</span> <span class='ocrx_word' id='word_1_290' title='bbox 1080 3517 1177 3582; x_wconf 69' lang='lat' dir='ltr'>moisio</span> <span class='ocrx_word' id='word_1_291' title='bbox 1196 3520 1258 3581; x_wconf 71' lang='lat' dir='ltr'>iiior</span> <span class='ocrx_word' id='word_1_292' title='bbox 1276 3521 1320 3571; x_wconf 74' lang='lat' dir='ltr'>ott</span> <span class='ocrx_word' id='word_1_293' title='bbox 1338 3530 1412 3583; x_wconf 68' lang='lat' dir='ltr'>ertit,</span> <span class='ocrx_word' id='word_1_294' title='bbox 1432 3524 1471 3572; x_wconf 81' lang='lat' dir='ltr'>oto</span> <span class='ocrx_word' id='word_1_295' title='bbox 1489 3521 1552 3574; x_wconf 70' lang='lat' dir='ltr'>toro</span> <span class='ocrx_word' id='word_1_296' title='bbox 1570 3523 1735 3587; x_wconf 60' lang='lat' dir='ltr'>[deditum</span> <span class='ocrx_word' id='word_1_297' title='bbox 1779 3583 1781 3587; x_wconf 52' lang='grc'>,</span> 
     </span>
     <span class='ocr_line' id='line_1_28' title="bbox 374 3604 1735 3670; baseline 0.004 -13"><span class='ocrx_word' id='word_1_298' title='bbox 374 3605 415 3658; x_wconf 77' lang='lat' dir='ltr'>ini</span> <span class='ocrx_word' id='word_1_299' title='bbox 434 3606 469 3668; x_wconf 82' lang='lat' dir='ltr'>iot</span> <span class='ocrx_word' id='word_1_300' title='bbox 488 3607 512 3670; x_wconf 79' lang='lat' dir='ltr'>to</span> <span class='ocrx_word' id='word_1_301' title='bbox 532 3608 568 3658; x_wconf 84' lang='grc' dir='ltr'>πίι</span> <span class='ocrx_word' id='word_1_302' title='bbox 587 3605 644 3667; x_wconf 74' lang='lat' dir='ltr'>rito</span> <span class='ocrx_word' id='word_1_303' title='bbox 661 3614 705 3658; x_wconf 75' lang='lat' dir='ltr'>ios</span> <span class='ocrx_word' id='word_1_304' title='bbox 721 3606 760 3657; x_wconf 73' lang='lat' dir='ltr'>iit</span> <span class='ocrx_word' id='word_1_305' title='bbox 777 3604 901 3668; x_wconf 71' lang='lat' dir='ltr'>noturus</span> <span class='ocrx_word' id='word_1_306' title='bbox 921 3604 1005 3669; x_wconf 70' lang='lat' dir='ltr'>troili</span> <span class='ocrx_word' id='word_1_307' title='bbox 1025 3615 1104 3656; x_wconf 80' lang='lat' dir='ltr'>‹tuttt</span> <span class='ocrx_word' id='word_1_308' title='bbox 1124 3609 1199 3656; x_wconf 70' lang='lat' dir='ltr'>uero?</span> <span class='ocrx_word' id='word_1_309' title='bbox 1218 3606 1257 3656; x_wconf 84' lang='lat' dir='ltr'>uir</span> <span class='ocrx_word' id='word_1_310' title='bbox 1276 3611 1350 3655; x_wconf 73' lang='grc' dir='ltr'><strong>πηπεπ</strong></span> <span class='ocrx_word' id='word_1_311' title='bbox 1369 3605 1462 3667; x_wconf 78' lang='lat' dir='ltr'>trudit,</span> <span class='ocrx_word' id='word_1_312' title='bbox 1483 3611 1547 3657; x_wconf 75' lang='lat' dir='ltr'>otoo</span> <span class='ocrx_word' id='word_1_313' title='bbox 1566 3621 1614 3658; x_wconf 72' lang='lat' dir='ltr'>nott</span> <span class='ocrx_word' id='word_1_314' title='bbox 1628 3608 1735 3670; x_wconf 65' lang='lat' dir='ltr'>hisnu.</span> 
     </span>
     <span class='ocr_line' id='line_1_29' title="bbox 374 3689 1666 3754; baseline 0.002 -13"><span class='ocrx_word' id='word_1_315' title='bbox 374 3689 531 3754; x_wconf 65' lang='lat' dir='ltr'>itontjoitno</span> <span class='ocrx_word' id='word_1_316' title='bbox 550 3694 601 3754; x_wconf 81' lang='lat' dir='ltr'>horr</span> <span class='ocrx_word' id='word_1_317' title='bbox 621 3689 717 3754; x_wconf 67' lang='lat' dir='ltr'>arnobi,</span> <span class='ocrx_word' id='word_1_318' title='bbox 740 3696 789 3741; x_wconf 75' lang='lat' dir='ltr'>ono</span> <span class='ocrx_word' id='word_1_319' title='bbox 810 3692 910 3752; x_wconf 71' lang='lat' dir='ltr'>hornan</span> <span class='ocrx_word' id='word_1_320' title='bbox 935 3690 1008 3740; x_wconf 76' lang='grc' dir='ltr'><strong>ιπίπιτ</strong></span> <span class='ocrx_word' id='word_1_321' title='bbox 1031 3690 1058 3740; x_wconf 89' lang='lat' dir='ltr'>in</span> <span class='ocrx_word' id='word_1_322' title='bbox 1082 3689 1183 3751; x_wconf 70' lang='lat' dir='ltr'>intorto</span> <span class='ocrx_word' id='word_1_323' title='bbox 1206 3690 1266 3752; x_wconf 70' lang='lat' dir='ltr'>teht,</span> <span class='ocrx_word' id='word_1_324' title='bbox 1288 3697 1332 3741; x_wconf 76' lang='lat' dir='ltr'>itu</span> <span class='ocrx_word' id='word_1_325' title='bbox 1357 3689 1474 3740; x_wconf 78' lang='lat' dir='ltr'>humum</span> <span class='ocrx_word' id='word_1_326' title='bbox 1493 3690 1526 3753; x_wconf 74' lang='lat' dir='ltr'>tit</span> <span class='ocrx_word' id='word_1_327' title='bbox 1543 3691 1617 3743; x_wconf 74' lang='lat' dir='ltr'>niort</span> <span class='ocrx_word' id='word_1_328' title='bbox 1632 3704 1666 3745; x_wconf 84' lang='lat' dir='ltr'>oo</span> 
     </span>
     <span class='ocr_line' id='line_1_30' title="bbox 371 3765 1735 3841; baseline 0.004 -17"><span class='ocrx_word' id='word_1_329' title='bbox 371 3780 450 3826; x_wconf 74' lang='lat' dir='ltr'>boton</span> <span class='ocrx_word' id='word_1_330' title='bbox 469 3775 500 3836; x_wconf 73' lang='lat' dir='ltr'>idi</span> <span class='ocrx_word' id='word_1_331' title='bbox 519 3775 576 3826; x_wconf 76' lang='lat' dir='ltr'>itin</span> <span class='ocrx_word' id='word_1_332' title='bbox 592 3773 684 3838; x_wconf 72' lang='lat' dir='ltr'>nortio</span> <span class='ocrx_word' id='word_1_333' title='bbox 703 3775 755 3838; x_wconf 78' lang='lat' dir='ltr'>hob.</span> <span class='ocrx_word' id='word_1_334' title='bbox 791 3774 901 3838; x_wconf 61' lang='lat' dir='ltr'>§oront</span> <span class='ocrx_word' id='word_1_335' title='bbox 920 3775 954 3837; x_wconf 78' lang='lat' dir='ltr'>tot</span> <span class='ocrx_word' id='word_1_336' title='bbox 973 3771 1013 3827; x_wconf 81' lang='lat' dir='ltr'>nri</span> <span class='ocrx_word' id='word_1_337' title='bbox 1031 3771 1088 3838; x_wconf 71' lang='lat' dir='ltr'>theo</span> <span class='ocrx_word' id='word_1_338' title='bbox 1107 3782 1155 3826; x_wconf 81' lang='grc' dir='ltr'>πππ</span> <span class='ocrx_word' id='word_1_339' title='bbox 1173 3774 1266 3826; x_wconf 67' lang='lat' dir='ltr'>trioni</span> <span class='ocrx_word' id='word_1_340' title='bbox 1290 3775 1330 3826; x_wconf 86' lang='lat' dir='ltr'>oir</span> <span class='ocrx_word' id='word_1_341' title='bbox 1350 3765 1381 3837; x_wconf 72' lang='lat' dir='ltr'>pt</span> <span class='ocrx_word' id='word_1_342' title='bbox 1404 3774 1441 3825; x_wconf 81' lang='lat' dir='ltr'>ott</span> <span class='ocrx_word' id='word_1_343' title='bbox 1462 3779 1507 3826; x_wconf 73' lang='lat' dir='ltr'>bos</span> <span class='ocrx_word' id='word_1_344' title='bbox 1522 3782 1563 3827; x_wconf 75' lang='lat' dir='ltr'>ott</span> <span class='ocrx_word' id='word_1_345' title='bbox 1580 3781 1735 3841; x_wconf 62' lang='lat' dir='ltr'>montaluo.</span> 
     </span>
    </p>

    <p class='ocr_par' dir='ltr' id='par_1_6' title="bbox 337 3853 1735 4009">
     <span class='ocr_line' id='line_1_31' title="bbox 337 3853 1666 3925; baseline 0.002 -14"><span class='ocrx_word' id='word_1_346' title='bbox 337 3870 364 3911; x_wconf 85' lang='lat' dir='ltr'>so</span> <span class='ocrx_word' id='word_1_347' title='bbox 375 3859 416 3920; x_wconf 77' lang='lat' dir='ltr'>ott</span> <span class='ocrx_word' id='word_1_348' title='bbox 435 3859 559 3922; x_wconf 66' lang='lat' dir='ltr'>achinoen</span> <span class='ocrx_word' id='word_1_349' title='bbox 579 3865 639 3910; x_wconf 72' lang='lat' dir='ltr'>rotro</span> <span class='ocrx_word' id='word_1_350' title='bbox 657 3873 690 3912; x_wconf 84' lang='lat' dir='ltr'>oo</span> <span class='ocrx_word' id='word_1_351' title='bbox 709 3859 797 3923; x_wconf 71' lang='lat' dir='ltr'>[tinem</span> <span class='ocrx_word' id='word_1_352' title='bbox 814 3866 925 3923; x_wconf 69' lang='lat' dir='ltr'>onumen,</span> <span class='ocrx_word' id='word_1_353' title='bbox 945 3867 992 3910; x_wconf 78' lang='lat' dir='ltr'>oni</span> <span class='ocrx_word' id='word_1_354' title='bbox 1008 3859 1046 3910; x_wconf 74' lang='lat' dir='ltr'>iic</span> <span class='ocrx_word' id='word_1_355' title='bbox 1062 3866 1107 3910; x_wconf 75' lang='grc' dir='ltr'>πεί</span> <span class='ocrx_word' id='word_1_356' title='bbox 1120 3868 1202 3921; x_wconf 68' lang='lat' dir='ltr'>anum</span> <span class='ocrx_word' id='word_1_357' title='bbox 1220 3853 1256 3913; x_wconf 80' lang='lat' dir='ltr'>oi</span> <span class='ocrx_word' id='word_1_358' title='bbox 1273 3860 1328 3920; x_wconf 73' lang='lat' dir='ltr'>noh</span> <span class='ocrx_word' id='word_1_359' title='bbox 1340 3858 1481 3923; x_wconf 68' lang='lat' dir='ltr'>[quadran</span> <span class='ocrx_word' id='word_1_360' title='bbox 1494 3858 1540 3911; x_wconf 78' lang='lat' dir='ltr'>hii</span> <span class='ocrx_word' id='word_1_361' title='bbox 1553 3859 1666 3925; x_wconf 64' lang='lat' dir='ltr'>tuncn-</span> 
     </span>
     <span class='ocr_line' id='line_1_32' title="bbox 373 3935 1735 4009; baseline -0.001 -17"><span class='ocrx_word' id='word_1_362' title='bbox 373 3942 552 4004; x_wconf 71' lang='lat' dir='ltr'>stoctonam</span> <span class='ocrx_word' id='word_1_363' title='bbox 572 3951 640 3995; x_wconf 75' lang='lat' dir='ltr'>nono</span> <span class='ocrx_word' id='word_1_364' title='bbox 658 3945 698 3995; x_wconf 85' lang='lat' dir='ltr'>nir</span> <span class='ocrx_word' id='word_1_365' title='bbox 722 3945 905 3996; x_wconf 68' lang='lat' dir='ltr'>subiturum.</span> <span class='ocrx_word' id='word_1_366' title='bbox 940 3944 1049 4008; x_wconf 72' lang='lat' dir='ltr'>minino</span> <span class='ocrx_word' id='word_1_367' title='bbox 1072 3944 1152 4009; x_wconf 69' lang='lat' dir='ltr'>[paint</span> <span class='ocrx_word' id='word_1_368' title='bbox 1173 3950 1215 3995; x_wconf 76' lang='lat' dir='ltr'>ott</span> <span class='ocrx_word' id='word_1_369' title='bbox 1239 3943 1284 3996; x_wconf 70' lang='lat' dir='ltr'>trib</span> <span class='ocrx_word' id='word_1_370' title='bbox 1308 3935 1600 4006; x_wconf 69' lang='lat' dir='ltr'>nimpt3i1mirtiedm</span> <span class='ocrx_word' id='word_1_371' title='bbox 1618 3950 1735 4000; x_wconf 72' lang='lat' dir='ltr'>onitas,</span> 
     </span>
    </p>
   </div>
   <div class='ocr_carea' id='block_1_5' title="bbox 440 4177 1666 4245">
    <p class='ocr_par' dir='ltr' id='par_1_7' title="bbox 440 4177 1666 4245">
     <span class='ocr_line' id='line_1_33' title="bbox 440 4177 1666 4245; baseline 0.003 -15"><span class='ocrx_word' id='word_1_372' title='bbox 440 4179 574 4243; x_wconf 81' lang='lat' dir='ltr'>³oodem]</span> <span class='ocrx_word' id='word_1_373' title='bbox 595 4180 672 4231; x_wconf 77' lang='lat' dir='ltr'>Paul.</span> <span class='ocrx_word' id='word_1_374' title='bbox 688 4182 709 4230; x_wconf 87' lang='grc' dir='ltr'>Ι.</span> <span class='ocrx_word' id='word_1_375' title='bbox 723 4179 764 4230; x_wconf 81' lang='grc'>73.</span> <span class='ocrx_word' id='word_1_376' title='bbox 817 4179 989 4230; x_wconf 69' lang='lat' dir='ltr'>thvieenna</span> <span class='ocrx_word' id='word_1_377' title='bbox 1007 4182 1031 4230; x_wconf 85' lang='lat'>8.</span> <span class='ocrx_word' id='word_1_378' title='bbox 1041 4183 1082 4228; x_wconf 83' lang='lat'>10.</span> <span class='ocrx_word' id='word_1_379' title='bbox 1136 4180 1285 4229; x_wconf 83' lang='lat' dir='ltr'>emirctoris</span> <span class='ocrx_word' id='word_1_380' title='bbox 1305 4182 1330 4229; x_wconf 85' lang='lat'>3.</span> <span class='ocrx_word' id='word_1_381' title='bbox 1387 4177 1488 4245; x_wconf 74' lang='lat' dir='ltr'>⁷Cio]</span> <span class='ocrx_word' id='word_1_382' title='bbox 1508 4180 1541 4229; x_wconf 86' lang='lat' dir='ltr'>de</span> <span class='ocrx_word' id='word_1_383' title='bbox 1560 4187 1666 4234; x_wconf 82' lang='lat' dir='ltr'>senect.</span> 
     </span>
    </p>
   </div>
   <div class='ocr_carea' id='block_1_6' title="bbox 260 4260 1666 4332">
    <p class='ocr_par' dir='ltr' id='par_1_8' title="bbox 260 4260 1666 4332">
     <span class='ocr_line' id='line_1_34' title="bbox 260 4260 1666 4332; baseline 0.006 -23"><span class='ocrx_word' id='word_1_384' title='bbox 260 4292 273 4309; x_wconf 84' lang='lat'>.</span> <span class='ocrx_word' id='word_1_385' title='bbox 375 4265 450 4326; x_wconf 56' lang='lat' dir='ltr'>lips.</span> <span class='ocrx_word' id='word_1_386' title='bbox 504 4262 670 4332; x_wconf 77' lang='lat' dir='ltr'>⁹Xen0ph.]</span> <span class='ocrx_word' id='word_1_387' title='bbox 691 4268 703 4313; x_wconf 80' lang='lat' dir='ltr'>i</span> <span class='ocrx_word' id='word_1_388' title='bbox 722 4265 817 4314; x_wconf 82' lang='lat' dir='ltr'>Simile</span> <span class='ocrx_word' id='word_1_389' title='bbox 836 4266 900 4329; x_wconf 92' lang='lat' dir='ltr'>quid</span> <span class='ocrx_word' id='word_1_390' title='bbox 919 4265 1049 4315; x_wconf 80' lang='lat' dir='ltr'>Socrates</span> <span class='ocrx_word' id='word_1_391' title='bbox 1068 4266 1096 4313; x_wconf 91' lang='lat' dir='ltr'>in</span> <span class='ocrx_word' id='word_1_392' title='bbox 1115 4260 1666 4329; x_wconf 67' lang='lat' dir='ltr'>Xenoph.memorabb.11.l.„latest</span> 
     </span>
    </p>
   </div>
   <div class='ocr_carea' id='block_1_7' title="bbox 370 4339 1667 5073">
    <p class='ocr_par' dir='ltr' id='par_1_9' title="bbox 370 4339 1667 5073">
     <span class='ocr_line' id='line_1_35' title="bbox 371 4339 1666 4416; baseline 0.002 -17"><span class='ocrx_word' id='word_1_393' title='bbox 371 4353 432 4408; x_wconf 77' lang='grc' dir='ltr'><strong><em>τοῖς</em></strong></span> <span class='ocrx_word' id='word_1_394' title='bbox 450 4344 503 4415; x_wconf 68' lang='grc' dir='ltr'>μὲν</span> <span class='ocrx_word' id='word_1_395' title='bbox 521 4341 600 4416; x_wconf 74' lang='grc' dir='ltr'>ἐμοῖς</span> <span class='ocrx_word' id='word_1_396' title='bbox 619 4350 714 4415; x_wconf 78' lang='grc' dir='ltr'>φίλοις</span> <span class='ocrx_word' id='word_1_397' title='bbox 732 4340 819 4414; x_wconf 79' lang='grc' dir='ltr'><em>ἡδεῖα</em></span> <span class='ocrx_word' id='word_1_398' title='bbox 836 4343 889 4414; x_wconf 64' lang='grc' dir='ltr'>μὲν</span> <span class='ocrx_word' id='word_1_399' title='bbox 907 4347 956 4400; x_wconf 72' lang='grc' dir='ltr'>καὶ</span> <span class='ocrx_word' id='word_1_400' title='bbox 974 4341 1131 4415; x_wconf 74' lang='grc' dir='ltr'>ἀπράγμων</span> <span class='ocrx_word' id='word_1_401' title='bbox 1148 4349 1233 4400; x_wconf 77' lang='grc' dir='ltr'><strong>σίτων</strong></span> <span class='ocrx_word' id='word_1_402' title='bbox 1245 4346 1294 4400; x_wconf 78' lang='grc' dir='ltr'>καί</span> <span class='ocrx_word' id='word_1_403' title='bbox 1307 4347 1402 4400; x_wconf 78' lang='grc' dir='ltr'><strong>ποτῶν</strong></span> <span class='ocrx_word' id='word_1_404' title='bbox 1413 4339 1582 4408; x_wconf 70' lang='lat' dir='ltr'>uindicasse·</span> <span class='ocrx_word' id='word_1_405' title='bbox 1602 4342 1666 4402; x_wconf 71' lang='lat' dir='ltr'>dvl-</span> 
     </span>
     <span class='ocr_line' id='line_1_36' title="bbox 372 4423 1666 4500; baseline -0.001 -15"><span class='ocrx_word' id='word_1_406' title='bbox 372 4450 472 4499; x_wconf 77' lang='grc' dir='ltr'><strong><em>χονται</em></strong></span> <span class='ocrx_word' id='word_1_407' title='bbox 490 4427 544 4499; x_wconf 77' lang='grc' dir='ltr'>γὰρ</span> <span class='ocrx_word' id='word_1_408' title='bbox 562 4431 614 4494; x_wconf 75' lang='grc' dir='ltr'>ἕως</span> <span class='ocrx_word' id='word_1_409' title='bbox 637 4423 674 4484; x_wconf 71' lang='grc' dir='ltr'>ἂν</span> <span class='ocrx_word' id='word_1_410' title='bbox 697 4425 912 4499; x_wconf 72' lang='grc' dir='ltr'>ἐπιθυμήσωσιν</span> <span class='ocrx_word' id='word_1_411' title='bbox 930 4424 1031 4484; x_wconf 76' lang='grc' dir='ltr'><strong><em>αὐτῶν.</em></strong></span> <span class='ocrx_word' id='word_1_412' title='bbox 1052 4439 1081 4482; x_wconf 84' lang='lat' dir='ltr'>et</span> <span class='ocrx_word' id='word_1_413' title='bbox 1099 4432 1205 4482; x_wconf 89' lang='lat'>111.11.</span> <span class='ocrx_word' id='word_1_414' title='bbox 1224 4423 1291 4497; x_wconf 79' lang='grc' dir='ltr'><strong><em>ὁρᾷς</em></strong></span> <span class='ocrx_word' id='word_1_415' title='bbox 1310 4427 1377 4498; x_wconf 78' lang='grc' dir='ltr'>γὰρ,</span> <span class='ocrx_word' id='word_1_416' title='bbox 1395 4423 1440 4485; x_wconf 80' lang='grc' dir='ltr'>ὅτι</span> <span class='ocrx_word' id='word_1_417' title='bbox 1458 4430 1507 4484; x_wconf 78' lang='grc' dir='ltr'>καί</span> <span class='ocrx_word' id='word_1_418' title='bbox 1525 4433 1581 4484; x_wconf 80' lang='grc' dir='ltr'>τῶν</span> <span class='ocrx_word' id='word_1_419' title='bbox 1598 4433 1666 4500; x_wconf 69' lang='lat' dir='ltr'>tipo·</span> 
     </span>
     <span class='ocr_line' id='line_1_37' title="bbox 371 4507 1666 4584; baseline 0.002 -16"><span class='ocrx_word' id='word_1_420' title='bbox 371 4510 468 4582; x_wconf 77' lang='grc' dir='ltr'><strong><em>μάτων</em></strong></span> <span class='ocrx_word' id='word_1_421' title='bbox 487 4511 522 4568; x_wconf 77' lang='grc' dir='ltr'>τὰ</span> <span class='ocrx_word' id='word_1_422' title='bbox 540 4507 653 4584; x_wconf 77' lang='grc' dir='ltr'><em>ἥδιστα,</em></span> <span class='ocrx_word' id='word_1_423' title='bbox 673 4509 725 4569; x_wconf 80' lang='grc' dir='ltr'>ε’ἂν</span> <span class='ocrx_word' id='word_1_424' title='bbox 742 4511 795 4583; x_wconf 79' lang='grc' dir='ltr'>μέν</span> <span class='ocrx_word' id='word_1_425' title='bbox 814 4535 855 4576; x_wconf 83' lang='grc' dir='ltr'>τις</span> <span class='ocrx_word' id='word_1_426' title='bbox 874 4513 1019 4584; x_wconf 80' lang='grc' dir='ltr'>προςφέρῃ</span> <span class='ocrx_word' id='word_1_427' title='bbox 1031 4515 1099 4582; x_wconf 78' lang='grc' dir='ltr'>πρὶν</span> <span class='ocrx_word' id='word_1_428' title='bbox 1113 4512 1278 4582; x_wconf 72' lang='grc' dir='ltr'>ἐπιθυμεῖν,</span> <span class='ocrx_word' id='word_1_429' title='bbox 1298 4508 1374 4582; x_wconf 77' lang='grc' dir='ltr'>ἀηδῆ</span> <span class='ocrx_word' id='word_1_430' title='bbox 1389 4515 1536 4581; x_wconf 83' lang='grc' dir='ltr'><em>φαίνεται,</em></span> <span class='ocrx_word' id='word_1_431' title='bbox 1555 4533 1666 4583; x_wconf 75' lang='grc' dir='ltr'><strong><em>κεκορε-</em></strong></span> 
     </span>
     <span class='ocr_line' id='line_1_38' title="bbox 371 4591 1664 4668; baseline 0.002 -16"><span class='ocrx_word' id='word_1_432' title='bbox 371 4597 484 4667; x_wconf 75' lang='grc' dir='ltr'>σμένοις</span> <span class='ocrx_word' id='word_1_433' title='bbox 493 4597 525 4654; x_wconf 73' lang='grc' dir='ltr'>δὲ</span> <span class='ocrx_word' id='word_1_434' title='bbox 537 4601 586 4654; x_wconf 79' lang='grc' dir='ltr'>καὶ</span> <span class='ocrx_word' id='word_1_435' title='bbox 598 4601 773 4668; x_wconf 77' lang='grc' dir='ltr'>βδελυγμίαν</span> <span class='ocrx_word' id='word_1_436' title='bbox 786 4597 917 4668; x_wconf 77' lang='grc' dir='ltr'>παρέχει·</span> <span class='ocrx_word' id='word_1_437' title='bbox 932 4595 984 4653; x_wconf 74' lang='grc' dir='ltr'>ἐὰν</span> <span class='ocrx_word' id='word_1_438' title='bbox 996 4597 1029 4653; x_wconf 78' lang='grc' dir='ltr'>δέ</span> <span class='ocrx_word' id='word_1_439' title='bbox 1042 4619 1084 4661; x_wconf 79' lang='grc' dir='ltr'>τις</span> <span class='ocrx_word' id='word_1_440' title='bbox 1097 4597 1242 4667; x_wconf 78' lang='grc' dir='ltr'>προςφέρῃ</span> <span class='ocrx_word' id='word_1_441' title='bbox 1254 4593 1336 4665; x_wconf 75' lang='grc' dir='ltr'><strong><em>λιμὸν</em></strong></span> <span class='ocrx_word' id='word_1_442' title='bbox 1349 4591 1515 4666; x_wconf 74' lang='grc' dir='ltr'>ἐμποιήσας,</span> <span class='ocrx_word' id='word_1_443' title='bbox 1522 4591 1578 4652; x_wconf 74' lang='grc' dir='ltr'>κᾶν</span> <span class='ocrx_word' id='word_1_444' title='bbox 1591 4617 1664 4665; x_wconf 81' lang='grc' dir='ltr'><strong><em>φαυ-</em></strong></span> 
     </span>
     <span class='ocr_line' id='line_1_39' title="bbox 372 4673 1667 4752; baseline 0.002 -16"><span class='ocrx_word' id='word_1_445' title='bbox 372 4679 473 4750; x_wconf 69' lang='grc' dir='ltr'><strong><em>λότερα</em></strong></span> <span class='ocrx_word' id='word_1_446' title='bbox 492 4673 518 4751; x_wconf 76' lang='grc' dir='ltr'>ᾖ,</span> <span class='ocrx_word' id='word_1_447' title='bbox 538 4678 616 4738; x_wconf 77' lang='grc' dir='ltr'>πάνυ</span> <span class='ocrx_word' id='word_1_448' title='bbox 635 4677 709 4752; x_wconf 78' lang='grc' dir='ltr'><strong><em>ἡδέα</em></strong></span> <span class='ocrx_word' id='word_1_449' title='bbox 728 4686 894 4751; x_wconf 79' lang='grc' dir='ltr'>φαίνεται”.</span> <span class='ocrx_word' id='word_1_450' title='bbox 913 4687 1049 4738; x_wconf 77' lang='lat' dir='ltr'>ef.1v.5.</span> <span class='ocrx_word' id='word_1_451' title='bbox 1098 4702 1175 4751; x_wconf 81' lang='lat' dir='ltr'>cqne.</span> <span class='ocrx_word' id='word_1_452' title='bbox 1190 4691 1215 4735; x_wconf 89' lang='lat'>2.</span> <span class='ocrx_word' id='word_1_453' title='bbox 1264 4685 1285 4717; x_wconf 85' lang='lat'>¹⁰</span> <span class='ocrx_word' id='word_1_454' title='bbox 1304 4682 1415 4750; x_wconf 77' lang='lat' dir='ltr'>Galen]</span> <span class='ocrx_word' id='word_1_455' title='bbox 1437 4685 1470 4733; x_wconf 86' lang='lat' dir='ltr'>de</span> <span class='ocrx_word' id='word_1_456' title='bbox 1489 4688 1667 4738; x_wconf 70' lang='lat' dir='ltr'>saumones</span> 
     </span>
     <span class='ocr_line' id='line_1_40' title="bbox 371 4766 1665 4837; baseline 0.004 -20"><span class='ocrx_word' id='word_1_457' title='bbox 371 4772 403 4819; x_wconf 91' lang='lat' dir='ltr'>V.</span> <span class='ocrx_word' id='word_1_458' title='bbox 420 4770 460 4819; x_wconf 81' lang='lat'>12.</span> <span class='ocrx_word' id='word_1_459' title='bbox 514 4770 534 4803; x_wconf 77' lang='lat'>¹⁶</span> <span class='ocrx_word' id='word_1_460' title='bbox 552 4770 636 4836; x_wconf 76' lang='lat' dir='ltr'>Plin]</span> <span class='ocrx_word' id='word_1_461' title='bbox 649 4772 685 4822; x_wconf 92' lang='lat' dir='ltr'>H.</span> <span class='ocrx_word' id='word_1_462' title='bbox 699 4773 731 4821; x_wconf 90' lang='lat' dir='ltr'>N.</span> <span class='ocrx_word' id='word_1_463' title='bbox 746 4772 792 4820; x_wconf 86' lang='lat' dir='ltr'>XI.</span> <span class='ocrx_word' id='word_1_464' title='bbox 806 4769 848 4820; x_wconf 82' lang='lat'>53.</span> <span class='ocrx_word' id='word_1_465' title='bbox 862 4776 930 4819; x_wconf 84' lang='lat' dir='ltr'>sect.</span> <span class='ocrx_word' id='word_1_466' title='bbox 947 4770 1003 4822; x_wconf 82' lang='lat' dir='ltr'>llll.</span> <span class='ocrx_word' id='word_1_467' title='bbox 1058 4770 1079 4804; x_wconf 71' lang='lat'>¹⁸</span> <span class='ocrx_word' id='word_1_468' title='bbox 1098 4770 1142 4837; x_wconf 77' lang='lat' dir='ltr'>ac]</span> <span class='ocrx_word' id='word_1_469' title='bbox 1160 4776 1188 4821; x_wconf 84' lang='lat' dir='ltr'>et</span> <span class='ocrx_word' id='word_1_470' title='bbox 1202 4772 1265 4821; x_wconf 84' lang='lat' dir='ltr'>Ptin.</span> <span class='ocrx_word' id='word_1_471' title='bbox 1319 4766 1391 4835; x_wconf 74' lang='lat' dir='ltr'>cie]</span> <span class='ocrx_word' id='word_1_472' title='bbox 1411 4769 1446 4818; x_wconf 87' lang='lat' dir='ltr'>de</span> <span class='ocrx_word' id='word_1_473' title='bbox 1464 4775 1569 4819; x_wconf 81' lang='lat' dir='ltr'>sanent.</span> <span class='ocrx_word' id='word_1_474' title='bbox 1586 4770 1665 4835; x_wconf 64' lang='lat' dir='ltr'>luo.</span> 
     </span>
     <span class='ocr_line' id='line_1_41' title="bbox 372 4854 1665 4922; baseline 0.004 -19"><span class='ocrx_word' id='word_1_475' title='bbox 372 4871 452 4918; x_wconf 88' lang='lat' dir='ltr'>quem</span> <span class='ocrx_word' id='word_1_476' title='bbox 471 4854 560 4905; x_wconf 90' lang='lat' dir='ltr'>locum</span> <span class='ocrx_word' id='word_1_477' title='bbox 579 4872 662 4922; x_wconf 80' lang='lat' dir='ltr'>supra</span> <span class='ocrx_word' id='word_1_478' title='bbox 680 4874 706 4922; x_wconf 92' lang='lat' dir='ltr'>p.</span> <span class='ocrx_word' id='word_1_479' title='bbox 721 4855 779 4905; x_wconf 78' lang='lat'>468.</span> <span class='ocrx_word' id='word_1_480' title='bbox 794 4856 983 4921; x_wconf 84' lang='lat' dir='ltr'>repetivimus.</span> <span class='ocrx_word' id='word_1_481' title='bbox 1030 4854 1050 4886; x_wconf 76' lang='lat'>¹⁹</span> <span class='ocrx_word' id='word_1_482' title='bbox 1069 4857 1169 4906; x_wconf 78' lang='lat' dir='ltr'>mentis</span> <span class='ocrx_word' id='word_1_483' title='bbox 1188 4855 1368 4920; x_wconf 82' lang='lat' dir='ltr'>sequentibus</span> <span class='ocrx_word' id='word_1_484' title='bbox 1380 4870 1405 4918; x_wconf 92' lang='lat' dir='ltr'>p.</span> <span class='ocrx_word' id='word_1_485' title='bbox 1420 4857 1445 4902; x_wconf 88' lang='lat'>2.</span> <span class='ocrx_word' id='word_1_486' title='bbox 1492 4854 1627 4906; x_wconf 78' lang='lat' dir='ltr'>violentis</span> <span class='ocrx_word' id='word_1_487' title='bbox 1639 4861 1665 4908; x_wconf 84' lang='lat'>2.</span> 
     </span>
     <span class='ocr_line' id='line_1_42' title="bbox 370 4937 1666 5005; baseline 0.002 -16"><span class='ocrx_word' id='word_1_488' title='bbox 370 4939 393 4971; x_wconf 80' lang='lat'>²³</span> <span class='ocrx_word' id='word_1_489' title='bbox 413 4937 499 5004; x_wconf 79' lang='lat' dir='ltr'>Cels]</span> <span class='ocrx_word' id='word_1_490' title='bbox 519 4941 618 4990; x_wconf 86' lang='lat' dir='ltr'>medic.</span> <span class='ocrx_word' id='word_1_491' title='bbox 633 4942 654 4990; x_wconf 91' lang='lat' dir='ltr'>l.</span> <span class='ocrx_word' id='word_1_492' title='bbox 669 4938 693 4990; x_wconf 84' lang='lat'>3.</span> <span class='ocrx_word' id='word_1_493' title='bbox 709 4941 736 4989; x_wconf 91' lang='lat' dir='ltr'>in</span> <span class='ocrx_word' id='word_1_494' title='bbox 757 4940 819 4989; x_wconf 86' lang='lat' dir='ltr'>line.</span> <span class='ocrx_word' id='word_1_495' title='bbox 839 4941 944 5004; x_wconf 84' lang='lat' dir='ltr'>priores</span> <span class='ocrx_word' id='word_1_496' title='bbox 969 4941 1071 5004; x_wconf 86' lang='lat' dir='ltr'>capitis</span> <span class='ocrx_word' id='word_1_497' title='bbox 1095 4943 1189 5004; x_wconf 83' lang='lat' dir='ltr'>partes</span> <span class='ocrx_word' id='word_1_498' title='bbox 1213 4940 1246 4989; x_wconf 90' lang='lat' dir='ltr'>de</span> <span class='ocrx_word' id='word_1_499' title='bbox 1270 4939 1332 4988; x_wconf 84' lang='lat' dir='ltr'>aliis</span> <span class='ocrx_word' id='word_1_500' title='bbox 1351 4938 1500 4988; x_wconf 80' lang='lat' dir='ltr'>diaeteticis</span> <span class='ocrx_word' id='word_1_501' title='bbox 1518 4941 1666 5005; x_wconf 62' lang='lat' dir='ltr'>praeceptis</span> 
     </span>
     <span class='ocr_line' id='line_1_43' title="bbox 370 5028 503 5073; baseline -0.008 0"><span class='ocrx_word' id='word_1_502' title='bbox 370 5028 503 5073; x_wconf 76' lang='lat' dir='ltr'>tractant.</span> 
     </span>
    </p>
   </div>
   <div class='ocr_carea' id='block_1_8' title="bbox 0 0 2167 6052">
    <p class='ocr_par' dir='ltr' id='par_1_10' title="bbox 0 0 2167 6052">
     <span class='ocr_line' id='line_1_44' title="bbox 0 0 2167 6052; baseline 0 0"><span class='ocrx_word' id='word_1_503' title='bbox 0 0 2167 6052; x_wconf 95' lang='lat' dir='ltr'> </span> 
     </span>
    </p>
   </div>
  </div>
 </body>
</html>
