4300 6059
361 710 487 747 numni
496 709 534 747 ΔΙ)
543 710 690 746 nstitutus
704 711 831 748 unnmr
844 712 955 748 BELLW
968 713 1067 749 TYRCIS
1081 712 1220 765 inquunt*
1233 711 1456 747 ΕΧΗΟΒΤΑΤΟΒΙΔ.
1471 693 1554 760 (1518.)
1577 682 1642 754 ¹2¹

311 868 421 946 giam
443 864 518 928 ultra
541 866 670 929 medium
693 884 811 946 quoque
832 866 983 945 perductis
1011 867 1206 946 colophonem
1232 867 1384 945 imponere
1414 885 1448 927 ac
1475 886 1562 929 omne
1584 874 1648 928 tan·

362 969 429 1029 dem
445 967 599 1030 absolvere
613 969 780 1047 negotium;
804 969 861 1028 nisi
876 956 977 1045 adhud]
994 967 1134 1030 dubitatis
1156 987 1230 1048 quos
1251 969 1372 1047 spiritus
1394 975 1461 1046 agat
1475 968 1523 1030 ille
1538 975 1581 1028 tot
1595 987 1648 1030 na·

361 1071 474 1132 donum
497 1071 589 1131 vietor
611 1070 739 1139 iuvenis,
761 1076 821 1131 tam
835 1072 1001 1134 numerosis
1016 1073 1124 1150 copiis,
1147 1075 1228 1132 tanto
1243 1088 1331 1141 auro,
1353 1077 1413 1151 tam
1428 1071 1539 1150 paratis
1553 1072 1648 1132 omni·

360 1171 418 1233 bus
447 1179 549 1233 eontra
578 1190 631 1232 nos
658 1173 828 1234 instructus.
873 1173 930 1234 Sed
958 1181 991 1234 ut
1011 1171 1059 1233 ille
1081 1173 1235 1251 magnifice
1257 1172 1368 1241 omnia,
1398 1172 1531 1250 quaedam
1554 1173 1714 1235 etiamtsn.

334 1287 425 1335 enon
448 1274 676 1353 prudentissime
698 1273 752 1336 sibi
775 1276 928 1353 proponit,
951 1276 990 1335 ita
1013 1275 1115 1355 sissper
1138 1292 1187 1334 vos
1202 1273 1285 1343 licet,
1308 1275 1410 1334 statim
1428 1292 1515 1336 onvue
1530 1294 1547 1335 a
1562 1274 1648 1336 uobis

359 1374 524 1455 periculum
546 1374 742 1456 depellemus:
756 1384 872 1454 'magno
895 1376 987 1437 fateor
1007 1350 1127 1455 nffibtio
1150 1374 1282 1439 evellitur
1296 1393 1406 1436 annosa
1428 1375 1518 1437 arbor
1540 1383 1569 1437 et
1583 1394 1648 1456 qum

360 1480 418 1539 ianr
441 1476 580 1539 altissime
602 1496 670 1539 suas
691 1478 753 1539 livit
775 1477 905 1546 radices;
930 1476 1061 1540 evellitur
1083 1485 1197 1538 tamen:
1226 1480 1267 1539 sic
1290 1478 1394 1539 'l'urcae
1416 1494 1583 1558 quanquam
1605 1477 1647 1545 la·

359 1581 472 1667 timime
499 1581 645 1658 imperant
672 1598 706 1640 ac
736 1581 766 1640 in
795 1598 897 1641 omnes
925 1581 1114 1669 necessitates
1145 1579 1261 1646 abunde
1288 1581 1464 1643 instructum
1487 1581 1646 1642 exereitum

359 1680 489 1752 ducunt,
517 1680 670 1743 vincibiles
698 1688 795 1751 tamen
823 1690 905 1749 sunt;
935 1689 965 1742 et
991 1683 1046 1742 nisi
1073 1700 1121 1743 me
1150 1683 1245 1743 anania
1268 1680 1380 1752 fallant,
1408 1700 1467 1742 non
1490 1681 1646 1743 difficulter

273 1840 276 1846 .
328 1783 465 1855 vveuam,
498 1782 587 1844 modo
618 1782 781 1845 concordes
810 1801 924 1853 eamus,
957 1784 1044 1844 modo
1074 1784 1150 1845 inter
1179 1802 1232 1844 nos
1259 1783 1334 1844 baud
1358 1784 1564 1862 disceptemus.
1608 1783 1714 1847 idem.

359 1884 440 1963 quod
459 1885 492 1946 in
512 1884 596 1958 vobis
617 1886 685 1964 quia
706 1887 794 1947 silum
817 1893 876 1955 est,
899 1892 1049 1965 praestate,
1073 1904 1110 1946 ne
1132 1886 1283 1947 victoriam
1305 1886 1457 1965 impedite,
1487 1885 1644 1966 principes,

358 1985 609 2067 pulcherrimam,
637 1967 917 2058 fructuosissimam,
946 1987 1167 2049 sanctissimam.
1214 1995 1306 2048 vestra
1337 1990 1520 2066 potissimum
1543 2007 1646 2050 caussa
1751 2056 1753 2059 ,

357 2077 471 2166 agitur,
495 2097 592 2150 vestra
613 2090 802 2159 existimatio,
831 2097 925 2150 vestra
948 2078 1091 2166 dignitas}
1118 2107 1327 2199 qvvamfflpaeso
1349 2090 1496 2152 defendite
1518 2110 1552 2152 ac
1574 2109 1645 2151 eon·

357 2200 484 2252 servale.
528 2191 622 2253 Nemo
651 2192 736 2252 lortis
763 2191 932 2275 dignitatem
961 2192 1016 2250 nisi
1045 2210 1111 2251 cum
1142 2190 1311 2253 vila‘slmul
1339 2193 1457 2262 amittit,
1485 2200 1514 2253 et
1543 2193 1645 2255 videtis

325 2291 446 2372 revulgo
468 2293 592 2355 infames
613 2295 665 2371 qui
688 2294 929 2355 existimationem
952 2290 1115 2368 neglexisse
1137 2311 1220 2354 snam
1243 2294 1419 2375 deprehensi
1446 2302 1522 2356 sunt.
1568 2295 1712 2365 Quasnam.

356 2403 452 2456 vestra
475 2395 591 2456 fortuna
615 2402 668 2466 esi,
691 2397 861 2474 prospicere
882 2394 995 2455 debetis
1016 2412 1053 2455 ne
1076 2382 1147 2474 quid
1168 2396 1198 2454 in
1222 2415 1272 2456 vos
1293 2376 1402 2457 effici
1425 2398 1553 2456 rumoris
1575 2384 1645 2457 con·

354 2504 458 2572 gruat:
482 2517 529 2585 ac
538 2497 713 2575 prospicite,
738 2517 755 2557 ο
777 2498 941 2577 principes
963 2497 1103 2558 remittite
1124 2497 1247 2558 invicem
1263 2499 1399 2568 iniurias,
1423 2499 1586 2561 condonate
1601 2500 1645 2560 ol-

355 2580 477 2669 tensam
500 2604 619 2677 praestet
641 2598 759 2677 publica
780 2599 890 2661 utilitas
911 2582 1217 2678 privato'commodm
1246 2617 1282 2660 ue
1311 2602 1397 2660 sinite
1424 2600 1462 2660 ob
1484 2601 1644 2680 pauxillum

282 2752 290 2773 ,
355 2701 524 2761 domesticae
547 2702 680 2771 iacturae,
710 2702 734 2761 si
756 2701 844 2761 modo
867 2702 977 2762 iactura
999 2701 1090 2778 inest,
1119 2708 1231 2761 tantum
1254 2699 1403 2791 publicupn
1426 2702 1561 2782 impediri
1590 2703 1643 2763 bo·
1680 2710 1701 2737 ·’

303 2805 445 2872 ‘sonum;
466 2803 666 2869 recordamini
688 2823 740 2864 vos
754 2803 893 2864 Romanis
908 2804 1086 2865 successisse
1101 2802 1300 2883 principibus,
1325 2804 1461 2863 nimirum
1477 2803 1643 2872 Romanum

353 2923 446 2983 penes
467 2921 543 2984 quos
561 2905 720 2984 imperium
744 2912 796 2967 est.
841 2913 871 2966 al
892 2913 1109 2966 consueverunt
1123 2904 1188 2976 illi,
1217 2923 1274 2964 non
1304 2905 1346 2966 sic
1374 2904 1410 2964 ab
1435 2904 1517 2965 hoste
1544 2904 1710 2966 laces-§.nt
1762 2938 1769 2951 ·

353 3008 419 3075 siti,
442 3007 532 3069 toties
553 3026 569 3068 a
592 3008 656 3069 suis
674 3004 784 3086 rogati,
814 3005 923 3067 bellum
946 3023 1066 3084 gercre;
1097 3008 1193 3068 statim
1215 3013 1335 3084 accepia
1358 3006 1463 3066 iniuria
1485 3025 1645 3069 consueve-

353 3116 437 3179 runt,
469 3116 499 3171 et
526 3127 604 3187 saepe
625 3110 708 3190 prius
729 3127 817 3188 quam
839 3107 919 3187 plebi
941 3109 1072 3169 auditum
1096 3117 1174 3170 esset
1196 3109 1287 3169 bostis
1309 3125 1434 3177 nomen;
1464 3126 1554 3186 quum
1578 3127 1643 3171 sur·
1710 3101 1715 3110 ’

353 3211 398 3272 dis
421 3209 503 3272 vobis
525 3217 569 3270 tot
591 3212 648 3272 iam
677 3228 771 3272 annos
801 3212 924 3273 eandem
954 3209 1130 3325 samberrem
1159 3216 1294 3275 occentet
1319 3209 1447 3288 populus
1469 3210 1642 3274 Germanus.

318 3330 344 3368 av
355 3321 445 3392 alque
467 3312 497 3372 bi
518 3314 620 3393 quanti
640 3315 741 3392 quanti
762 3314 896 3384 luerunt,
920 3320 1059 3373 auostns
1074 3310 1234 3373 maioribus
1249 3310 1358 3373 bellum
1374 3311 1532 3372 inferentes
1546 3319 1641 3374 siren·

351 3434 411 3476 une
434 3413 545 3495 repulsi
567 3420 651 3484 sunt,
673 3433 709 3474 ac
729 3416 820 3476 armis
842 3417 923 3493 petiti
944 3415 1047 3482 eliam,
1078 3421 1160 3474 etot
1182 3413 1312 3474 historiae
1334 3422 1513 3485 memorant,
1536 3414 1565 3474 in
1587 3434 1641 3477 sua

351 3516 434 3578 ltalia
463 3517 547 3595 petiti
575 3533 609 3576 ac
637 3517 775 3594 superati.
821 3518 853 3577 ln
883 3517 940 3577 boc
966 3535 1066 3578 rerum
1088 3515 1201 3592 lastigie
1229 3535 1296 3577 curn
1324 3517 1387 3576 sitis
1409 3510 1559 3587 celidonii,
1588 3517 1709 3578 bissus

347 3617 515 3684 maioribus
536 3618 697 3698 progeniti,
722 3625 764 3680 lot
786 3636 879 3680 annos
900 3620 1033 3698 patimini
1056 3636 1159 3678 omnes
1175 3618 1254 3678 domi
1269 3637 1303 3680 ac
1319 3618 1391 3679 ioris
1405 3618 1554 3689 homines,
1577 3622 1642 3697 qni·
1777 3614 1780 3620 ’

290 3734 298 3745 “
351 3721 408 3782 bus
429 3719 571 3782 auxilium
594 3739 610 3781 a
633 3720 714 3782 vobis
735 3719 849 3783 nullum
873 3727 931 3789 est,
961 3721 1028 3800 quia
1056 3718 1224 3781 labentibus
1250 3719 1341 3782 rebus
1370 3738 1429 3780 non
1459 3722 1642 3792 succurritis,

317 3825 420 3902 soquia
444 3829 573 3893 vestros,
597 3823 665 3902 quia
679 3825 851 3902 imperium,
874 3823 940 3901 qvvia
957 3823 1081 3899 petriam
1098 3840 1131 3882 ac
1147 3822 1320 3901 religionem
1336 3821 1492 3901 negligitis,
1514 3830 1641 3885 vestram

351 3925 435 3986 vobis
455 3924 640 4004 opprobrare
663 3925 819 3995 desidiam,
847 3931 972 3987 vestram
995 3924 1157 4000 ignaviam?
1188 3926 1299 3987 Praeter
1321 3925 1491 4004 dignitatem
1514 3933 1557 3986 est
1579 3927 1633 3986 ista
1641 3936 1707 3987 §.uo

350 4045 403 4087 vos
423 4026 528 4090 audire
549 4027 612 4103 (sed
634 4028 774 4097 audietis,
803 4027 897 4088 donec
924 4043 984 4086 non
1006 4025 1086 4086 illam
1108 4033 1236 4088 veterem
1260 4026 1363 4088 deletis
1386 4025 1541 4107 maculam)
1564 4045 1641 4106 qvvae,

349 4136 384 4188 ut
404 4146 456 4190 roe
477 4127 580 4191 audire
601 4129 732 4206 possitis,
756 4146 809 4191 nos
824 4146 884 4188 non
898 4129 1078 4208 poterimus:
1101 4128 1219 4191 creditis
1236 4131 1313 4190 enim
1328 4146 1388 4189 non
1403 4129 1641 4191 molestissimum

349 4229 436 4291 nobis
458 4229 594 4292 accidere
616 4231 707 4310 siquis
728 4231 806 4310 apud
829 4238 945 4292 exteros
968 4238 1063 4292 vestra
1085 4230 1171 4292 nobis
1197 4231 1280 4300 vitia,
1308 4230 1336 4292 id
1359 4231 1446 4312 quod¹
1467 4230 1640 4309 frequenter

314 4354 341 4394 ss
350 4333 488 4412 contigit,
516 4330 651 4393 obiiciat?
678 4350 766 4411 quam
787 4333 893 4393 invitus
915 4351 1042 4411 namque
1063 4332 1159 4394 audivi
1181 4334 1209 4393 in
1232 4331 1313 4394 ltalia
1336 4332 1430 4394 ‘Tales
1452 4351 1531 4394 nunc
1551 4333 1641 4395 babet

349 4434 508 4498 Germania
537 4433 705 4513 prinoipes’.
749 4440 779 4496 et
805 4433 937 4496 sciebant
963 4434 1003 4495 illi
1032 4453 1099 4513 quae
1126 4433 1174 4494 hic
1202 4441 1359 4510 agerentur
1382 4436 1495 4515 omnia,
1525 4422 1559 4497 ac
1582 4449 1707 4514 petam.

416 4601 536 4655 ¹‘stram
554 4605 658 4655 addin
729 4602 828 4655 ¹⁷.Ae
846 4609 875 4653 11.
894 4606 931 4654 Et
950 4606 1006 4655 1.2.
1075 4603 1097 4635 ¹⁸
1117 4603 1209 4653 audito
1228 4606 1253 4652 2.
1272 4603 1321 4654 sed
1336 4619 1404 4654 corr.
1417 4605 1434 4654 i.
1445 4606 1467 4667 f.
1518 4586 1592 4654 ¹curn
1612 4608 1636 4655 1.
1706 4665 1713 4679 ,

347 4686 371 4720 ²⁴
387 4687 504 4754 populos
522 4691 547 4739 4.
617 4689 642 4751 §-
655 4685 723 4755 lan]
743 4688 843 4738 Mirum
859 4689 967 4740 videtur
984 4704 1072 4755 neque
1091 4689 1241 4739 Huttenum
1254 4702 1343 4753 neque
1362 4686 1447 4737 alium
1460 4703 1538 4753 quem
1550 4689 1638 4739 seium

347 4772 533 4824 inconsultam
552 4789 613 4825 enm
630 4774 680 4825 sed
697 4780 753 4824 ium
771 4778 879 4824 suetum
893 4774 1110 4824 consultationis
1128 4773 1276 4840 pontificiae
1289 4773 1423 4822 rationem
1435 4773 1638 4838 perstrinxisse,

347 4859 419 4924 qnod
437 4859 519 4924 quasi
537 4859 621 4912 totius
639 4862 736 4911 contre
747 4859 866 4909 Tuccam
884 4857 1084 4922 belligerandi
1102 4874 1276 4924 programma
1293 4858 1482 4925 publicarent,
1502 4857 1574 4922 quod
1591 4859 1638 4909 ubi
1722 4850 1726 4855 ’

346 4943 448 4995 Tuscis
459 4943 602 5009 cognitum
615 4943 718 4995 iactum
731 4942 816 4993 fuerit
833 4942 873 5005 (ei
885 4943 985 4992 Veneti
999 4947 1075 4993 certe
1094 4944 1219 4994 cunctari
1237 4959 1292 5012 non
1309 4943 1449 4994 debebunt
1467 4942 1557 4995 socios
1574 4958 1638 4993 snos

345 5027 542 5096 promouere),
566 5028 678 5081 inritum
702 5033 730 5079 et
752 5025 894 5078 ridiculum
918 5027 1002 5079 etiem
1020 5027 1335 5094 perniciosissimnmque
1361 5028 1420 5080 lieri
1439 5028 1537 5096 potnit.
1577 5028 1637 5091 Non
