4300 6059
305 4229 314 4263 Ι

447 674 493 741 ’Ῐ8
571 683 697 737 ’ω’ττεκι
716 704 745 736 rn
766 704 857 737 rrvcnu
877 703 1153 740 irinrssrnnounsuu
1173 704 1274 738 orario
1293 705 1351 739 1111.
1375 703 1519 739 navem.
1535 697 1591 738 tttt.
1617 718 1620 724 ,

446 816 617 944 pdlrcessum
642 857 698 916 est!
721 875 812 935 quare
835 858 911 917 enim
934 874 994 917 non
1016 862 1170 935 antequam
1194 856 1258 917 baec
1280 855 1433 937 loquerer,
1448 859 1508 919 ista
1524 876 1611 939 mam
1627 863 1726 917 extor-

377 970 443 1023 erro.
453 976 528 1045 queo
543 956 600 1018 lata
623 958 766 1019 sententia
789 959 851 1018 esti
873 976 941 1023 nam
963 959 987 1018 si
1008 958 1053 1020 rel
1075 957 1187 1019 nullum
1210 958 1285 1020 aliud
1303 960 1415 1020 lacinus
1430 960 1604 1029 admisisses,
1627 974 1726 1020 nonne

443 1052 500 1120 boc
523 1059 676 1121 terendum
699 1077 758 1119 non
781 1067 858 1129 erat,
881 1059 959 1140 quod
982 1068 1013 1120 tu
1035 1061 1148 1139 primns
1170 1069 1304 1139 repertus
1326 1080 1357 1122 es
1379 1064 1430 1140 qni
1451 1056 1637 1125 Germaniam
1653 1063 1726 1123 Ger·

423 1158 537 1224 ‘manis
558 1162 718 1223 venderes?
741 1179 814 1241 quos
837 1162 914 1222 enim
937 1163 1013 1222 cives
1034 1169 1100 1239 tuos
1122 1165 1151 1222 in
1174 1160 1289 1224 exilium
1312 1164 1364 1224 abs
1387 1172 1415 1225 te
1438 1166 1546 1225 eiectos
1567 1171 1652 1243 pacta
1673 1182 1726 1242 pe·

444 1265 528 1324 cunia
550 1281 610 1323 non
632 1281 736 1342 passus
759 1282 790 1323 es
816 1264 942 1324 revertit
970 1264 1087 1342 quando
1114 1266 1203 1342 igitur
1231 1268 1322 1342 magis
1350 1266 1521 1344 pudendum
1549 1267 1642 1325 nostri
1670 1265 1748 1327 inita

442 1383 530 1444 quam
552 1365 609 1426 hoc
630 1372 764 1442 tempore
787 1382 845 1444 quo
868 1346 898 1426 tn
926 1372 1008 1425 tanto
1036 1366 1197 1435 dedecore,
1225 1374 1304 1427 tanta
1334 1368 1451 1428 infamia
1482 1386 1516 1427 ac
1544 1366 1735 1445 turpitudine¹

400 1548 402 1555 Ι
442 1465 606 1547 superbus,
630 1466 740 1536 audax,
763 1469 923 1545 impotens,
947 1467 1135 1545 perfidiosus,
1159 1466 1300 1539 crudelis,
1324 1468 1450 1529 insolens
1472 1474 1500 1529 et
1522 1476 1653 1530 extreme
1674 1456 1765 1530 ne·⁵·

442 1570 535 1630 larius
557 1566 820 1649 splendidissimam
843 1570 933 1629 armis
954 1586 988 1629 ac
1010 1571 1080 1628 viris
1102 1570 1226 1648 patriam
1248 1571 1285 1630 ad
1306 1578 1389 1631 tuum
1412 1570 1525 1631 libitum
1553 1569 1665 1635 claudis
1692 1589 1726 1631 ac

284 1682 286 1693 ·
377 1685 443 1736 §.rso
452 1669 567 1751 aperis?
587 1671 743 1731 Meministi
765 1689 835 1749 ergo
858 1672 927 1750 quid
949 1670 998 1731 ille
1020 1671 1072 1732 tibi
1095 1689 1189 1751 nuper
1212 1670 1279 1733 exul
1301 1672 1486 1751 responderit
1509 1673 1573 1750 (nisi
1595 1672 1672 1751 quod
1696 1674 1725 1732 in

442 1774 588 1854 frequenti
616 1772 767 1833 bominum
796 1790 933 1834 sermone
961 1780 1019 1843 est,
1049 1772 1154 1833 laisum
1177 1775 1331 1854 convincis)
1354 1794 1371 1836 a
1399 1793 1458 1853 quo
1484 1792 1539 1853 pro
1568 1774 1666 1835 reditu
1694 1776 1760 1834 iuro

442 1877 566 1956 patriam
582 1873 661 1936 XXX
676 1892 782 1936 aureos
797 1876 920 1954 petiisti?
943 1893 1040 1936 nonne
1054 1874 1111 1936 hoc
1134 1876 1207 1936 ‘Non
1230 1895 1261 1937 se
1284 1883 1451 1955 empturum
1473 1895 1506 1936 ea
1529 1894 1594 1954 qnae
1616 1883 1645 1936 te
1666 1893 1726 1936 non

444 1980 577 2058 principe
604 1977 797 2057 possedisset,
828 1977 933 2038 deinde
959 1995 1018 2036 non
1041 1976 1158 2056 placere
1180 1978 1234 2038 sibi
1257 1980 1368 2073 virere,
1398 1977 1449 2038 ubi
1471 1984 1503 2037 tu
1524 1979 1612 2037 tantis
1633 1977 1725 2038 scele-

376 2080 548 2150 trmribus,
571 2088 690 2158 tamque
712 2080 836 2158 impuris
858 2078 1037 2139 iecinoribus
1058 2078 1187 2159 pollutus
1208 2078 1394 2141 domineris'i
1422 2079 1536 2148 Videte,
1566 2098 1635 2148 oro,
1667 2098 1725 2160 quo

442 2181 507 2243 loco
529 2180 683 2260 ponendus
705 2181 742 2241 sit
763 2181 812 2240 bic
834 2188 933 2241 noster
956 2189 1130 2260 personatus
1145 2179 1321 2252 Alexander,
1344 2183 1507 2242 amicorum
1523 2184 1725 2260 interemptor,

442 2302 539 2364 aquo
562 2281 640 2344 XXX
662 2284 759 2344 aureis
780 2282 884 2343 redimi
907 2282 1025 2344 exilium
1052 2282 1178 2345 bominis
1204 2291 1315 2362 potest:
1345 2303 1380 2345 ex
1407 2284 1464 2345 boc
1492 2301 1551 2345 uno
1579 2282 1723 2352 membro,
1733 2298 1761 2338 ³5

442 2377 611 2447 universum
632 2384 778 2447 scelerum
801 2392 917 2446 tuorum
940 2403 1049 2465 corpus
1071 2404 1251 2463 cognoscere
1273 2385 1354 2447 lieet:
1384 2385 1436 2446 sed
1464 2386 1522 2446 hoc
1544 2387 1654 2445 utinam
1677 2403 1725 2445 so·

442 2485 503 2547 lum
525 2488 644 2548 iecisses
666 2486 853 2567 laceresque,
883 2505 938 2548 nec
966 2489 996 2548 in
1019 2506 1073 2547 nos
1095 2489 1196 2549 saevire
1218 2489 1337 2567 dignum
1361 2489 1505 2549 duxisses!
1533 2488 1589 2547 hoo
1617 2503 1672 2563 ego
1701 2489 1725 2548 si

442 2607 532 2668 prece
553 2596 603 2649 out
623 2591 718 2668 pretio
740 2589 843 2650 abste
864 2590 1017 2669 impetrari
1039 2589 1194 2660 voluisses,
1219 2591 1295 2669 qnod
1318 2609 1373 2669 pro
1395 2608 1461 2650 meo
1485 2591 1579 2668 capite
1600 2607 1658 2648 non
1682 2589 1725 2649 ia·

443 2680 557 2760 cerem,
580 2693 610 2751 in
632 2691 708 2753 illins
729 2690 823 2753 salute
847 2692 1043 2752 conservanda
1066 2691 1189 2772 supplex
1213 2693 1263 2753 tibi
1286 2693 1458 2761 extitissem,
1482 2692 1562 2751 acsi
1585 2691 1648 2750 beri
1669 2709 1725 2769 per

442 2800 470 2853 te
491 2792 635 2863 licuisset,
667 2811 833 2854 exorassem
855 2812 913 2873 qno
936 2812 973 2856 ne
995 2793 1225 2873 pulcherrimum
1253 2793 1338 2855 nobis
1358 2794 1553 2855 llnttenornm
1580 2792 1760 2855 auferresro

375 2907 442 2965 tter.
450 2896 503 2956 etsi
525 2890 613 2957 enim'
625 2897 736 2973 gratius
758 2896 815 2957 hoc
829 2902 963 2974 tempore
978 2894 1047 2957 nibil
1064 2895 1150 2957 uobis
1165 2896 1299 2957 accidere
1312 2902 1409 2975 potest
1423 2914 1511 2976 quam
1526 2903 1559 2955 ut
1573 2903 1618 2965 tn,
1644 2893 1724 2973 quod

442 2999 564 3060 meritus
580 3016 620 3070 es,
644 2997 832 3060 acerbissime
846 3000 991 3077 puniaris,
1015 2998 1072 3058 boc
1088 2984 1191 3058 ‘tamen
1207 2990 1366 3071 ,mallemus
1387 3006 1436 3059 tua
1458 2995 1539 3058 illum
1554 2999 1725 3068 misericor·

442 3100 488 3161 dia
511 3103 607 3162 rirere
630 3118 717 3180 qnam
739 3106 840 3160 nostro
863 3107 891 3160 te
913 3099 1015 3160 solatio
1037 3103 1122 3160 mori.
1167 3087 1231 3162 lluo
1253 3119 1307 3160 nos
1327 3083 1452 3162 miseriae
1475 3100 1632 3168 coniecisti,
1656 3117 1724 3177 per·

442 3203 517 3272 dite,
540 3210 573 3263 ut
593 3219 631 3263 ne
653 3203 797 3282 supplicio
819 3202 936 3281 quidem
958 3209 1009 3262 tuo
1024 3204 1165 3281 restingui
1181 3209 1281 3263 noster
1295 3201 1390 3263 luctus
1405 3207 1501 3280 queat.
1545 3201 1582 3260 ita
1604 3200 1723 3271 acerba,

442 3306 482 3364 ita
503 3304 621 3382 indigna
642 3311 711 3365 sunt
733 3305 854 3372 omniaa
867 3306 948 3381 prins
969 3303 1016 3364 ille
1040 3322 1127 3382 quam
1151 3311 1178 3364 te
1201 3303 1255 3364 sibi
1270 3305 1421 3365 inimicum
1438 3305 1542 3371 sciret,¹
1562 3309 1646 3362 tuum
1662 3300 1759 3379 gia-rs

444 3408 524 3468 dium
553 3402 637 3475 iidie,
665 3407 803 3485 idemque
831 3407 913 3486 prins
940 3407 1055 3483 accepit
1082 3403 1185 3466 vulnus
1217 3423 1304 3485 quam
1335 3404 1417 3485 illum
1450 3404 1561 3465 rideret
1593 3403 1723 3482 gladium

375 3520 441 3573 tttt.
449 3509 554 3570 inermi
569 3508 639 3577 sibi,
662 3510 780 3571 incauto
802 3527 837 3569 ac
858 3507 932 3568 nihil
955 3506 1012 3568 talc
1034 3508 1177 3568 metuenti
1198 3508 1384 3587 impressum.
1429 3507 1453 3568 0
1476 3506 1555 3567 nulla
1578 3508 1725 3567 sermonis

440 3612 596 3690 asperitate
618 3610 737 3689 dignum
760 3613 791 3671 io
814 3611 933 3670 modum
956 3607 1128 3687 explicabile
1155 3616 1239 3671 tuum
1267 3608 1376 3672 scelus!
1406 3609 1508 3670 Fidem
1537 3607 1722 3687 implorabat.

440 3731 507 3793 quae
528 3715 558 3773 in
580 3719 609 3773 te
631 3710 710 3772 nulla
734 3719 811 3782 orat,
835 3711 914 3773 nulla
937 3716 1065 3790 unquam
1089 3712 1198 3781 luerat,
1222 3730 1309 3791 quam
1330 3710 1380 3772 ille
1401 3719 1499 3773 tamen
1521 3713 1630 3789 ingenii
1653 3711 1723 3771 sim·

441 3815 568 3896 plicitate
592 3832 655 3877 esse
677 3813 813 3893 putabam
843 3814 948 3874 deinde
975 3831 1058 3875 snam
1088 3797 1232 3891 allegdbat
1253 3814 1467 3881 innocentiam,
1496 3830 1617 3873 suorum
1639 3812 1669 3871 in
1693 3820 1757 3875 taso

441 3919 629 3986 meritorum,
652 3918 697 3977 sni
719 3915 850 3994 obsequii
872 3915 1063 3986 admonebat,
1087 3933 1141 3995 per
1156 3914 1350 3976 Christianam
1372 3915 1529 3992 pietatem,
1546 3932 1600 3992 per
1616 3913 1723 3975 Christi

442 4021 675 4092 misericordiam
703 4017 817 4078 orabat:
846 4018 958 4100 quibus*
984 4017 1120 4078 omnibns
1149 4017 1211 4076 beri
1240 4035 1298 4076 non
1328 4017 1437 4094 potuit,
1466 4023 1498 4077 ut
1524 4022 1557 4075 tu
1579 4014 1668 4075 ullam
1692 4018 1722 4075 in

373 4130 561 4204 §.inpetrem
584 4120 771 4182 humanitatis
792 4137 975 4182 revocarem.
1019 4120 1114 4181 Homo
1136 4119 1243 4178 santia
1266 4137 1300 4178 ac
1322 4119 1499 4178 immanitate
1522 4117 1722 4186 invictissime,

440 4245 499 4307 quo
522 4233 550 4286 te
571 4223 637 4284 loco
658 4222 782 4302 ponam?
804 4239 862 4300 quo
884 4223 953 4282 satis
975 4220 1222 4299 dignosermone
1243 4221 1272 4279 in
1294 4220 1393 4280 literas
1415 4219 1560 4280 referam?
1580 4225 1630 4278 tua
1653 4236 1723 4279 cru·

440 4328 557 4389 delitate
579 4331 715 4404 superata
739 4325 834 4382 omnis
857 4332 899 4383 ost
920 4321 1087 4383 barbaries:
1109 4323 1172 4399 ipse
1188 4321 1354 4416 exemplum
1368 4323 1494 4400 posteris
1510 4321 1624 4381 edidisti
1640 4321 1755 4398 quodss

349 4418 351 4422 ὗ
439 4430 547 4490 imitari
569 4427 645 4487 torte
666 4424 785 4503 aliquis,
809 4441 950 4502 superare
971 4441 1058 4483 nemo
1080 4424 1186 4500 possit,
1209 4440 1246 4484 ne
1268 4441 1385 4501 aequare
1401 4423 1533 4502 quidem:
1556 4422 1627 4501 quid
1642 4423 1722 4483 enim

437 4533 486 4591 isti
508 4529 565 4591 sibi
586 4527 690 4588 volunt
718 4526 804 4585 toties
831 4526 948 4601 repetiti
975 4524 1064 4591 iotnS,
1094 4525 1149 4583 ista
1178 4523 1393 4601 sanguinolenti
1421 4525 1558 4603 corporis
1584 4525 1721 4603 reptatio,

437 4634 491 4694 ista
512 4633 687 4692 innocenter
707 4627 797 4687 occisi
819 4623 921 4684 abste
943 4622 1134 4702 pulcherrimi
1157 4625 1268 4685 iuvenis
1289 4627 1457 4704 suspensio,
1487 4626 1541 4688 ista
1564 4625 1600 4686 ad
1623 4626 1722 4706 sepul·

445 4765 640 4784 ——q-a

484 4849 514 4914 '¹'
531 4856 560 4901 et
577 4857 606 4899 11.
626 4862 661 4896 ac
682 4848 705 4894 t.
763 4841 785 4874 ¹⁰
801 4839 990 4890 Memorabilis
1008 4842 1058 4893 sed
1075 4843 1100 4891 si
1117 4842 1189 4892 beno
1207 4844 1318 4892 memini
1342 4844 1392 4895 obs
1409 4861 1499 4896 rerum
1516 4845 1722 4897 Ulricienerum

435 4935 615 4999 scriptoribus
633 4945 693 4981 non
711 4928 858 4976 memorata
876 4926 1033 4974 narratio·
1066 4924 1087 4957 ¹³
1104 4922 1183 4991 tonde
1200 4929 1225 4975 1.
1248 4994 1250 4998 v
1288 4926 1619 4981 ¹⁴1⁸}cceiternmetiom
1637 4932 1720 4982 Alex·¹

435 5018 521 5068 ander
537 5034 598 5068 cum
618 5015 707 5065 Clito.
725 5010 767 5059 ci.
781 5014 849 5059 oret.
863 5008 885 5057 1.
898 5009 921 5069 ἕ.
933 5006 975 5057 di.
1027 5007 1050 5040 ¹⁰
1066 5009 1266 5074 pucberrimnm
1284 5014 1309 5060 1.
