4300 6059
520 695 646 736 uvarum
662 698 691 733 rer
711 698 803 734 nveau
822 696 1274 732 wirrrneauauussuoasaro11.
1299 695 1412 729 ianuar.
1427 689 1525 729 etate.
1617 666 1665 736 25

378 872 466 932 qnam
490 852 657 921 descendit,
683 861 784 913 eontm
811 851 891 912 hanc
907 849 1084 930 stupiditatis
1106 830 1271 912 ac'turoris
1293 850 1339 909 sui
1359 848 1497 929 procellis
1518 858 1667 928 grassatus

378 963 437 1024 est:
461 973 516 1015 nec
536 954 643 1034 aliquid
664 957 753 1034 pensi
772 953 874 1015 babuit
900 954 970 1031 quid
991 953 1149 1015 deberetur
1172 952 1248 1014 illius
1276 954 1403 1030 primum
1430 952 1547 1022 lormae,
1578 970 1667 1030 qnam

379 1059 440 1136 ipsa
463 1054 595 1115 moribus
618 1074 653 1115 ac
674 1057 729 1116 vita
752 1059 912 1134 gratiorem
939 1055 1123 1123 reddiderat,
1151 1054 1257 1115 deinde
1285 1053 1372 1114 huius
1394 1052 1528 1123 Caesaris,
1557 1054 1665 1115 luorum

378 1158 558 1220 bavarorum
582 1158 727 1225 affinitati,
757 1174 853 1235 aqua
878 1159 902 1217 is
930 1156 1103 1218 claritudine
1130 1157 1187 1217 boc
1215 1155 1269 1217 sibi
1296 1157 1378 1234 quasi
1400 1155 1500 1217 lumen
1522 1159 1664 1219 accende·

357 1268 432 1323 erat.
472 1260 529 1320 Sed
553 1259 623 1338 quid
646 1259 709 1320 brec
727 1260 839 1320 videret
867 1261 917 1337 qui
946 1257 1016 1320 nibil
1039 1261 1150 1319 intuta
1178 1260 1234 1319 vita
1262 1256 1332 1316 boni
1349 1253 1391 1317 'et
1415 1259 1489 1337 aequi
1517 1258 1586 1320 vidit
1611 1272 1734 1322 untia.

379 1378 482 1441 qnam,
512 1362 561 1439 qni
584 1362 694 1446 etiamsi
716 1363 745 1421 iu
767 1363 874 1439 optima
898 1362 982 1439 prius
1002 1360 1155 1421 bominum
1182 1360 1219 1420 de
1245 1377 1277 1420 se
1299 1361 1437 1439 opinione
1458 1361 1587 1428 vixisset,
1610 1361 1667 1423 boc

378 1462 440 1523 solo
461 1462 539 1540 quod
561 1462 620 1523 tale
642 1464 810 1541 coniugium
831 1465 873 1523 sic
895 1480 1016 1542 aspere,
1041 1464 1084 1522 sic
1107 1463 1271 1523 immaniter
1291 1464 1363 1540 egit,
1386 1463 1520 1541 pessime
1538 1480 1573 1522 ae
1589 1469 1667 1524 atro·

380 1565 504 1625 eissimae
526 1567 632 1625 mentis
652 1567 847 1646 suspicionem
869 1564 1003 1644 praebere
1026 1563 1145 1625 debuit?
1171 1553 1268 1643 potest
1289 1566 1366 1624 enim
1392 1563 1442 1624 ulli
1464 1582 1528 1625 esse
1557 1567 1667 1626 amicus

378 1668 428 1745 qut
447 1666 516 1727 buic
538 1665 653 1728 mulieri
673 1667 726 1728 luit
747 1666 895 1727 intensus?
916 1674 966 1738 aut
986 1669 1154 1746 quempiam
1177 1665 1253 1726 bene
1272 1663 1408 1726 tractabit
1432 1668 1481 1744 qui
1502 1666 1578 1727 banc
1598 1684 1666 1747 spe·

345 1769 469 1837 taciem,
493 1769 548 1829 hos
568 1786 666 1830 mores
687 1768 845 1831 crudeliter
866 1768 986 1829 atttirttt
1007 1769 1160 1829 immonni
1178 1765 1502 1847 potestesseplacatne
1522 1770 1573 1846 qul
1590 1768 1667 1830 hanc

378 1868 468 1931 voluit
488 1870 642 1932 occidere?
664 1869 760 1932 Voluit
775 1873 870 1940 enim,
894 1871 1049 1937 Germani,
1071 1868 1174 1939 voluit,
1198 1887 1294 1947 neque
1310 1875 1368 1930 tam
1387 1870 1455 1947 qnia
1472 1868 1602 1931 deditium
1623 1878 1668 1932 eet

377 1971 418 2033 illi
437 1989 555 2053 semper
577 1972 635 2033 tale
654 1971 763 2052 aliquid
785 1972 899 2041 lacere,
922 1978 1012 2049 qnam
1034 1973 1149 2051 quiesi
1168 1973 1331 2051 peregisset
1353 1970 1553 2040 homicidium,
1574 1974 1667 2051 quod·

378 2074 444 2135 dam
466 2083 567 2155 postea
589 2074 779 2143 moliebatur,
810 2081 841 2135 ut
861 2073 940 2142 dixi,
967 2073 1116 2150 singulare
1143 2073 1271 2141 lacinus,
1301 2079 1334 2132 ut
1361 2074 1534 2134 innocenter
1560 2077 1665 2137 occisae

376 2176 415 2237 ab
436 2195 469 2239 ee
492 2177 607 2239 mulieri
628 2178 825 2256 pessimorum
848 2156 1025 2254 flagitiorum
1046 2174 1162 2255 culpam
1183 2176 1367 2255 impingeret.
1411 2175 1486 2235 Huic
1505 2183 1564 2237 tam
1584 2178 1734 2241 neta-tn.

343 2281 422 2341 urio
445 2282 598 2359 proposito
621 2278 749 2340 divinum
768 2279 877 2339 borum
899 2278 1025 2339 fratrum
1047 2277 1206 2338 consilinm
1219 2278 1388 2346 intervenit,
1412 2283 1445 2336 ut
1463 2295 1551 2355 qnam
1572 2279 1666 2341 celer·
1690 2301 1694 2311 ·

377 2384 451 2444 riute
467 2375 683 2443 ¹stuccn'rrerent
702 2381 817 2441 aldione
839 2382 950 2440 sororis
972 2381 1161 2448 innocentie,
1196 2379 1305 2458 quippe
1334 2379 1372 2439 de
1400 2380 1484 2440 cuius
1500 2388 1535 2441 et
1559 2383 1614 2443 vita
1637 2390 1667 2444 et

377 2483 589 2544 existimatione
610 2485 657 2561 agi
678 2491 849 2544 cernerent:
878 2481 953 2543 elam
982 2483 1081 2560 itaque
1105 2487 1138 2542 ut
1165 2500 1197 2542 se
1214 2480 1303 2567 slugae
1330 2481 1498 2557 accingeret
1524 2486 1666 2546 monitam

375 2585 497 2664 provido
519 2587 574 2664 ipsi
596 2603 723 2647 occursu
746 2573 934 2664 exceperunt.
980 2585 1080 2645 Sentio
1110 2592 1238 2644 restrum
1263 2582 1312 2643 hic
1340 2581 1487 2652 dolorem,
1516 2585 1663 2657 Germani,
1674 2598 1733 2649 §.re

363 2694 488 2749 ‚vestros
510 2690 638 2765 gemitus
659 2687 761 2757 audio,
792 2686 956 2766 lachrymas
982 2674 1082 2754 uidem
1111 2704 1167 2746 nee
1198 2686 1344 2746 immerito
1372 2684 1459 2745 huius
1486 2687 1553 2748 lacti
1581 2688 1666 2751 dolor

341 2790 507 2853 nomnium
527 2791 640 2850 animos
661 2789 802 2870 perculit:
826 2790 882 2850 hoc
904 2788 969 2849 loco
992 2795 1107 2855 namna,
1137 2788 1192 2848 bac
1214 2788 1347 2857 tortum,
1374 2786 1420 2848 bis
1441 2790 1665 2869 propinquitati·

375 2890 431 2951 bus
452 2889 608 2952 subnixam
638 2909 672 2952 eo
700 2891 875 2953 infelicitatis
900 2890 1056 2960 decidisse,
1091 2898 1124 2950 nt
1151 2908 1238 2969 quem
1266 2892 1403 2952 maritum
1433 2908 1485 2952 sua
1514 2891 1665 2955 nobilitate

375 2992 571 3062 clarum-sua
593 2993 780 3055 fecunditate
796 3001 914 3055 auctum
934 2993 1075 3063 reddidit,
1100 2993 1137 3053 ab
1154 3010 1189 3053 eo
1206 3010 1266 3052 non
1286 2992 1375 3053 modo
1392 2992 1561 3063 honorifice,
1585 2996 1665 3074 quod

374 3094 490 3165 debuit,
513 3114 579 3157 non
595 3096 752 3165 habeatur,
779 3096 831 3157 sed
854 3098 942 3157 etiam
963 3094 1189 3163 contumeliose,
1219 3112 1324 3173 aspere
1352 3111 1386 3154 ac
1409 3094 1568 3159 crudeliter
1590 3097 1665 3160 alili·

374 3206 476 3274 gatur;
501 3205 531 3260 et
553 3216 619 3277 quae
640 3199 687 3259 bis
705 3198 865 3260 maioribus
885 3199 961 3260 edita
989 3205 1049 3266 est,
1079 3199 1108 3258 in
1131 3196 1188 3257 boe
1209 3195 1404 3257 humanarum
1424 3211 1525 3259 rernm
1550 3199 1665 3278 lastigie
1688 3248 1690 3251 -

339 3300 512 3370 asedueata,
543 3303 790 3380 contemptissime
810 3320 845 3362 ac
873 3299 1006 3362 servilem
1030 3301 1059 3359 in
1086 3289 1206 3359 modum
1227 3298 1264 3359 ab
1286 3301 1342 3359 isto
1367 3300 1500 3376 genitura
1531 3309 1664 3365 aestate

362 3402 514 3465 -inleriore
536 3403 695 3465 divexetur.
740 3402 823 3473 Quod
848 3406 925 3464 enim
950 3423 984 3465 ea
1003 3420 1062 3462 uon
1090 3419 1332 3470 commemorem,
1363 3420 1427 3482 quae
1445 3401 1485 3462 ad
1510 3405 1731 3482 impudici-tu.

374 3506 443 3565 tiam
465 3522 499 3566 ac
518 3505 729 3585 turpitudinem
751 3504 886 3567 scelerati
906 3506 1033 3566 bominis
1054 3505 1217 3583 pertinent,
1244 3505 1287 3564 sic
1309 3511 1425 3583 putate,
1456 3522 1515 3565 non
1535 3507 1665 3581 ignorari

373 3625 390 3667 a
412 3625 461 3668 me
481 3609 550 3678 ieta,
572 3608 625 3681 sed
648 3606 780 3669 consulte
802 3610 912 3687 premi,
942 3607 1022 3687 qued
1048 3625 1108 3668 non
1132 3614 1190 3667 tam
1216 3605 1393 3667 studendum
1411 3603 1499 3665 illius
1523 3609 1664 3685 perniciei

373 3710 519 3778 existimo,
543 3727 631 3788 quarn
653 3709 808 3771 ridendum
832 3710 901 3788 quid
924 3728 971 3769 me
1001 3709 1128 3777 deceat,
1154 3727 1209 3769 nec
1235 3715 1347 3770 tantum
1376 3706 1470 3772 dolori
1497 3709 1664 3772 conceden-

372 3921 423 3974 tuo
444 3912 554 3975 lateant
574 3915 725 3994 quedam,
749 3922 799 3977 ant
819 3914 921 3975 saltem
945 3915 981 3974 ad
1005 3919 1172 3974 exterarum
1196 3915 1325 3992 gentium
1353 3915 1485 3974 notitiam
1513 3931 1572 3973 non
1595 3933 1663 3993 per·

372 4017 503 4084 veniant,
523 4035 589 4096 quae
612 4018 667 4077 iste
689 4019 810 4095 llagitia,
832 4035 906 4096 quas
933 4008 1145 4096 turpitudines,
1175 4034 1241 4094 quae
1269 4018 1366 4093 ignota
1396 4018 1478 4094 prius
1499 4015 1664 4078 Germania

371 4118 479 4197 llagitia
501 4119 624 4180 admisit.
670 4119 720 4180 ubi
744 4121 769 4179 si
789 4139 822 4180 ea
844 4120 943 4180 dicere
963 4117 1065 4180 vellem
1089 4137 1154 4198 quae
1175 4120 1229 4206 iste
1251 4117 1353 4179 audire
1372 4125 1487 4198 posset,
1512 4135 1566 4195 ego
1589 4120 1662 4180 citra

370 4220 494 4300 pudoris
513 4223 570 4282 mei
589 4222 731 4282 iacturam
753 4221 835 4300 loqui
856 4239 915 4281 non
936 4240 1072 4300 possum,
1096 4229 1229 4299 quantas,
1252 4221 1402 4290 Germani,
1425 4221 1583 4297 tragedias
1599 4240 1663 4282 mo-

335 4343 362 4384 aa
373 4340 487 4391 rerem,
504 4341 591 4401 quam
607 4341 757 4383 novarum·
768 4323 987 4402 improbitatum
999 4324 1219 4403 spurcissimam
1236 4324 1338 4383 taciem
1355 4321 1551 4392 ostenderem,
1569 4342 1662 4403 quan-

371 4433 434 4485 tum
460 4443 512 4485 vos
539 4443 744 4504 exasperarem
773 4425 854 4493 odio,
884 4444 971 4505 qnam
993 4428 1080 4487 istum
1102 4425 1275 4486 refricarem
1304 4441 1489 4485 communem
1518 4424 1660 4486 dolorem.

371 4526 529 4588 continebo
550 4529 649 4606 itaqne
674 4545 722 4588 me
744 4533 773 4587 et
792 4544 980 4608 quanquam,
1012 4529 1041 4589 in
1070 4546 1186 4589 summo
1213 4526 1315 4588 dolore
1343 4545 1426 4596 mee,
1456 4527 1730 4589 ardentissimotat.

372 4677 565 4693 ἡ

439 4764 578 4817 ¹⁰1m02.
642 4765 663 4798 ¹⁷
681 4767 760 4831 Fuge
780 4766 890 4816 Sabinae
909 4766 1026 4817 duciesae
1044 4767 1144 4816 incidit
1162 4768 1190 4815 in
1214 4770 1323 4816 noctem
1346 4767 1398 4826 24,
1424 4766 1572 4816 secundnm
1593 4766 1662 4815 alios

370 4848 412 4901 30.
426 4851 494 4903 Nor.
509 4868 533 4903 a.
550 4850 622 4902 1515.
643 4850 680 4900 cl.
694 4850 748 4901 vol.
761 4852 783 4903 I.
801 4868 826 4916 p.
840 4850 883 4901 98.
900 4866 926 4901 v.
939 4849 981 4900 29.
1002 4867 1063 4901 eum
1082 4852 1257 4902 Steiuhosero
1274 4851 1320 4900 IV.
1334 4867 1359 4917 p·
1374 4850 1432 4901 231.
1452 4852 1541 4915 Heyd,
1555 4852 1661 4914 Herzog

372 4935 460 4986 nereca
481 4937 503 4986 Ι.
522 4935 620 5001 peto.
667 4933 741 4989 “cue
764 4939 783 4985 l.
804 4944 831 4986 et
848 4953 917 4987 corr.
937 4943 966 4985 u.
1003 4937 1101 5009 ‘aedita
1119 4940 1142 4986 1.
1194 4935 1216 4968 ¹⁶
1235 4938 1287 4987 isto
1305 4944 1329 4986 et
1348 4938 1476 5002 genitura
1494 4941 1660 5001 contemptim.

369 5018 425 5052 ’Μ’
442 5021 605 5087 pudicitiam
626 5025 649 5071 1.
668 5037 738 5073 corr..
757 5029 786 5072 n.
838 5024 860 5055 ²²¹
878 5025 932 5074 istu
952 5027 975 5076 t.
994 5022 1044 5073 illa
1062 5038 1131 5072 corr.
1145 5028 1175 5071 11.
