4300 6059
465 677 512 751 30
604 709 726 745 nuruum
745 709 886 760 1rt¹1>vcuu
904 710 1183 746 WIRTENPEBGBNSH
1203 710 1305 747 ΟΒΔΤῙΟ
1323 713 1357 747 11.
1381 712 1493 750 nunnus.
1506 712 1532 748 Δ.
1547 708 1606 749 litli-

463 865 641 928 calamitates
660 864 781 935 molem;
802 867 900 926 exicca
922 884 1100 927 venenosum
1115 866 1248 928 dolorum
1266 887 1299 928 ac
1314 868 1504 928 afflictionum
1520 869 1646 939 iontem,
1667 870 1746 932 rrnde

463 968 510 1027 isti
532 975 668 1029 emanant
688 968 857 1047 pestilentes
879 968 991 1038 morbi,
1016 987 1074 1049 qrro
1101 970 1231 1030 consistit
1253 971 1309 1031 lroc
1332 970 1474 1032 libertatis
1496 971 1620 1050 publice
1642 973 1746 1051 praeci·

395 1069 577 1148 sopinum.
622 1069 679 1130 Vos
701 1088 833 1149 quoque,
856 1072 1011 1140 Germani,
1035 1079 1175 1150 qrrantum
1197 1075 1224 1133 in
1245 1072 1327 1133 robis
1349 1080 1407 1142 ost,
1430 1091 1468 1134 ne
1489 1074 1586 1135 ducite
1606 1092 1685 1143 rem;
1707 1093 1745 1134 ne

462 1189 568 1250 segnes
591 1172 671 1249 quod
693 1172 842 1234 iudicastis
865 1174 985 1246 edicite:
1013 1174 1081 1234 haec
1101 1176 1184 1236 istius
1210 1177 1285 1235 ratio
1307 1181 1365 1243 est,
1400 1182 1433 1235 ut
1456 1193 1510 1236 nos
1539 1176 1670 1245 dillerat,
1700 1177 1745 1237 sui
1779 1238 1781 1241 .

461 1274 576 1336 interim
595 1274 695 1335 odium
717 1273 903 1354 refrigescat,
929 1277 997 1354 'ipse
1015 1253 1177 1337 intervallo
1207 1295 1324 1337 causam
1338 1345 1340 1348 ,
1354 1277 1433 1338 dicat
1458 1286 1488 1338 et
1510 1280 1587 1357 apud
1615 1277 1768 1357 placatos⁵

460 1378 516 1437 iam
539 1376 731 1454 respondeat:
755 1379 894 1456 opponite
915 1377 1083 1449 consilium,
1105 1396 1161 1439 nec
1183 1378 1258 1439 istud
1277 1378 1318 1438 illi
1338 1380 1423 1439 sinite
1439 1378 1580 1458 procedat
1595 1399 1744 1442 commen·

461 1487 539 1547 tnm;
569 1478 638 1558 quid
668 1479 745 1540 euim
775 1481 889 1559 turpius
912 1487 956 1541 est
978 1469 1141 1560 quam'reo
1161 1482 1190 1540 in
1212 1480 1353 1541 iudicium
1381 1480 1507 1542 adducto
1535 1485 1744 1544 nocentissimo

392 1583 525 1650 §.locius
546 1581 668 1642 arbitrio
689 1581 820 1643 dicendae
848 1601 944 1643 causae
966 1583 1042 1643 diem
1066 1584 1224 1661 praefiniri?
1253 1582 1330 1644 Talis
1358 1590 1455 1644 autem
1484 1584 1546 1645 nac
1575 1601 1661 1646 causa
1690 1593 1746 1654 est,
1777 1589 1780 1595 '

460 1692 492 1745 ut
512 1684 540 1745 in
565 1703 599 1746 ea
622 1684 657 1745 de
680 1683 866 1744 malefactore
888 1692 955 1764 post
974 1684 1125 1754 hominum
1143 1687 1315 1747 memmium
1332 1685 1536 1748 scelestissimo
1556 1687 1743 1748 iudicandum

460 1789 512 1858 sit,
535 1793 639 1848 vestrae
661 1787 851 1866 integritatis,
883 1788 1037 1856 Germani,
1064 1793 1168 1846 restrae
1190 1787 1368 1848 fortitudinis
1390 1788 1553 1867 periculum
1573 1789 1637 1881 fiam
1662 1790 1779 1849 deni-n

381 1948 398 1983 ,
461 1909 517 1970 que
540 1890 576 1950 de
598 1891 652 1950 isto
675 1907 743 1961 vos,
767 1889 803 1950 de
824 1888 906 1948 vobis
924 1897 1074 1950 terrarum
1096 1876 1179 1950 oriris
1200 1892 1372 1950 sententiam
1394 1889 1508 1951 laturus
1527 1892 1572 1950 sit.
1607 1909 1663 1952 uec
1683 1899 1743 1952 tam

461 1993 543 2054 istius
565 1990 661 2052 scelus
681 1991 738 2051 hoc
760 1989 883 2059 indicio,
915 2010 1002 2070 quam
1026 2010 1084 2070 qno
1107 1999 1182 2053 statu
1205 1992 1327 2070 posthac
1349 1992 1536 2053 Germaniam
1563 2011 1627 2054 esse
1652 1993 1744 2054 velitis

391 2096 566 2172 §.anagituc
610 2093 671 2154 Nec
692 2093 883 2172 spectandum
906 2101 992 2171 puto,
1016 2113 1103 2173 quam
1126 2095 1163 2153 sit
1185 2095 1237 2155 iste
1260 2093 1379 2164 nobilis,
1402 2094 1471 2156 olim
1493 2093 1610 2173 quidem
1633 2113 1741 2166 comes,

459 2192 555 2277 nuper
577 2194 694 2256 tandem
718 2195 854 2273 princeps
875 2196 986 2265 lactus,
1016 2196 1067 2257 scd
1092 2214 1178 2274 qrrarn
1209 2197 1307 2257 astris
1329 2197 1488 2258 maioribus
1511 2198 1741 2274 degeneraverit.
1812 2209 1814 2214 '

459 2317 550 2380 qnare
573 2299 658 2359 etiam
679 2296 750 2356 nihil
773 2315 891 2363 vereor,
914 2315 951 2358 ne
973 2315 1024 2357 vos
1041 2296 1117 2357 male
1135 2299 1282 2376 accipiatis
1299 2299 1376 2370 trae,
1399 2301 1562 2378 principes:
1585 2319 1644 2362 non
1662 2304 1774 2363 enine

459 2401 528 2471 illud
549 2401 732 2480 propositum
752 2407 810 2468 est,
833 2406 865 2459 ut
880 2398 962 2459 istius
976 2399 1163 2461 damnatione
1178 2406 1281 2460 vestrm
1297 2401 1429 2479 dignitati
1445 2403 1607 2464 detractum
1622 2406 1675 2475 sit,
1693 2413 1743 2465 aut

458 2504 525 2564 laesa
548 2502 724 2564 ornatissimi
747 2502 858 2564 ordinis
880 2502 1031 2570 maiestas,
1056 2503 1080 2563 si
1103 2504 1156 2563 iste
1178 2504 1331 2581 puniatur;
1353 2503 1405 2563 sed
1428 2512 1555 2565 restrum
1574 2508 1671 2583 potius
1693 2524 1740 2566 or·

457 2612 625 2667 namentum
655 2611 684 2665 et
711 2605 825 2665 sortiter
853 2611 1033 2666 conservatae
1060 2603 1206 2682 dignitatis
1233 2602 1296 2664 laus
1325 2606 1478 2684 quaeritur,
1512 2607 1535 2666 si
1566 2625 1617 2667 ros
1639 2615 1739 2669 contra

457 2709 605 2769 hominem
629 2713 778 2787 potentem
802 2708 915 2768 iustitiae
937 2725 971 2766 ac
993 2708 1137 2775 veritatis,
1161 2705 1247 2767 simul
1269 2706 1387 2768 decoris
1404 2715 1433 2768 et
1452 2709 1674 2770 existimationis
1692 2730 1739 2771 ve·

387 2817 524 2876 §.austrae
546 2812 690 2871 rationem
712 2809 882 2870 habueritis.
922 2827 1018 2887 neque
1040 2811 1065 2868 si
1087 2810 1141 2869 iste
1168 2827 1200 2869 se
1223 2809 1343 2885 dignum
1366 2808 1474 2889 aliquid
1497 2828 1600 2889 passus
1620 2815 1672 2880 sit,
1701 2813 1773 2874 doro

456 2920 551 2975 vestra
574 2911 765 2992 amplitudine
787 2913 950 2972 detractum
969 2917 1083 2990 putate,
1107 2911 1157 2971 sod
1179 2918 1293 2971 auctam
1314 2914 1412 2991 potius
1432 2913 1605 2990 integritatis
1624 2917 1738 2994 opinio·

455 3034 541 3077 nem:
577 3033 632 3096 per
654 3033 705 3075 ros
731 3016 808 3076 enim
838 3015 903 3084 liet,
936 3031 973 3074 ne
1002 3015 1197 3091 pessimorum
1227 3015 1383 3074 criminum
1412 3015 1539 3093 vestigiis
1564 3023 1653 3077 totam
1683 3020 1738 3080 iste

456 3119 644 3181 Germaniam
657 3118 830 3196 imprimat,
854 3122 944 3203 utque
960 3117 1022 3177 eius
1038 3134 1108 3176 casu
1125 3115 1346 3177 absterreantur
1360 3134 1377 3176 a
1392 3115 1503 3178 scelere
1520 3136 1631 3187 omnes,
1655 3122 1738 3181 cuius

455 3221 627 3300 impunitate
650 3220 769 3280 animati
790 3225 887 3280 essent
908 3218 943 3279 ad
972 3219 1098 3297 pessima
1126 3218 1322 3298 perpetranda
1350 3218 1485 3297 plurimi:
1515 3220 1605 3281 multa
1628 3224 1737 3301 quippe

453 3330 522 3383 sunt
542 3321 669 3391 scelera,
705 3338 770 3400 quae
798 3339 864 3380 cum
892 3320 1005 3381 occulte
1027 3340 1107 3382 nune
1135 3328 1163 3382 et
1185 3319 1308 3382 latenter
1331 3321 1487 3383 admodum
1517 3331 1651 3401 serpant,
1680 3326 1771 3385 istaes

453 3444 508 3505 per
529 3445 581 3486 ros
602 3424 658 3485 lata
679 3442 714 3484 ac
736 3421 844 3484 illustri
866 3421 940 3483 lacta
964 3424 1009 3482 na
1032 3423 1184 3502 propalam
1207 3422 1337 3485 involare
1360 3423 1527 3493 audebunt3
1556 3425 1655 3511 ltaque
1676 3440 1737 3486 uno

454 3527 511 3588 hoc
532 3526 640 3588 iudicio
661 3533 711 3587 aut
733 3525 768 3586 ad
788 3526 940 3585 sanitatem
960 3525 1128 3602 perducetis
1148 3528 1199 3605 qui
1220 3544 1298 3587 nunc
1320 3533 1421 3587 errant
1438 3526 1559 3595 multos,
1583 3534 1736 3589 automno

385 3610 523 3695 cenom
542 3631 674 3708 rectique
690 3626 817 3689 studium
834 3625 1011 3688 conrelletis.
1044 3628 1138 3687 Porro
1154 3629 1231 3705 agite
1248 3628 1324 3706 apud
1342 3635 1458 3689 exteros
1476 3627 1601 3708 aliquos,
1623 3631 1735 3691 eiusce·

451 3733 530 3793 modi
552 3733 638 3793 etiam
660 3730 797 3790 adsuetos
820 3727 919 3798 malis,
942 3730 967 3790 si
990 3730 1131 3809 impunita
1155 3737 1253 3790 essent
1273 3731 1351 3797 lucc,
1380 3748 1478 3789 nonne
1500 3729 1651 3807 indignum
1678 3731 1736 3793 lroc

451 3833 532 3894 robis
560 3832 727 3895 rideretur?
754 3831 814 3894 Nos
843 3850 913 3892 vero
941 3833 991 3911 qui
1019 3850 1117 3911 nequo
1137 3831 1260 3892 vidimus
1286 3832 1341 3909 ipsi
1363 3829 1419 3892 tale
1441 3833 1469 3892 in
1492 3835 1646 3894 Germania
1669 3835 1769 3894 lieriso

451 3938 623 4016 quicquam,
646 3953 743 4014 neque
766 3936 873 3995 iactum
895 3941 977 3995 retro
995 3934 1171 4002 audirimus,
1195 3940 1223 3994 et
1246 3935 1275 3994 in
1298 3950 1423 4013 quorum
1446 3940 1579 3994 naturam
1598 3936 1652 3995 ista
1674 3943 1733 3996 tam

419 4065 426 4084 ·
451 4039 608 4100 inhumana
632 4037 761 4123 iecinora
790 4054 893 4098 casura
922 4055 1072 4116 nunqnam
1097 4043 1196 4115 putata
1219 4043 1300 4102 sunt,
1330 4053 1389 4094 non
1412 4035 1492 4105 dico,
1513 4055 1568 4116 qua
1592 4035 1628 4097 de
1649 4038 1735 4099 nobis

451 4140 574 4201 aliorum
596 4141 733 4218 opinione
755 4141 839 4201 istius
858 4138 1035 4218 supplicium
1058 4138 1240 4215 negligemus
1267 4138 1344 4215 (nam
1373 4138 1431 4199 lroe
1458 4156 1515 4197 non
1542 4138 1637 4198 ferent
1659 4142 1733 4201 Ger·

382 4249 440 4298 ιιι.
450 4245 529 4303 mani
549 4245 667 4319 mores),
691 4241 748 4303 hoc
763 4242 839 4310 dico,
863 4259 919 4319 qua
936 4258 994 4301 non
1013 4239 1133 4300 infamia
1147 4239 1302 4300 iudicando
1318 4237 1433 4319 tempus
1448 4239 1607 4301 ducemus?
1629 4240 1733 4302 Nonne

450 4345 513 4406 trae
533 4350 578 4407 est
590 4344 743 4405 hominum
758 4345 937 4423 expectatio,
959 4361 1016 4422 quo
1038 4343 1187 4402 recentius
1208 4342 1285 4402 istud
1307 4361 1342 4402 ac
1361 4341 1523 4404 inandium
1543 4344 1636 4420 magis
1653 4345 1767 4422 apudao

448 4465 503 4509 nos
522 4445 617 4508 scelus
640 4448 692 4515 sit,
725 4464 760 4506 eo
782 4447 914 4507 severius
935 4444 1044 4505 iudicio
1071 4444 1307 4521 persequendum
1335 4445 1419 4504 esset
1451 4460 1525 4502 nora
1551 4444 1642 4521 igitur
1663 4463 1731 4506 cum

448 4548 560 4610 scelera
584 4550 612 4609 in
635 4547 777 4609 iudicium
797 4547 930 4612 veniant.
951 4547 1035 4605 novis
1058 4562 1112 4604 nos
1132 4544 1284 4624 suppliciis
1305 4553 1355 4607 aut
1376 4543 1473 4624 aliquo
1495 4544 1597 4605 saltem
1620 4544 1731 4625 suppli·

448 4652 494 4710 cio
515 4668 574 4710 non
594 4651 740 4729 punietis?
767 4647 844 4719 Quin
870 4648 947 4708 istud
976 4646 1114 4716 abolens,
1146 4648 1309 4726 principos,
1339 4645 1451 4707 ordinis
1480 4647 1569 4707 vestri
1591 4645 1730 4719 dedecus,

515 4869 658 4921 ¹Exsiccn
676 4875 701 4921 2.
754 4868 832 4919 ⁴su1’r
853 4872 876 4918 1.
895 4870 937 4918 sui
955 4874 1066 4918 cornil.
1108 4865 1311 4930 ⁵relrigescut]
1330 4866 1466 4916 minuatur
1483 4883 1552 4916 corr.
1565 4871 1594 4914 11.
1641 4864 1662 4898 ¹⁴
1680 4884 1729 4918 nn·

446 4960 504 5023 per]
524 4956 699 5006 Eberlrardus
722 4968 814 5005 comes
838 4953 930 5004 iscius
954 4958 996 5002 est
1019 4954 1081 5003 Dux
1103 4951 1354 5016 Wirteubergensis
1375 4951 1419 4999 dio
1438 4949 1480 4998 L‘l.
1498 4949 1549 4999 Iul.
1568 4951 1633 4998 anni
1654 4951 1729 5002 lton.

448 5041 468 5073 ¹⁹
486 5047 515 5092 et
532 5057 601 5093 corr.
615 5046 645 5089 ιι
664 5056 697 5091 nc
717 5043 740 5093 1.
788 5036 811 5069 ²⁶
829 5038 1040 5089 Manifestorum
1058 5037 1203 5086 eriminum
1221 5049 1302 5100 poens
1319 5036 1449 5086 severior.
