4300 6059
522 663 569 736 68
654 696 779 731 HVTTENI
797 697 826 730 nt
845 697 938 731 DVCEM
957 696 1236 730 wrnrna'rnndnnsntt
1254 696 1357 730 ORATIO
1373 697 1433 753 ‘111-
1454 696 1482 729 Ι.
1496 687 1560 731 RVG.
1574 695 1600 730 A.
1617 689 1674 731 1517.

671 850 730 910 Leo
754 850 836 910 sortis
858 858 915 919 est,
940 857 968 909 ot
990 835 1166 927 occiditur,‚'

671 951 767 1029 Tigris
790 952 873 1012 tortis
896 959 955 1021 est,
980 959 1008 1013 et
1031 951 1183 1022 occiditur,

670 1053 753 1114 Care·
767 1052 889 1123 multos,
912 1055 938 1112 si
960 1053 1090 1132 singulos
1112 1071 1170 1113 non
1194 1055 1287 1113 times.

450 1155 587 1216 §.st-Non
610 1156 754 1215 diuturnae
775 1154 821 1214 has
842 1165 899 1215 turc
921 1174 992 1234 opes
1014 1163 1098 1226 sunt,
1128 1174 1182 1215 neo
1204 1155 1257 1215 ista
1278 1153 1328 1213 tibi
1357 1153 1476 1223 auxilia,
1507 1155 1552 1214 bae
1579 1164 1723 1235 perpetuo
1752 1155 1802 1215 ad·
1841 1155 1849 1176 ⁰

518 1256 672 1318 haerebunt
693 1259 800 1336 copiae:
824 1255 962 1335 paulatim
986 1264 1013 1318 te
1035 1259 1076 1318 tui
1099 1257 1254 1325 deserunt,
1284 1258 1397 1316 externi
1419 1276 1487 1317 rero
1509 1275 1568 1317 non
1591 1258 1729 1318 idoneum
1752 1266 1821 1317 ar'·⁵

518 1358 704 1419 bitrabuntur
726 1358 875 1418 hominem
897 1357 1084 1436 desperatum
1107 1378 1141 1419 ao
1157 1358 1365 1427 considentem,
1388 1359 1418 1418 in
1433 1361 1531 1419 omnia
1545 1360 1741 1439 precipitem,
1764 1359 1799 1419 ad

518 1460 588 1520 nibil
610 1460 754 1520 munitum
777 1461 859 1529 satio,
890 1468 918 1520 et
944 1459 1030 1520 talem
1058 1478 1147 1538 quem
1175 1477 1295 1520 neeesse
1324 1459 1378 1519 luit
1406 1462 1434 1520 in
1465 1479 1620 1521 commune
1648 1460 1800 1521 bominum

518 1562 616 1622 odium
640 1561 767 1621 velutin
792 1560 942 1640 publicum
964 1562 1132 1622 incendium
1156 1564 1275 1631 coniici,
1300 1580 1387 1640 quem
1410 1580 1513 1623 omnes
1535 1563 1665 1623 occisum
1689 1560 1797 1631 volunt,

516 1672 545 1724 et
567 1681 601 1724 ex
624 1663 776 1723 bominum
798 1680 922 1723 numero
944 1682 978 1723 ac
1000 1663 1107 1723 finibus
1128 1663 1262 1724 bumana
1285 1671 1396 1723 naturae
1419 1665 1670 1725 exterminandum
1686 1671 1798 1744 putant,

515 1773 712 1844 quemnemo
736 1766 807 1835 lert,
836 1783 923 1825 nomo
945 1782 1003 1824 non
1027 1765 1187 1825 detestatur
1209 1773 1238 1825 ct
1265 1767 1402 1825 extremis
1431 1764 1515 1825 malis
1543 1766 1680 1835 devovet,
1715 1766 1832 1827 eutoso

514 1886 601 1946 perna
624 1866 760 1927 omnibus
782 1865 921 1943 triumphi
945 1865 1009 1926 loeo
1032 1863 1130 1926 lulura
1153 1873 1209 1936 est,
1232 1866 1318 1927 talem
1341 1875 1385 1938 tc,
1415 1870 1560 1946 inquam,¹
1579 1886 1638 1927 non
1661 1867 1799 1928 idoneum

448 1968 749 2036 §.ssarbitrabuntun
774 1968 855 2027 cuius
878 1969 996 2028 nomine
1018 1975 1129 2027 tantum
1153 1967 1317 2046 periculum
1340 1970 1454 2030 adeant.
1499 1969 1543 2029 Tu
1560 1977 1657 2031 tamen
1672 1970 1731 2030 lato
1747 1968 1800 2032 ob·

515 2073 633 2139 noxius,
664 2070 744 2149 qnod
773 2071 903 2127 omniurn
932 2069 1202 2147 semperaudacia
1231 2070 1317 2145 fugit,
1355 2072 1485 2130 omnium
1519 2069 1603 2130 furor
1636 2071 1798 2139 abborruit,

515 2174 645 2232 omnium
668 2170 833 2231 immanitas
855 2169 1041 2229 abhominata
1065 2176 1123 2238 cst,
1154 2190 1187 2230 ea
1217 2170 1269 2231 tibi
1298 2173 1444 2249 promittis
1472 2189 1537 2250 quae
1566 2180 1632 2231 ante
1661 2180 1689 2232 te
1711 2190 1799 2233 nemo

432 2302 452 2320 ⁷-
515 2292 637 2353 sperare
664 2272 770 2341 voluit,
802 2278 833 2331 ut
862 2268 1004 2330 Gallicum
1041 2280 1191 2349 sceptrum
1226 2272 1386 2334 cervicibus
1422 2275 1531 2333 nostris
1566 2275 1798 2353 superimponas,
1811 2286 1833 2324 ¹⁵

514 2394 568 2437 nos
592 2381 761 2436 exterarum
784 2374 935 2433 nationum
958 2374 1050 2435 lurori
1073 2392 1107 2433 ao
1130 2374 1223 2434 turbae
1245 2374 1368 2453 prodas,
1398 2383 1477 2435 tuam
1505 2373 1628 2454 patriam
1657 2395 1807 2448 eversam,

514 2495 700 2538 communem
723 2474 1111 2535 Gerrnaniam‘destructam
1136 2475 1213 2536 velis.
1253 2477 1330 2555 quod
1360 2489 1427 2538 cum
1451 2481 1567 2557 cogites
1596 2497 1630 2539 ac
1659 2487 1691 2538 ut
1711 2478 1800 2556 perli-

514 2581 574 2640 cias
596 2581 666 2639 satis
687 2580 860 2638 instructum
884 2583 913 2637 te
936 2583 1036 2655 putus,
1059 2579 1117 2636 ianr
1140 2585 1173 2637 ut
1194 2585 1323 2638 matures
1345 2577 1433 2639 iubco
1455 2600 1489 2641 ac
1508 2582 1688 2660 praecipitem
1701 2587 1731 2641 te
1747 2582 1800 2640 im-

513 2679 604 2759 pello:
629 2680 766 2758 quoniam
790 2679 867 2738 enim
890 2678 926 2738 ad
949 2686 1080 2760 entrema
1102 2682 1156 2739 ista
1179 2680 1408 2757 confugiendum
1431 2682 1483 2742 tibi
1505 2683 1628 2761 putasti,
1658 2682 1714 2741 iam
1738 2699 1800 2742 me·

446 2791 504 2841 §.tt
516 2784 595 2844 dium
618 2780 691 2842 nibil
712 2780 801 2841 vides.
847 2780 910 2842 Scis
933 2799 992 2840 non
1015 2800 1080 2842 esse
1103 2782 1146 2841 ias
1168 2782 1244 2841 banc
1274 2780 1369 2841 lucem
1403 2784 1509 2844 intueri
1537 2783 1604 2852 tibi,
1633 2783 1691 2844 scis
1719 2782 1832 2843 buncoo

514 2903 577 2946 csse
601 2884 678 2943 diem
700 2882 811 2961 quode
834 2889 883 2941 tuo
907 2883 1002 2962 capite
1026 2902 1060 2943 ao
1083 2883 1210 2944 lortunis
1232 2882 1368 2945 omnibus
1390 2884 1583 2954 iudicabitur,
1607 2891 1694 2963 atque
1711 2902 1747 2944 ex
1764 2904 1799 2945 eo

513 2986 622 3047 iudicio
645 2982 716 3044 nibil
741 2990 768 3043 te
790 2982 903 3053 laetum,
927 2986 1024 3043 omnia
1047 2994 1149 3045 rnmsta
1172 3004 1206 3045 ac
1229 2985 1360 3045 luctuosa
1388 2994 1607 3065 reportaturum
1635 2995 1663 3047 te
1692 2985 1799 3061 intelli·

515 3089 573 3166 gis;
596 3104 689 3165 quare
711 3086 816 3146 iterum
839 3104 945 3146 moneo
968 3088 1063 3146 statim
1086 3087 1123 3147 ad
1147 3098 1212 3147 tuos
1235 3089 1305 3149 istos
1326 3086 1511 3148 auxiliatores
1527 3096 1562 3149 -te
1585 3087 1735 3155 conteras,
1764 3078 1804 3148 ac'

447 3190 813 3267 §.ao.a1·1uis‹praeparata
836 3186 928 3248 babes
951 3190 1120 3266 expieriaris
1164 3188 1270 3248 Notum
1294 3191 1351 3249 iam
1374 3197 1440 3260 ante
1463 3190 1529 3259 luit,
1554 3208 1619 3250 cum
1641 3197 1691 3251 tna
1714 3188 1800 3250 luxu·

513 3290 673 3350 riosissime
695 3290 883 3368 prodegisses
905 3307 938 3349 ao
961 3307 1001 3348 aas
1023 3289 1150 3350 alionum
1174 3292 1348 3350 immensum
1364 3293 1575 3360 contraxisses,
1598 3291 1833 3352 novandarumis

515 3410 616 3456 rorum
638 3391 734 3451 studio
757 3390 967 3451 inflammatum
991 3391 1101 3470 aliquid
1122 3400 1205 3452 atrox
1220 3392 1398 3453 machinari:
1421 3410 1501 3453 nnnc
1515 3395 1603 3471 igitur
1618 3411 1684 3454 cum
1701 3395 1800 3453 omnia

514 3494 678 3572 perdideris
701 3494 808 3569 (omnia
832 3495 910 3552 enim
933 3494 1060 3571 perdidit
1083 3496 1132 3572 qui
1155 3512 1189 3554 eo
1212 3511 1270 3571 quo
1299 3501 1329 3554 tu
1353 3495 1499 3563 recidisti,
1528 3496 1669 3576 persenit)
1699 3502 1727 3557 te
1750 3515 1799 3558 cx·

514 3594 589 3673 plira
613 3614 646 3655 ac
669 3594 745 3654 istud
768 3594 858 3655 semel
882 3605 982 3655 evomo
1006 3597 1062 3656 iarn
1092 3595 1141 3655 diu
1171 3601 1344 3673 conceptum
1373 3615 1527 3658 venenum.
1572 3598 1668 3657 omnia
1696 3597 1799 3657 adrer-

515 3705 631 3756 smnio
654 3702 770 3774 parata,
802 3714 855 3755 nos
883 3702 964 3756 tuum
996 3697 1143 3767 furorem,
1172 3704 1238 3757 tuos
1264 3697 1388 3758 insultus
1416 3706 1571 3776 expectare
1597 3700 1695 3759 rides:
1723 3698 1799 3760 aude

516 3798 632 3858 tandem
656 3809 855 3881 acprumpc,
885 3807 913 3857 et
940 3800 970 3857 in
999 3800 1060 3858 istis
1087 3801 1144 3860 tuis
1173 3798 1363 3877 stipatoribus
1390 3817 1472 3877 spem
1501 3799 1577 3859 habe
1604 3818 1639 3861 ac
1667 3800 1832 3866 fidutiamso

516 3900 595 3959 loca:
625 3908 679 3960 nos
702 3907 804 3959 contra
828 3918 886 3958 non
909 3899 1075 3960 dubitamus
1103 3902 1248 3961 neminem
1277 3920 1330 3971 sno
1360 3901 1475 3968 decori,
1506 3920 1567 3961 sum
1594 3903 1800 3964 existimationi

449 4001 699 4074 §.indeminutum
745 4001 823 4061 serre
845 4001 954 4061 diutius
976 4001 1052 4061 banc
1074 4002 1195 4073 samam,
1219 4021 1283 4081 qum
1305 4002 1358 4063 sub
1383 4011 1431 4062 tuo
1455 4006 1571 4063 nomine
1586 4006 1704 4075 invasit,
1727 4005 1819 4065 Sue·-

516 4121 618 4163 rorum
653 4120 725 4182 gens
753 4121 811 4161 non
840 4086 966 4182 poterim
1002 4103 1150 4164 revocabit
1178 4106 1206 4164 in
1237 4104 1410 4176 memoriam
1439 4123 1508 4165 suos
1539 4106 1679 4176 maiores
1714 4123 1799 4183 egre-

515 4209 593 4283 giam
624 4205 659 4265 do
690 4224 721 4266 se
750 4205 879 4264 omnium
910 4206 1076 4284 opinionem
1105 4204 1182 4265 baud
1210 4206 1351 4284 negliget,
1385 4215 1413 4266 te
1441 4208 1532 4268 eiecto
1559 4207 1613 4269 bas
1635 4205 1714 4268 eluet
1735 4226 1799 4269 sor·

517 4308 585 4378 ilos,
609 4306 685 4368 bano
708 4306 813 4366 saritam
837 4305 943 4368 diluet:
967 4327 1030 4369 esso
1052 4308 1150 4383 itaquo
1173 4306 1245 4367 nibil
1266 4315 1351 4387 puta,
1381 4308 1458 4387 quod
1486 4309 1522 4370 de
1547 4328 1694 4388 quoquam
1721 4309 1832 4376 bonose

517 4426 633 4488 sperem
670 4416 809 4486 quantum
844 4411 874 4468 in
907 4409 1028 4488 singulis
1056 4417 1114 4477 est,
1150 4414 1192 4468 te.
1211 4412 1375 4471 miserrime
1403 4410 1567 4472 consectum
1594 4410 1709 4481 solunt;
1738 4430 1798 4491 quo

449 4511 614 4580 §.caminus
646 4516 746 4587 aperto
778 4530 812 4571 ao
844 4509 940 4589 palam
973 4511 1116 4580 audeant,
1145 4509 1235 4570 multa
1266 4510 1365 4572 multis
1392 4511 1517 4572 obstant.
1559 4512 1606 4573 -Tu
1633 4515 1665 4573 in
1695 4516 1804 4593 patrita,

583 4748 740 4801 ⁵‹lraaerunt
756 4764 847 4798 omnes.
870 4750 996 4813 pomerias
1012 4748 1139 4798 deserent
1190 4747 1252 4797 ⁰ac
1272 4752 1294 4799 1.
1313 4754 1342 4799 et
1359 4756 1389 4799 n.
1442 4766 1475 4800 ao
1487 4756 1517 4799 H.
1544 4767 1600 4812 ‚ex
1613 4754 1636 4801 1.
1690 4750 1711 4784 ¹⁰
1729 4759 1757 4803 et
1767 4760 1798 4803 11.

519 4850 553 4884 ao
566 4835 589 4883 1.
630 4830 651 4863 ¹⁴
670 4833 790 4882 abom2'.
829 4841 888 4897 post
906 4834 955 4882 tibi
974 4834 1071 4898 aliquid
1088 4835 1258 4883 addidissem
1278 4836 1365 4884 orlrrot.
1379 4839 1403 4884 2.
1421 4837 1468 4883 sed
1479 4851 1532 4883 cion
1544 4838 1628 4899 tepere
1640 4852 1690 4886 non
1701 4838 1799 4888 didice-

472 4914 475 4921 '
517 4924 572 4972 rot,
591 4918 784 4966 additronentmn
801 4921 880 4982 ipsum
897 4921 985 4967 orntait.
1031 4920 1307 4986 pioeab‚porduellis,
1342 4918 1364 4950 ²²
1382 4925 1408 4969 te
1428 4923 1506 4971 deleo.
1520 4927 1549 4969 n.
1584 4919 1607 4951 ⁸⁰
1624 4919 1753 4971 fiduciam
1771 4927 1798 4973 2.

518 4998 540 5031 ⁸²
563 5002 611 5049 sub
630 5003 742 5051 correxi.
761 5017 792 5051 so
810 5018 902 5052 oniaco.
