4300 6059
407 719 663 762 renumerares.
677 719 831 756 sunnonem
844 720 954 756 cosan
963 719 1093 766 ‘annecte
1106 720 1209 755 orario
1222 721 1258 756 an
1270 720 1419 785 etampos
1434 715 1498 758 aas.
1511 720 1537 757 a
1547 713 1606 757 tatu.
1626 693 1700 763 225

413 880 484 942 lum,
513 880 561 936 sed
587 888 646 936 erat
676 887 767 935 terror
797 880 881 935 totius
909 878 998 941 orbis,
1026 873 1138 937 coerciti
1161 888 1238 941 sunt,
1268 880 1333 953 quin
1360 898 1432 954 saepe
1460 881 1557 954 praelio
1585 882 1702 937 victores

413 966 475 1020 ritae
498 965 651 1039 opibusque
674 964 862 1038 llungarorum
888 963 1063 1025 insultarent.
1087 982 1173 1038 neque
1195 965 1277 1039 paulo
1300 972 1361 1021 aute
1377 964 1476 1040 Sopbis
1498 984 1543 1022 res
1567 960 1702 1044 mm}

409 1050 556 1106 Persarum
578 1057 674 1105 caineto
698 1051 770 1105 ourrri
794 1048 899 1104 oriente
922 1067 953 1105 ac
975 1049 1084 1124 populis
1106 1049 1210 1125 Caspiis
1233 1051 1315 1106 armis
1338 1059 1385 1106 aut
1406 1052 1430 1106 vi
1454 1051 1512 1107 sine
1534 1051 1598 1107 dolo
1621 1059 1703 1126 atque

415 1136 484 1191 lame
507 1153 520 1189 a
543 1134 661 1190 Persidis
683 1133 868 1208 penetralibus
889 1135 1004 1191 'lorcam
1027 1136 1110 1190 istum
1134 1135 1294 1208 repulisset,
1319 1135 1465 1197 Tburcam,
1489 1137 1611 1210 inquam,
1636 1155 1704 1210 prae·

382 1220 525 1294 acipuum
547 1237 578 1276 ac
601 1220 773 1275 memorabile
795 1220 904 1277 saevitiae
926 1218 1092 1294 exemplum,
1115 1228 1213 1294 utpote
1236 1221 1282 1295 qui
1302 1221 1489 1294 gravissimum
1512 1215 1704 1295 {ssffifflffl'

415 1313 583 1378 compatre
613 1304 711 1360 bellum
740 1322 791 1379 pro
819 1305 933 1378 imperio
961 1307 1092 1379 gesserit,
1124 1306 1170 1379 qui
1202 1307 1300 1362 rictum
1328 1299 1455 1380 patrem!
1476 1268 1705 1387 {mz‘ffflff

416 1407 537 1465 purpura
560 1397 724 1463 sceptroque
748 1388 893 1464 spoliatum
916 1389 949 1445 de
972 1391 1043 1447 arito
1066 1390 1138 1446 solio
1161 1392 1287 1453 eiecerit,
1315 1391 1358 1447 cui
1389 1409 1461 1448 nuuc
1488 1393 1547 1466 ipse
1569 1391 1704 1464 genitoris

416 1475 549 1547 sanguiue
571 1492 720 1549 consperso
744 1475 885 1537 innititur,
908 1476 954 1549 qui
978 1485 1099 1549 pateruae
1122 1492 1313 1550 gemimorum
1330 1495 1359 1532 ae
1375 1485 1505 1550 nepotum
1522 1477 1594 1533 necis
1610 1484 1706 1532 auctor

416 1559 483 1615 nibil
506 1573 520 1615 a
542 1559 702 1616 crudelitate
725 1559 841 1616 alienum
865 1561 953 1616 lacere
977 1560 1142 1623 instituerit,
1165 1562 1288 1635 adeoque
1310 1562 1449 1635 sanguini,
1471 1561 1604 1623 cudibus.
1627 1560 1703 1617 saevi·

382 1661 409 1703 ra
418 1645 520 1718 tiaeque
543 1644 666 1718 indulget
688 1662 719 1700 ac
741 1646 766 1700 in
790 1646 856 1701 iram
880 1662 1002 1720 praeceps
1024 1647 1146 1720 rapitur,
1174 1655 1206 1702 ut
1234 1645 1288 1702 illis
1310 1647 1467 1720 asperrimis
1489 1655 1571 1720 atque
1594 1645 1707 1702 atrocis·

418 1729 494 1786 simis
517 1729 639 1804 Scythis.
666 1730 738 1786 unde
759 1748 789 1786 ea
813 1747 880 1803 gens
903 1730 1028 1787 devoluta
1051 1739 1107 1792 est,
1137 1731 1218 1805 louge
1246 1730 1429 1788 truculentior
1450 1732 1497 1787 ba·
1519 1740 1526 1811 Ι
1549 1724 1705 1803 ffiffi‘l'

417 1816 523 1872 beatur.
566 1815 620 1871 Nec
641 1815 712 1871 vires
734 1816 823 1892 animo
845 1815 958 1872 desunt:
981 1833 1042 1873 uam
1064 1816 1172 1873 duobus
1195 1824 1222 1873 et
1245 1816 1340 1890 viginti
1362 1817 1490 1890 gentibus
1512 1808 1562 1878 iul
1584 1809 1773 1889 ss‘lnlssffl'tut.

417 1901 505 1956 Ponto
528 1899 675 1956 llitbridati
699 1899 768 1955 olim
786 1900 915 1956 subiectis
937 1901 1066 1975 imperat,
1095 1902 1217 1974 possidet
1239 1902 1472 1976 opulentissimam
1495 1901 1600 1964 Asiam,
1629 1899 1707 1956 belli·

417 2002 508 2041 cosam
531 1984 642 2059 subegit
664 1984 819 2047 Thraciam,
842 1986 941 2041 devicit
963 1985 1158 2048 blacedouiam,
1188 2004 1248 2061 quae
1278 1995 1412 2042 terrarum
1436 1986 1549 2061 imperio
1573 1985 1708 2060 quondam

387 2089 410 2127 ia
420 2071 508 2144 potita
530 2078 586 2131 est.
609 2086 670 2144 quae
692 2070 795 2131 Asiarn.
818 2072 985 2132 bnucniam,
1009 2070 1136 2133 lberoni,
1159 2070 1312 2132 Albaniam.
1336 2070 1401 2146 Cap·
1448 2064 1709 2152 ffflfflssffiffi‘·

418 2155 574 2228 padociam,
598 2154 717 2228 Syriam,
741 2156 909 2229 Aegyptum,
932 2157 1064 2217 Taurum,
1088 2155 1235 2213 Caucasum
1257 2164 1444 2230 transgressa,
1467 2173 1528 2229 quae
1548 2155 1576 2212 in
1597 2155 1708 2216 Bactris,

418 2240 516 2300 lledis.
538 2239 631 2296 Persis
651 2240 803 2303 dominata,
827 2247 887 2296 toto
910 2241 1016 2296 oriente
1038 2258 1184 2314 possesso,
1215 2259 1274 2315 quae
1296 2241 1377 2297 ludim
1408 2241 1502 2297 victrix
1524 2258 1574 2316 per
1596 2239 1708 2313 vestigia

417 2324 509 2381 biberi
532 2326 618 2401 patris
639 2333 721 2398 atque
745 2325 867 2381 llcrculis
889 2333 983 2399 vagata
1005 2335 1062 2388 est,
1090 2343 1170 2400 quam
1198 2335 1339 2383 contusam
1369 2327 1411 2381 vix
1441 2326 1529 2382 trihus
1551 2325 1708 2399 ingentibus

417 2409 499 2466 bellis
521 2410 632 2469 Romani
654 2411 822 2467 domuerant.
866 2409 936 2478 Quid
950 2428 1157 2467 commemorem
1173 2411 1326 2468 Graecorum
1343 2412 1413 2487 im}
1436 2402 1776 2483 ffllffiffifflfflddu

383 2495 512 2569 ruperia,
535 2503 563 2550 et
586 2493 695 2569 Epirum
718 2497 820 2567 regiam
845 2495 1034 2558 Aeacidarum,
1064 2494 1185 2569 aliasque
1207 2496 1307 2552 validas
1330 2515 1360 2552 ac
1382 2497 1530 2569 populosas
1552 2493 1560 2563 Ι
1582 2488 1711 2573 ξξξᾞῗηξξ

418 2580 574 2655 provincias
597 2599 610 2635 a
634 2579 738 2636 'lbueca
762 2579 904 2637 subactas?
927 2580 1018 2654 Nuper
1039 2581 1258 2654 potentissimum
1275 2579 1420 2636 Soldauum
1444 2584 1505 2655 rel
1525 2572 1710 2652 {fillffg'ussffi

417 2681 481 2738 gem
504 2663 590 2738 Syriae
612 2682 643 2720 ac
663 2665 709 2721 diu
732 2665 783 2720 sibi
806 2682 897 2739 parem
920 2665 1044 2739 pluribus
1066 2666 1246 2721 memorandis
1267 2664 1372 2740 proeliis
1392 2666 1530 2739 superarit
1544 2665 1711 2738 attrivitque.

417 2766 506 2823 regno
529 2751 588 2806 eius
610 2767 660 2824 per
682 2750 732 2806 vim
756 2762 904 2824 occupato:
928 2768 982 2824 quo
1006 2751 1113 2823 quidem
1136 2752 1163 2805 in
1186 2749 1260 2806 bello
1281 2767 1342 2806 cuin
1365 2751 1478 2806 maxima
1500 2750 1582 2805 huius
1598 2750 1711 2806 'lburcae

418 2835 519 2909 cupido
542 2843 629 2891 totum
652 2835 745 2891 orbem
767 2835 938 2909 possidendi,
970 2844 1026 2890 tum
1055 2835 1205 2893 execrabile
1239 2836 1266 2890 iu
1296 2835 1465 2890 Cbristianos
1492 2835 1583 2891 odium
1606 2828 1613 2899 Ι
1634 2828 1712 2915 2252?

383 2937 411 2977 aa
420 2921 562 2995 apparuit:
585 2921 686 2995 quippe
709 2937 791 2994 quum
814 2929 886 2977 essct
909 2920 1027 2976 initurus
1049 2920 1158 2977 dubiam
1173 2914 1266 2977 llartis
1288 2919 1373 2975 aleam
1396 2919 1551 2976 admonenti
1566 2919 1711 2982 sacerdoti,

420 3003 466 3079 qui
490 3022 584 3061 corum
607 3004 700 3079 lingua
723 3005 828 3061 llemisc
851 3005 1016 3080 appellatur.
1040 3013 1071 3060 ut
1093 3014 1202 3062 voveret
1224 3005 1391 3063 llacbometo
1414 3013 1481 3061 tcm-
1501 2995 1510 3066 l
1531 2997 1711 3034 ⁰⁹³³''“‘“‘⁰'

1531 3041 1650 3077 ramum.

336 3135 340 3141 .
419 3089 510 3164 plum,
533 3100 617 3164 prout
639 3091 680 3146 sui
704 3091 819 3146 maiores
842 3107 950 3165 semper
976 3090 1003 3145 in
1026 3090 1182 3147 huiusmodi
1204 3090 1407 3146 discriminibus
1430 3089 1506 3145 lacti·
1536 3091 1543 3163 Ι
1576 3098 1711 3135 aarum.

420 3176 552 3237 tarerint.
576 3175 730 3249 respondit,
753 3175 776 3230 si
799 3192 881 3249 penes
904 3193 933 3232 se
955 3176 1068 3231 victoria
1091 3185 1255 3240 remaneret,
1278 3192 1333 3231 non
1357 3192 1439 3231 uuum
1455 3183 1536 3256 tan-p
1557 3166 1710 3245 ffllffl*

421 3267 493 3322 tum,
516 3260 563 3316 sed
587 3260 659 3334 quod
681 3261 735 3317 duo
758 3260 1022 3333 magnificentissima
1051 3259 1151 3335 templa
1179 3269 1389 3317 constructurus
1418 3269 1506 3323 esset,
1539 3257 1656 3315 alterum
1684 3256 1712 3315 itt

384 3344 571 3418 sollungaria‚
594 3345 709 3401 alterum
732 3345 831 3403 Romae.
880 3346 955 3402 b'unc
977 3355 1122 3420 postquam
1144 3347 1236 3402 arrisit
1264 3347 1374 3402 fortuna
1396 3345 1551 3418 sedatisque
1572 3343 1656 3400 rebus
1677 3340 1711 3399 ad
1721 3351 1779 3403 t-tt.

421 3430 564 3492 orientem.
587 3429 653 3486 nihil
677 3429 749 3486 aliud
771 3438 857 3486 restat
879 3449 958 3504 quam
980 3438 1010 3486 ut
1033 3430 1124 3505 impiis
1146 3432 1217 3486 rotis
1232 3430 1379 3488 satisfaciat
1396 3448 1426 3487 ac
1441 3430 1468 3485 in
1483 3430 1622 3486 residuum
1637 3427 1714 3484 Chri·

420 3515 572 3571 stiauoruru
594 3516 683 3590 capiat
705 3515 912 3590 expeditionem.
957 3533 1036 3590 quam
1065 3533 1122 3572 rem
1150 3533 1204 3571 non
1226 3516 1373 3572 dilaturum
1395 3533 1455 3571 esse
1479 3514 1625 3571 timendum
1656 3520 1712 3569 est:

421 3600 577 3656 innumeras
599 3601 668 3656 enim
691 3601 784 3675 copias
807 3601 924 3674 undique
947 3602 1030 3674 cogit.
1051 3600 1108 3657 Nos
1132 3601 1239 3656 interim
1261 3596 1375 3658 concilia
1397 3600 1449 3656 dil·
1472 3608 1479 3678 Ι
1501 3592 1714 3672 ffl'ffisslffl

422 3685 550 3747 ierimus:
574 3686 648 3759 atqui
671 3702 781 3747 vereor,
804 3702 838 3741 ue
862 3685 968 3741 turbiue
992 3686 1108 3760 quodam
1130 3685 1319 3742 advolantibus
1341 3685 1469 3742 hostibus
1493 3680 1589 3759 (falsus
1612 3684 1713 3738 utinam

387 3770 473 3826 assim
495 3770 596 3843 ratast)
619 3788 682 3845 pars
704 3788 753 3844 per
776 3769 861 3826 saltus
883 3770 995 3844 dilapsi.
1025 3786 1089 3846 pars
1111 3780 1234 3845 petamus
1257 3770 1404 3827 ulteriores
1426 3771 1552 3843 regiones
1575 3769 1634 3824 siue
1655 3766 1713 3822 ullo

421 3856 490 3912 duce
512 3863 559 3912 aut
580 3873 729 3917 consensu,
753 3872 827 3911 suam
852 3857 967 3929 quisque
990 3873 1078 3930 spem.
1108 3873 1156 3912 sua
1183 3856 1310 3920 consilia,
1340 3855 1528 3912 communibus
1555 3853 1713 3928 deploratis.

421 3948 596 4015 exequentes.
634 3941 706 4015 quod
729 3940 780 3996 iam
803 3940 844 3996 bis
868 3949 948 3998 aetatc
970 3949 1063 3997 nostra
1080 3942 1203 3998 novimus
1218 3943 1353 4005 creuissc;
1376 3941 1458 3996 buius
1473 3941 1609 3995 enimvero
1626 3938 1781 3993 rrius-to.

422 4043 514 4082 carum
537 4026 710 4101 imperatoris
733 4043 797 4082 avus
812 4024 964 4082 Italicarum
988 4042 1070 4100 opum
1095 4025 1263 4082 avidissimus
1280 4045 1311 4082 cs
1327 4025 1458 4100 Appollo·
1503 4034 1623 4121 afflui&
1637 4033 1715 4112 ‘2⁵5‘ss

423 4110 481 4173 nia,
505 4127 566 4185 quae
588 4110 670 4167 modo
693 4110 760 4166 urbs
782 4108 881 4166 Valona
904 4112 1018 4174 dicitur,
1041 4127 1150 4185 parram
1173 4129 1228 4167 sum
1244 4112 1333 4184 gentis
1349 4127 1456 4166 manum
1503 4119 1528 4155 ¹¹·
1550 4121 1680 4163 enervent·

390 4195 453 4253 aoiu
474 4194 578 4252 ltaliam
601 4195 801 4257 transmiserat.
832 4196 859 4251 in
888 4197 965 4252 cuius
988 4196 1079 4253 fronte
1102 4195 1243 4270 llydrunto
1265 4205 1346 4270 capto
1369 4203 1427 4250 tota
1449 4191 1524 4249 ltalia
1554 4191 1714 4267 trepidabat.

423 4280 578 4338 Cardiuales
599 4280 692 4337 Itomae
715 4280 806 4354 lugam
829 4280 1041 4341 meditabantur:
1070 4281 1186 4336 collecto
1210 4288 1298 4336 tamen
1320 4279 1354 4337 ab
1376 4278 1502 4335 omnibus
1524 4275 1607 4332 ltaliae
1630 4276 1715 4351 parti·

424 4365 475 4422 bus
497 4366 619 4423 exercitu
641 4383 696 4423 uon
719 4364 808 4422 solum
830 4367 979 4440 expugnari
1002 4383 1056 4422 nou
1078 4372 1225 4441 poteraut,
1249 4365 1297 4426 sad
1318 4381 1353 4421 ne
1367 4362 1508 4438 prohiberi
1525 4362 1633 4435 quidem
1650 4360 1715 4435 quin

473 4630 486 4665 ¹
504 4630 596 4684 Schola
607 4632 708 4683 lamuel
720 4631 804 4698 Sophi
817 4631 839 4682 l.
854 4631 917 4683 inde
931 4632 966 4682 eb
986 4646 1010 4682 e.
1026 4632 1099 4683 1514.
1114 4647 1130 4682 a
1143 4631 1245 4683 Selimo
1258 4628 1413 4681 debellatus
1426 4633 1456 4679 ct
1465 4628 1566 4680 rictus.
1607 4624 1618 4658 ⁴
1630 4626 1716 4676 'dhur-

425 4722 469 4779 ea]
484 4717 601 4768 Selimus
619 4718 716 4768 merito
729 4718 796 4767 Feri
814 4731 966 4782 cognomen
984 4716 1080 4782 gessit.
1133 4715 1144 4748 ⁸
1163 4716 1281 4767 Solimus
1298 4716 1320 4765 I.
1338 4713 1411 4780 petri
1428 4711 1582 4762 Bsiaaetho
1599 4711 1636 4761 11.
1655 4725 1715 4775 sce·

424 4810 514 4870 parum
532 4802 672 4868 vitemque
692 4802 794 4867 eripuit
813 4801 969 4865 fratresque
987 4815 1051 4850 auos
1069 4800 1229 4850 trucidavit.
1265 4797 1446 4850 ⁹eudelitute
1465 4800 1490 4846 t.
1527 4793 1547 4828 ¹⁴
1570 4794 1679 4860 subegit
1693 4798 1715 4844 t.

424 4888 447 4921 ¹·
464 4887 626 4953 Aegipanas,
645 4889 669 4938 a.
717 4872 870 4952 aarum
889 4884 1005 4936 nocem.
1052 4880 1457 4936 ¹⁰Trtentacedonteabetla.
1504 4877 1526 4913 ¹¹
1545 4877 1717 4931 statuae-

425 4972 506 5023 limus
523 4971 662 5023 sultanum
678 4970 901 5035 Kanna-Algouri
918 4969 1029 5019 devicit.
1082 4967 1105 5001 ²⁸
1122 4967 1252 5034 templum
1267 4971 1290 5019 t.
1347 4966 1370 5000 ²⁸
1388 4961 1468 5033 arus]
1488 4962 1660 5015 Mahometua
1678 4963 1715 5014 11.

424 5056 447 5089 ⁸⁹
464 5056 574 5108 Valens
591 5054 739 5109 a.Anlone.
773 5053 797 5086 ⁴⁰
815 5054 922 5104 Otranta
940 5057 1023 5120 eapte
1042 5050 1328 5120 e.1479.d.ll.Aug.

386 5203 392 5219 ι
484 5140 617 5195 Herem
635 5139 703 5192 Oea.
722 5155 786 5192 ron.
799 5138 833 5191 V.
1436 5138 1474 5199 15
