4300 6059
520 694 564 765 14
638 759 640 763 ,
660 724 783 761 murti
802 726 831 761 nt
851 725 997 762 VLBICBV!
1015 726 1295 775 wremmurrrtm
1313 725 1417 762 ormo
1435 727 1455 762 1.
1474 727 1541 764 EST.
1554 726 1581 764 Α.
1595 720 1654 763 1515.
1688 698 1691 703 ι

515 879 568 941 tibi
589 881 673 955 usui,
695 880 781 941 nobis
804 882 891 941 etiam
906 878 985 943 laudi
1000 888 1078 949 erat;
1102 900 1156 943 neo
1172 884 1201 942 in
1217 881 1313 961 aliqua
1327 891 1393 950 tua,
1417 890 1451 943 ut
1465 882 1580 953 debuit,
1604 901 1713 963 pugna,
1735 900 1800 951 nec,

472 1019 473 1022 =
503 982 594 1062 ,quod
616 999 734 1060 semper
755 980 912 1053 laboravit,
936 984 1090 1045 adversum
1113 992 1179 1045 tuos
1200 983 1315 1054 hostes,
1338 1002 1440 1046 verum
1464 990 1493 1045 et
1514 986 1544 1045 in
1566 985 1625 1045 otio
1648 991 1676 1046 et
1696 1001 1800 1062 perru-

513 1085 605 1145 tiente
626 1085 734 1152 aodco,
759 1103 794 1145 eo
816 1103 904 1164 quem
927 1084 1142 1147 immortalibus
1163 1087 1224 1147 suis
1246 1086 1395 1149 benefieiis
1417 1087 1618 1156 demeruerat,
1642 1083 1726 1148 euius
1747 1084 1801 1146 ob·

514 1187 617 1264 sequio
639 1192 764 1246 mortem
786 1185 842 1246 sibi
864 1189 1032 1257 accersirit;
1054 1206 1114 1248 non
1136 1190 1167 1249 in
1190 1190 1297 1258 a‘rmiS,
1326 1189 1404 1267 quod
1426 1188 1476 1251 illo
1498 1190 1618 1268 dignum
1641 1196 1719 1256 erat,
1748 1188 1799 1248 sed

514 1294 546 1348 et
567 1287 663 1347 nudus
685 1294 714 1348 et
735 1287 920 1357 indefensum
949 1291 1013 1367 qui,
1042 1291 1066 1351 si
1090 1292 1220 1359 vixisset,
1252 1289 1324 1351 nihil
1351 1300 1418 1369 post
1446 1291 1502 1352 bac
1529 1291 1648 1370 segnius
1670 1292 1822 1351 factumst

446 1397 580 1451 §.meret
599 1407 687 1468 quam
709 1390 738 1449 in
761 1387 807 1449 illa
830 1389 971 1451 adversus
992 1390 1144 1453 Gallorum
1167 1410 1268 1472 regem
1291 1392 1474 1471 expeditione
1497 1394 1573 1455 lecit
1618 1391 1716 1463 Quare
1738 1392 1801 1452 eius

513 1493 662 1553 interitum
685 1508 743 1553 non
765 1491 856 1552 debes
878 1491 960 1553 aliter
982 1492 1062 1555 serre
1084 1513 1172 1573 quam
1195 1513 1253 1555 non
1273 1496 1519 1557 contemnendam
1534 1496 1635 1573 patriae
1650 1496 1799 1555 iacturam.

513 1593 571 1663 Te,
593 1595 618 1654 si
642 1611 695 1653 nos
717 1598 866 1655 taceamus
883 1594 982 1672 'qualis
1004 1603 1104 1657 noster
1128 1596 1231 1667 luerit,
1254 1615 1311 1658 una
1335 1599 1430 1658 omnis
1452 1596 1592 1667 Francia,
1616 1586 1711 1657 omnis
1727 1597 1800 1656 Suo-

514 1697 557 1756 rie
581 1715 651 1756 roce
673 1695 798 1757 docebit.
844 1697 938 1775 Atque
960 1698 1070 1758 utinam
1092 1705 1151 1759 tam
1175 1699 1352 1778 conspderes
1374 1701 1531 1760 bumanem
1553 1699 1640 1760 huius
1662 1699 1798 1760 ierocita·

514 1804 589 1867 tem,
612 1815 701 1876 quam
721 1795 801 1858 illius
822 1798 999 1877 probitatem
1015 1819 1049 1860 ac
1064 1801 1261 1863 innocentiam
1276 1803 1365 1861 nosti!
1389 1801 1510 1863 dederat
1524 1802 1581 1861 iam
1597 1818 1657 1861 non
1673 1800 1798 1860 obscura
1811 1812 1834 1852 tt

515 1899 560 1959 sui
581 1900 680 1976 signa:
704 1909 892 1978 perspectum
914 1907 978 1961 emt
1000 1911 1142 1980 quantum
1157 1904 1260 1974 studii,
1283 1921 1381 1982 operar
1396 1922 1430 1965 ao
1445 1903 1614 1964 facultatum
1631 1903 1660 1962 in
1675 1902 1799 1981 patriam

517 2018 552 2061 ac
573 2007 601 2061 te
623 2002 724 2081 patriae
746 2009 860 2079 patrem
883 2003 1020 2064 conterre
1034 2012 1141 2082 posset
1163 2013 1191 2066 et
1212 2005 1314 2087 vellet;
1336 2007 1480 2066 ratissima
1497 2001 1719 2065 omne'virtmis
1735 2004 1799 2063 lun·

447 2103 652 2165 laudamento
674 2104 798 2173 iscoram
825 2102 945 2184 planum
968 2104 1024 2165 sibi
1047 2105 1084 2166 ad
1106 2124 1205 2168 veram
1228 2106 1350 2187 gloriam
1373 2109 1428 2168 iter
1450 2113 1615 2193 appruerat.
1654 2105 1800 2167 Adversus

515 2204 601 2286 quale
624 2205 772 2284 ingenium
795 2208 886 2285 siquis
907 2206 1078 2286 loqueretur
1100 2209 1217 2278 durius,
1241 2211 1340 2289 puniri
1361 2209 1414 2270 abs
1436 2217 1465 2270 te
1487 2227 1589 2270 serere
1611 2217 1641 2270 et
1662 2209 1800 2268 atrociter

515 2307 651 2368 deberet:
674 2325 754 2369 nunc
776 2327 843 2369 cum
866 2317 1003 2387 repertus
1024 2312 1061 2372 sit
1083 2313 1133 2389 qui
1155 2310 1299 2390 supplicio
1322 2312 1429 2372 alliciat
1450 2310 1506 2372 bac
1528 2308 1626 2371 indole
1654 2310 1833 2379 iuvenem,15

514 2410 728 2479 indemnatum,
751 2410 858 2471 indicta
881 2430 967 2473 causa
990 2431 1024 2472 ac
1047 2414 1251 2478 innocentem,
1283 2411 1339 2473 ulla
1363 2415 1531 2474 exoratione
1553 2414 1625 2473 verti
1647 2432 1663 2472 a
1685 2421 1713 2473 te
1736 2413 1799 2489 ipso

514 2512 610 2573 sines?
632 2511 692 2572 noli
714 2514 792 2574 enim
813 2531 934 2592 sperare
956 2511 1113 2593 aliquando
1134 2515 1357 2577 emendaturum
1384 2516 1470 2577 ritem
1497 2515 1648 2594 huncqui
1670 2533 1707 2576 oe
1729 2533 1799 2593 pro·
1828 2529 1832 2539 ·

514 2615 601 2675 mittit
622 2615 757 2694 quidem,
780 2623 830 2676 aut
852 2616 876 2676 si
898 2619 1063 2696 promittat,
1088 2618 1124 2679 de
1147 2637 1205 2696 quo
1228 2636 1286 2677 non
1303 2617 1430 2679 obscure
1445 2617 1614 2694 intedigitur
1629 2633 1717 2695 quem
1733 2614 1800 2676 velit

514 2716 612 2778 rivere
634 2717 797 2788 bominem,
821 2736 888 2779 cum
911 2738 927 2779 a
950 2718 1084 2780 familiari
1106 2726 1135 2780 et
1150 2721 1244 2781 amico
1259 2720 1346 2780 cedis
1362 2739 1396 2780 ao
1410 2719 1554 2781 latrocinii
1577 2721 1742 2797 auspicatus
1763 2718 1800 2776 sit

516 2819 642 2889 initium;
665 2821 755 2880 immo
778 2820 859 2881 credi
881 2822 977 2881 minus
998 2821 1069 2882 nihil
1092 2829 1188 2901 potest
1210 2840 1297 2901 quam
1320 2823 1370 2901 qui
1392 2822 1449 2882 boc
1471 2823 1552 2890 lecit,
1583 2832 1650 2883 eum
1677 2820 1713 2881 ab
1736 2819 1832 2882 nlloro

447 2921 673 3000 §.utaliquando
695 2923 807 2985 scelere
828 2929 1060 3002 temperaturum
1083 2924 1147 2984 sibi.
1190 2924 1232 2985 Te
1254 2914 1342 3002 igitur
1364 2922 1483 2997 ceritum
1506 2916 1720 3001 esse'oportet,
1744 2924 1798 2982 tui-

513 3032 772 3107 quememorem:
796 3026 892 3087 omnia
916 3026 994 3086 enim
1016 3025 1092 3087 mala
1116 3045 1181 3105 que
1202 3027 1291 3110 buius
1311 3027 1427 3106 imperii
1449 3025 1660 3106 qualiscunque
1682 3031 1726 3086 est
1741 3032 1798 3086 sta·

513 3132 556 3191 tui
578 3131 693 3190 ruinam
715 3129 821 3190 minari
844 3136 980 3207 possunt,
1004 3129 1092 3189 unius
1113 3128 1240 3189 bominis
1262 3131 1370 3208 capite,
1394 3136 1445 3190 tuo
1468 3128 1610 3190 arbitratu
1634 3135 1663 3190 et
1677 3134 1754 3189 stant
1771 3136 1799 3188 et

513 3233 677 3302 intereunt;
700 3239 787 3311 atque
810 3232 873 3292 brec
895 3230 964 3292 sole'
979 3230 1065 3291 nobis
1087 3249 1169 3310 spes,
1192 3230 1272 3292 solus
1294 3231 1342 3293 bio
1363 3232 1451 3292 timor
1474 3239 1533 3303 est,
1556 3238 1607 3293 ant
1621 3232 1717 3292 oceno
1731 3231 1797 3298 isto,

514 3343 564 3396 eut
585 3353 639 3414 per
660 3342 689 3396 te
711 3342 840 3403 serrato,
864 3334 901 3394 de
924 3352 981 3413 quo
1003 3334 1058 3393 nisi
1080 3334 1205 3413 pessima
1228 3335 1325 3395 omnia
1347 3336 1520 3414 suspicaris,
1551 3334 1592 3394 tui
1614 3334 1700 3394 nimis
1722 3330 1831 3392 obli-re

513 3439 649 3499 visceris:
672 3455 740 3498 nam
764 3438 813 3515 qui
835 3454 851 3495 a
873 3444 932 3496 tam
954 3437 1064 3495 insonti
1086 3437 1191 3498 iurene
1213 3437 1307 3497 caedes
1329 3455 1363 3497 ac
1385 3437 1540 3516 parricidia
1556 3435 1686 3504 orditur,
1710 3434 1746 3494 de
1762 3451 1797 3493 eo

515 3542 628 3620 sperari
650 3538 754 3600 melius
777 3556 835 3598 uon
858 3544 954 3617 potest
976 3556 1062 3618 qnam
1086 3545 1273 3618 perspectum
1300 3546 1358 3608 est;
1388 3558 1483 3618 neque
1585 3554 1714 3615 unquam
1737 3554 1797 3595 ma·

445 3643 570 3704 omioni
592 3640 723 3720 periculo
744 3657 886 3702 concessa
908 3642 1066 3721 impunitas
1089 3642 1150 3701 luit.
1195 3640 1298 3720 Magna
1321 3642 1453 3719 pmleoto
1475 3658 1523 3701 res
1579 3646 1603 3706 t,
1634 3636 1744 3704 Cesar,
1770 3646 1798 3696 et

513 3742 733 3823 quae'ueglecta
755 3742 859 3803 abste
881 3761 939 3802 non
962 3749 1058 3821 potest
1088 3761 1145 3804 non
1178 3745 1419 3805 existimationem
1446 3743 1581 3802 minuere
1609 3746 1703 3800 tuam:
1733 3739 1797 3817 quis

513 3865 585 3926 ergo
608 3853 705 3906 tantus
726 3847 756 3905 in
779 3846 835 3907 hoo
856 3846 980 3923 imperio
1002 3847 1083 3914 vivii,
1108 3847 1193 3908 etiam
1215 3847 1264 3926 qui
1286 3845 1363 3906 nibil
1380 3843 1437 3905 tale
1459 3844 1623 3909 admiserit,
1654 3860 1742 3919 quem
1764 3848 1832 3900 triae

511 3951 624 4011 iactura
648 3949 872 4009 existimationis*
888 3955 945 4008 tum
967 3946 1038 4009 velis
1060 3948 1096 4009 ab
1119 3948 1280 4008 imminenti
1303 3945 1397 4026 aliqua
1422 3945 1503 4006 clade
1525 3952 1575 4006 aut
1589 3945 1720 4024 pernicie
1735 3960 1797 4003 ser-

514 4051 628 4111 vatum?
651 4050 734 4122 Quod
758 4068 824 4110 eum
846 4050 979 4117 omnino,
1003 4052 1028 4112 si
1050 4052 1092 4111 sic
1114 4050 1212 4119 cadat,
1236 4050 1381 4109 iacturum
1404 4056 1432 4109 te
1459 4063 1565 4125 neges,
1595 4047 1663 4127 quid
1687 4048 1715 4106 in
1739 4046 1795 4106 boc

512 4153 603 4214 iacies
624 4152 712 4214 tentis
733 4152 852 4230 probris
874 4155 1088 4220 contaminato,
1121 4154 1207 4211 tantis
1234 4169 1250 4212 a
1279 4158 1382 4211 natura
1405 4149 1645 4229 perversitatibus
1666 4147 1797 4208 imbuto?

514 4256 597 4315 cuius
619 4261 733 4316 tantum
756 4263 799 4316 est
820 4253 932 4324 scelus,
954 4264 1072 4335 tamque
1094 4254 1307 4332 perniciosum,
1336 4271 1432 4331 aquo
1455 4260 1514 4314 tam
1537 4251 1676 4330 pestilens
1699 4267 1797 4310 exem·

513 4356 595 4436 plum
618 4359 734 4418 maneti
757 4376 814 4437 quo
837 4357 959 4419 babebis
981 4357 1064 4417 loco?
1087 4362 1215 4417 autnon
1238 4356 1268 4415 in
1290 4373 1405 4416 summo
1427 4356 1514 4417 buius
1536 4352 1709 4414 malello-ium
1725 4367 1832 4411 con-ao

444 4460 616 4521 §.resistere
637 4461 798 4539 putandum
821 4461 883 4521 esti
905 4460 1017 4539 Nempe
1039 4467 1071 4519 ut
1093 4456 1231 4518 atrociori
1253 4457 1358 4518 delicto
1380 4476 1440 4518 non
1461 4456 1608 4522 sitimus,
1632 4437 1735 4514 omues
1749 4453 1797 4512 bic

513 4564 692 4641 antiquitatis
714 4570 798 4623 notas
820 4564 958 4630 excessio
981 4578 1079 4641 neque
1100 4566 1182 4621 vetus
1204 4558 1320 4639 aliquod
1343 4561 1484 4640 flagitium
1506 4555 1614 4619 imitari
1628 4574 1660 4618 se
1675 4555 1795 4633 dignum

511 4717 713 4728 ——nn-

579 4803 587 4836 ¹
606 4801 668 4869 nee]
689 4806 704 4855 i.
718 4819 741 4853 e.
754 4818 807 4853 nee
825 4800 969 4852 intercidit
1024 4798 1035 4829 ⁹
1054 4798 1159 4850 consid.
1173 4803 1199 4851 2.
1212 4799 1311 4865 ubique.
1363 4795 1383 4832 ¹²
1402 4797 1553 4848 Rectissime
1574 4797 1634 4847 edd.
1653 4797 1733 4845 malim
1752 4808 1796 4842 ra-

511 4890 630 4941 rissima.
705 4887 727 4920 ¹⁸
751 4888 900 4938 Adversum
920 4890 943 4938 1.
1017 4882 1039 4916 ¹⁵
1055 4884 1134 4935 Nrmc
1154 4898 1214 4934 cnm
1232 4901 1289 4950 rep.
1304 4885 1340 4933 sit
1360 4887 1382 4932 1.
1418 4882 1450 4932 Ν.
1471 4888 1596 4948 repertus
1619 4886 1661 4930 est
1682 4896 1751 4929 corr.
1764 4883 1794 4927 Η.

512 4973 597 5041 ollio]
617 4974 712 5024 offecit
764 4972 784 5005 ¹⁸
801 4971 859 5023 ullo
877 4988 900 5020 e.
920 4970 993 5019 uerti
1048 4970 1140 5019 aines?
1160 4972 1182 5018 1.
1213 4975 1292 5034 potes
1311 4967 1368 5017 ulle
1387 4983 1411 5017 e.
1430 4969 1503 5018 verti
1523 4985 1539 5018 a
1557 4957 1676 5031 teipso?
1689 4970 1794 5015 cornil.

511 5059 532 5093 ¹⁸
551 5075 630 5126 quem
648 5074 674 5110 v.
688 5060 781 5111 vivere
800 5058 882 5115 hom]
902 5056 939 5106 et.
955 5054 1156 5104 ‘Bacchanalia
1167 5055 1272 5104 vivunt·
1286 5052 1399 5102 [uocaui.
1413 5058 1465 5102 sat.
1480 5052 1515 5102 ll.
1528 5052 1554 5102 3.
1588 5049 1609 5084 ⁸⁴
1627 5053 1756 5116 itunque
1770 5056 1794 5100 1.
