<?xml version="1.0" encoding="UTF-8"?>
<!DOCTYPE html PUBLIC "-//W3C//DTD XHTML 1.0 Transitional//EN"
    "http://www.w3.org/TR/xhtml1/DTD/xhtml1-transitional.dtd">
<html xmlns="http://www.w3.org/1999/xhtml" xml:lang="en" lang="en">
 <head>
  <title>
</title>
<meta http-equiv="Content-Type" content="text/html;charset=utf-8" />
  <meta name='ocr-system' content='tesseract 3.04.00' />
  <meta name='ocr-capabilities' content='ocr_page ocr_carea ocr_par ocr_line ocrx_word'/>
</head>
<body>
  <div class='ocr_page' id='page_1' title='image "./ulrichihuttenie01huttgoog/ulrichihuttenie01huttgoog_0143.png"; bbox 0 0 4300 6059; ppageno 0'>
   <div class='ocr_carea' id='block_1_1' title="bbox 353 661 1633 743">
    <p class='ocr_par' dir='ltr' id='par_1_1' title="bbox 353 661 1633 743">
     <span class='ocr_line' id='line_1_1' title="bbox 353 661 1633 743; baseline 0.003 -20"><span class='ocrx_word' id='word_1_1' title='bbox 353 687 477 725; x_wconf 63' lang='lat' dir='ltr'>tivum</span> <span class='ocrx_word' id='word_1_2' title='bbox 490 689 821 725; x_wconf 55' lang='lat' dir='ltr'>dominisententiam</span> <span class='ocrx_word' id='word_1_3' title='bbox 834 690 944 725; x_wconf 70' lang='grc' dir='ltr'>ΒΕΙᾸΝΙ(</span> <span class='ocrx_word' id='word_1_4' title='bbox 957 690 1056 726; x_wconf 73' lang='lat' dir='ltr'>TVRCIS</span> <span class='ocrx_word' id='word_1_5' title='bbox 1071 691 1210 728; x_wconf 64' lang='lat' dir='ltr'>tuemur</span> <span class='ocrx_word' id='word_1_6' title='bbox 1223 691 1448 726; x_wconf 71' lang='lat' dir='ltr'>nxuoxrtronrn.</span> <span class='ocrx_word' id='word_1_7' title='bbox 1461 675 1545 743; x_wconf 77' lang='lat'>(1⁵18.)</span> <span class='ocrx_word' id='word_1_8' title='bbox 1567 661 1633 733; x_wconf 73' lang='lat'>13¹</span> 
     </span>
    </p>
   </div>
   <div class='ocr_carea' id='block_1_2' title="bbox 315 843 1717 5063">
    <p class='ocr_par' dir='ltr' id='par_1_2' title="bbox 315 843 1717 5063">
     <span class='ocr_line' id='line_1_2' title="bbox 352 843 1639 924; baseline 0.004 -21"><span class='ocrx_word' id='word_1_9' title='bbox 352 844 464 921; x_wconf 89' lang='lat' dir='ltr'>petenti</span> <span class='ocrx_word' id='word_1_10' title='bbox 487 850 519 903; x_wconf 92' lang='lat' dir='ltr'>ut</span> <span class='ocrx_word' id='word_1_11' title='bbox 541 843 677 905; x_wconf 80' lang='lat' dir='ltr'>alacriter</span> <span class='ocrx_word' id='word_1_12' title='bbox 700 862 891 906; x_wconf 90' lang='lat' dir='ltr'>occurramus</span> <span class='ocrx_word' id='word_1_13' title='bbox 921 844 966 906; x_wconf 90' lang='lat' dir='ltr'>vel</span> <span class='ocrx_word' id='word_1_14' title='bbox 992 846 1088 924; x_wconf 87' lang='lat' dir='ltr'>ipsum</span> <span class='ocrx_word' id='word_1_15' title='bbox 1119 847 1284 908; x_wconf 77' lang='lat' dir='ltr'>Germaniae</span> <span class='ocrx_word' id='word_1_16' title='bbox 1313 845 1488 908; x_wconf 86' lang='lat' dir='ltr'>vocabulum</span> <span class='ocrx_word' id='word_1_17' title='bbox 1517 849 1639 908; x_wconf 91' lang='lat' dir='ltr'>incitare</span> 
     </span>
     <span class='ocr_line' id='line_1_3' title="bbox 351 944 1639 1033; baseline 0.006 -28"><span class='ocrx_word' id='word_1_18' title='bbox 351 944 456 1006; x_wconf 85' lang='lat' dir='ltr'>debet:</span> <span class='ocrx_word' id='word_1_19' title='bbox 492 964 560 1006; x_wconf 91' lang='lat' dir='ltr'>uam</span> <span class='ocrx_word' id='word_1_20' title='bbox 589 948 613 1006; x_wconf 93' lang='lat' dir='ltr'>si</span> <span class='ocrx_word' id='word_1_21' title='bbox 640 947 676 1007; x_wconf 90' lang='lat' dir='ltr'>ad</span> <span class='ocrx_word' id='word_1_22' title='bbox 705 948 832 1007; x_wconf 92' lang='lat' dir='ltr'>nominis</span> <span class='ocrx_word' id='word_1_23' title='bbox 859 947 1062 1028; x_wconf 78' lang='lat' dir='ltr'>etymologiam</span> <span class='ocrx_word' id='word_1_24' title='bbox 1097 949 1284 1027; x_wconf 78' lang='lat' dir='ltr'><strong>respicimus,</strong></span> <span class='ocrx_word' id='word_1_25' title='bbox 1319 950 1397 1011; x_wconf 91' lang='lat' dir='ltr'>idem</span> <span class='ocrx_word' id='word_1_26' title='bbox 1424 959 1468 1010; x_wconf 83' lang='lat' dir='ltr'>est</span> <span class='ocrx_word' id='word_1_27' title='bbox 1495 949 1639 1033; x_wconf 68' lang='lat' dir='ltr'>ideomate</span> 
     </span>
     <span class='ocr_line' id='line_1_4' title="bbox 351 1029 1639 1129; baseline 0.002 -22"><span class='ocrx_word' id='word_1_28' title='bbox 351 1054 454 1108; x_wconf 91' lang='lat' dir='ltr'>nostro</span> <span class='ocrx_word' id='word_1_29' title='bbox 477 1048 656 1117; x_wconf 84' lang='lat' dir='ltr'>Germanus,</span> <span class='ocrx_word' id='word_1_30' title='bbox 686 1049 764 1125; x_wconf 90' lang='lat' dir='ltr'>quod</span> <span class='ocrx_word' id='word_1_31' title='bbox 789 1048 890 1109; x_wconf 82' lang='lat' dir='ltr'><strong>Latine</strong></span> <span class='ocrx_word' id='word_1_32' title='bbox 920 1068 956 1110; x_wconf 85' lang='lat' dir='ltr'>ex</span> <span class='ocrx_word' id='word_1_33' title='bbox 983 1055 1044 1109; x_wconf 91' lang='lat' dir='ltr'>toto</span> <span class='ocrx_word' id='word_1_34' title='bbox 1075 1051 1118 1110; x_wconf 85' lang='lat' dir='ltr'>vir</span> <span class='ocrx_word' id='word_1_35' title='bbox 1146 1058 1196 1110; x_wconf 89' lang='lat' dir='ltr'>aut</span> <span class='ocrx_word' id='word_1_36' title='bbox 1223 1052 1343 1110; x_wconf 91' lang='lat' dir='ltr'>omnino</span> <span class='ocrx_word' id='word_1_37' title='bbox 1372 1053 1414 1110; x_wconf 86' lang='lat' dir='ltr'>rir</span> <span class='ocrx_word' id='word_1_38' title='bbox 1436 1029 1486 1111; x_wconf 68' lang='lat' dir='ltr'>eut</span> <span class='ocrx_word' id='word_1_39' title='bbox 1508 1051 1639 1129; x_wconf 80' lang='lat' dir='ltr'>perfecte</span> 
     </span>
     <span class='ocr_line' id='line_1_5' title="bbox 352 1149 1637 1228; baseline 0.005 -21"><span class='ocrx_word' id='word_1_40' title='bbox 352 1151 410 1217; x_wconf 86' lang='lat' dir='ltr'>rir,</span> <span class='ocrx_word' id='word_1_41' title='bbox 438 1151 521 1228; x_wconf 86' lang='lat' dir='ltr'>quasi</span> <span class='ocrx_word' id='word_1_42' title='bbox 549 1158 580 1212; x_wconf 91' lang='lat' dir='ltr'>tu</span> <span class='ocrx_word' id='word_1_43' title='bbox 607 1150 687 1211; x_wconf 90' lang='lat' dir='ltr'>dicas</span> <span class='ocrx_word' id='word_1_44' title='bbox 716 1149 752 1211; x_wconf 92' lang='lat' dir='ltr'>ab</span> <span class='ocrx_word' id='word_1_45' title='bbox 775 1153 854 1213; x_wconf 93' lang='lat' dir='ltr'>omni</span> <span class='ocrx_word' id='word_1_46' title='bbox 877 1152 982 1211; x_wconf 86' lang='lat' dir='ltr'>virtute</span> <span class='ocrx_word' id='word_1_47' title='bbox 1005 1161 1239 1212; x_wconf 89' lang='lat' dir='ltr'>consummatum</span> <span class='ocrx_word' id='word_1_48' title='bbox 1268 1152 1431 1213; x_wconf 90' lang='lat' dir='ltr'>hominem:</span> <span class='ocrx_word' id='word_1_49' title='bbox 1463 1153 1536 1213; x_wconf 91' lang='lat' dir='ltr'>adeo</span> <span class='ocrx_word' id='word_1_50' title='bbox 1560 1155 1637 1214; x_wconf 92' lang='lat' dir='ltr'>enim</span> 
     </span>
     <span class='ocr_line' id='line_1_6' title="bbox 324 1250 1638 1333; baseline 0.005 -26"><span class='ocrx_word' id='word_1_51' title='bbox 324 1250 472 1310; x_wconf 71' lang='lat' dir='ltr'>oluerunt</span> <span class='ocrx_word' id='word_1_52' title='bbox 493 1251 572 1312; x_wconf 92' lang='lat' dir='ltr'>circa</span> <span class='ocrx_word' id='word_1_53' title='bbox 595 1252 695 1330; x_wconf 81' lang='lat' dir='ltr'>gloriae</span> <span class='ocrx_word' id='word_1_54' title='bbox 718 1253 846 1314; x_wconf 89' lang='lat' dir='ltr'>studium</span> <span class='ocrx_word' id='word_1_55' title='bbox 868 1252 1013 1313; x_wconf 78' lang='lat' dir='ltr'>ambitiosi</span> <span class='ocrx_word' id='word_1_56' title='bbox 1039 1255 1166 1314; x_wconf 89' lang='lat' dir='ltr'>maiores</span> <span class='ocrx_word' id='word_1_57' title='bbox 1194 1256 1301 1324; x_wconf 89' lang='lat' dir='ltr'>nostri,</span> <span class='ocrx_word' id='word_1_58' title='bbox 1331 1261 1364 1315; x_wconf 94' lang='lat' dir='ltr'>ut</span> <span class='ocrx_word' id='word_1_59' title='bbox 1390 1273 1493 1314; x_wconf 84' lang='lat' dir='ltr'>rocem</span> <span class='ocrx_word' id='word_1_60' title='bbox 1521 1272 1638 1333; x_wconf 88' lang='lat' dir='ltr'>quoque</span> 
     </span>
     <span class='ocr_line' id='line_1_7' title="bbox 351 1350 1705 1434; baseline 0.007 -25"><span class='ocrx_word' id='word_1_61' title='bbox 351 1350 460 1413; x_wconf 80' lang='lat' dir='ltr'>retient</span> <span class='ocrx_word' id='word_1_62' title='bbox 482 1371 546 1414; x_wconf 88' lang='lat' dir='ltr'>esse</span> <span class='ocrx_word' id='word_1_63' title='bbox 569 1371 633 1432; x_wconf 84' lang='lat' dir='ltr'>quae</span> <span class='ocrx_word' id='word_1_64' title='bbox 656 1353 693 1415; x_wconf 93' lang='lat' dir='ltr'>ad</span> <span class='ocrx_word' id='word_1_65' title='bbox 714 1355 849 1416; x_wconf 84' lang='lat' dir='ltr'>virtutem</span> <span class='ocrx_word' id='word_1_66' title='bbox 873 1355 1050 1416; x_wconf 74' lang='lat' dir='ltr'><strong>hortaretur.</strong></span> <span class='ocrx_word' id='word_1_67' title='bbox 1095 1355 1132 1415; x_wconf 89' lang='lat' dir='ltr'>Et</span> <span class='ocrx_word' id='word_1_68' title='bbox 1153 1363 1314 1434; x_wconf 82' lang='lat' dir='ltr'>-gesserunt</span> <span class='ocrx_word' id='word_1_69' title='bbox 1339 1355 1381 1415; x_wconf 93' lang='lat' dir='ltr'>illi</span> <span class='ocrx_word' id='word_1_70' title='bbox 1404 1374 1452 1417; x_wconf 93' lang='lat' dir='ltr'>res</span> <span class='ocrx_word' id='word_1_71' title='bbox 1474 1356 1626 1424; x_wconf 82' lang='lat' dir='ltr'>maximas,</span> <span class='ocrx_word' id='word_1_72' title='bbox 1639 1371 1705 1423; x_wconf 71' lang='lat' dir='ltr'>§.res</span> 
     </span>
     <span class='ocr_line' id='line_1_8' title="bbox 350 1453 1637 1535; baseline 0.002 -20"><span class='ocrx_word' id='word_1_73' title='bbox 350 1471 385 1515; x_wconf 88' lang='lat' dir='ltr'>ac</span> <span class='ocrx_word' id='word_1_74' title='bbox 407 1453 494 1527; x_wconf 88' lang='lat' dir='ltr'>nobis</span> <span class='ocrx_word' id='word_1_75' title='bbox 515 1474 570 1534; x_wconf 90' lang='lat' dir='ltr'>per</span> <span class='ocrx_word' id='word_1_76' title='bbox 592 1474 697 1517; x_wconf 85' lang='lat' dir='ltr'>manus</span> <span class='ocrx_word' id='word_1_77' title='bbox 719 1456 903 1517; x_wconf 90' lang='lat' dir='ltr'>tradiderunt</span> <span class='ocrx_word' id='word_1_78' title='bbox 923 1455 1061 1534; x_wconf 77' lang='lat' dir='ltr'>gloriam,</span> <span class='ocrx_word' id='word_1_79' title='bbox 1086 1475 1173 1535; x_wconf 89' lang='lat' dir='ltr'>quam</span> <span class='ocrx_word' id='word_1_80' title='bbox 1197 1458 1251 1518; x_wconf 84' lang='lat' dir='ltr'>nisi</span> <span class='ocrx_word' id='word_1_81' title='bbox 1274 1459 1445 1528; x_wconf 82' lang='lat' dir='ltr'>asserimus,</span> <span class='ocrx_word' id='word_1_82' title='bbox 1476 1476 1543 1519; x_wconf 81' lang='lat' dir='ltr'>rere</span> <span class='ocrx_word' id='word_1_83' title='bbox 1565 1460 1637 1520; x_wconf 84' lang='lat' dir='ltr'>Ger-</span> 
     </span>
     <span class='ocr_line' id='line_1_9' title="bbox 350 1557 1637 1628; baseline 0.004 -13"><span class='ocrx_word' id='word_1_84' title='bbox 350 1557 430 1616; x_wconf 87' lang='lat' dir='ltr'>mani</span> <span class='ocrx_word' id='word_1_85' title='bbox 453 1574 513 1616; x_wconf 93' lang='lat' dir='ltr'>non</span> <span class='ocrx_word' id='word_1_86' title='bbox 535 1574 645 1618; x_wconf 89' lang='lat' dir='ltr'>sumus.</span> <span class='ocrx_word' id='word_1_87' title='bbox 691 1558 749 1619; x_wconf 90' lang='lat' dir='ltr'>Sed</span> <span class='ocrx_word' id='word_1_88' title='bbox 773 1566 805 1618; x_wconf 94' lang='lat' dir='ltr'>ut</span> <span class='ocrx_word' id='word_1_89' title='bbox 826 1559 932 1628; x_wconf 88' lang='lat' dir='ltr'>simus,</span> <span class='ocrx_word' id='word_1_90' title='bbox 962 1560 990 1619; x_wconf 91' lang='lat' dir='ltr'>iu</span> <span class='ocrx_word' id='word_1_91' title='bbox 1018 1568 1113 1620; x_wconf 86' lang='lat' dir='ltr'>restra</span> <span class='ocrx_word' id='word_1_92' title='bbox 1137 1561 1224 1621; x_wconf 89' lang='lat' dir='ltr'>situm</span> <span class='ocrx_word' id='word_1_93' title='bbox 1247 1568 1291 1621; x_wconf 89' lang='lat' dir='ltr'>est</span> <span class='ocrx_word' id='word_1_94' title='bbox 1319 1559 1480 1620; x_wconf 79' lang='lat' dir='ltr'>voluntate:</span> <span class='ocrx_word' id='word_1_95' title='bbox 1509 1577 1577 1620; x_wconf 88' lang='lat' dir='ltr'>nam</span> <span class='ocrx_word' id='word_1_96' title='bbox 1601 1559 1637 1620; x_wconf 90' lang='lat' dir='ltr'>de</span> 
     </span>
     <span class='ocr_line' id='line_1_10' title="bbox 350 1656 1705 1741; baseline 0.007 -25"><span class='ocrx_word' id='word_1_97' title='bbox 350 1656 472 1736; x_wconf 88' lang='lat' dir='ltr'>reliquis</span> <span class='ocrx_word' id='word_1_98' title='bbox 492 1656 571 1720; x_wconf 89' lang='lat' dir='ltr'>beno</span> <span class='ocrx_word' id='word_1_99' title='bbox 593 1659 695 1730; x_wconf 91' lang='lat' dir='ltr'>habet,</span> <span class='ocrx_word' id='word_1_100' title='bbox 724 1667 753 1720; x_wconf 89' lang='lat' dir='ltr'>et</span> <span class='ocrx_word' id='word_1_101' title='bbox 781 1668 916 1740; x_wconf 86' lang='lat' dir='ltr'>sumptus</span> <span class='ocrx_word' id='word_1_102' title='bbox 942 1680 1059 1741; x_wconf 86' lang='lat' dir='ltr'>quoque</span> <span class='ocrx_word' id='word_1_103' title='bbox 1082 1663 1232 1722; x_wconf 88' lang='lat' dir='ltr'>sullecturi</span> <span class='ocrx_word' id='word_1_104' title='bbox 1261 1661 1411 1729; x_wconf 68' lang='lat' dir='ltr'>ridentum</span> <span class='ocrx_word' id='word_1_105' title='bbox 1446 1660 1527 1723; x_wconf 86' lang='lat' dir='ltr'>valde</span> <span class='ocrx_word' id='word_1_106' title='bbox 1550 1662 1705 1727; x_wconf 75' lang='lat' dir='ltr'>enimerer.</span> 
     </span>
     <span class='ocr_line' id='line_1_11' title="bbox 315 1758 1636 1842; baseline 0.005 -26"><span class='ocrx_word' id='word_1_107' title='bbox 315 1758 423 1818; x_wconf 81' lang='lat' dir='ltr'>mmihi</span> <span class='ocrx_word' id='word_1_108' title='bbox 444 1759 588 1838; x_wconf 90' lang='lat' dir='ltr'>probatur</span> <span class='ocrx_word' id='word_1_109' title='bbox 609 1761 668 1824; x_wconf 88' lang='lat' dir='ltr'>hoc</span> <span class='ocrx_word' id='word_1_110' title='bbox 690 1762 859 1831; x_wconf 90' lang='lat' dir='ltr'>consilium,</span> <span class='ocrx_word' id='word_1_111' title='bbox 883 1764 961 1842; x_wconf 89' lang='lat' dir='ltr'>quod</span> <span class='ocrx_word' id='word_1_112' title='bbox 984 1764 1259 1841; x_wconf 59' lang='lat' dir='ltr'>agitare&#39;quosuam</span> <span class='ocrx_word' id='word_1_113' title='bbox 1284 1762 1380 1830; x_wconf 90' lang='lat' dir='ltr'>rideo,</span> <span class='ocrx_word' id='word_1_114' title='bbox 1407 1769 1476 1823; x_wconf 93' lang='lat' dir='ltr'>uta</span> <span class='ocrx_word' id='word_1_115' title='bbox 1499 1763 1636 1824; x_wconf 87' lang='lat' dir='ltr'>sacerdo·</span> 
     </span>
     <span class='ocr_line' id='line_1_12' title="bbox 350 1858 1636 1944; baseline 0.003 -24"><span class='ocrx_word' id='word_1_116' title='bbox 350 1859 444 1929; x_wconf 90' lang='lat' dir='ltr'>tibus,</span> <span class='ocrx_word' id='word_1_117' title='bbox 467 1861 520 1922; x_wconf 90' lang='lat' dir='ltr'>sed</span> <span class='ocrx_word' id='word_1_118' title='bbox 541 1863 599 1924; x_wconf 88' lang='lat' dir='ltr'>illis</span> <span class='ocrx_word' id='word_1_119' title='bbox 620 1866 671 1943; x_wconf 86' lang='lat' dir='ltr'>qui</span> <span class='ocrx_word' id='word_1_120' title='bbox 693 1883 790 1944; x_wconf 81' lang='lat' dir='ltr'>neque</span> <span class='ocrx_word' id='word_1_121' title='bbox 813 1858 977 1925; x_wconf 88' lang='lat' dir='ltr'>militabunt</span> <span class='ocrx_word' id='word_1_122' title='bbox 1004 1866 1060 1944; x_wconf 91' lang='lat' dir='ltr'>ipsi</span> <span class='ocrx_word' id='word_1_123' title='bbox 1089 1873 1117 1926; x_wconf 89' lang='lat' dir='ltr'>et</span> <span class='ocrx_word' id='word_1_124' title='bbox 1144 1864 1235 1925; x_wconf 89' lang='lat' dir='ltr'>rebus</span> <span class='ocrx_word' id='word_1_125' title='bbox 1262 1865 1298 1925; x_wconf 91' lang='lat' dir='ltr'>ad</span> <span class='ocrx_word' id='word_1_126' title='bbox 1327 1866 1434 1925; x_wconf 89' lang='lat' dir='ltr'>victum</span> <span class='ocrx_word' id='word_1_127' title='bbox 1462 1866 1636 1932; x_wconf 86' lang='lat' dir='ltr'>necessariis</span> 
     </span>
     <span class='ocr_line' id='line_1_13' title="bbox 349 1959 1713 2046; baseline 0.004 -25"><span class='ocrx_word' id='word_1_128' title='bbox 349 1959 488 2026; x_wconf 88' lang='lat' dir='ltr'>omnibus</span> <span class='ocrx_word' id='word_1_129' title='bbox 510 1965 618 2026; x_wconf 80' lang='lat' dir='ltr'>aliatim</span> <span class='ocrx_word' id='word_1_130' title='bbox 633 1965 797 2034; x_wconf 88' lang='lat' dir='ltr'>abundant,</span> <span class='ocrx_word' id='word_1_131' title='bbox 822 1969 954 2046; x_wconf 81' lang='lat' dir='ltr'>pecuniae</span> <span class='ocrx_word' id='word_1_132' title='bbox 968 1975 1120 2045; x_wconf 69' lang='lat' dir='ltr'>petentum</span> <span class='ocrx_word' id='word_1_133' title='bbox 1144 1976 1176 2026; x_wconf 92' lang='lat' dir='ltr'>ut</span> <span class='ocrx_word' id='word_1_134' title='bbox 1189 1967 1258 2027; x_wconf 91' lang='lat' dir='ltr'>item</span> <span class='ocrx_word' id='word_1_135' title='bbox 1275 1966 1310 2026; x_wconf 93' lang='lat' dir='ltr'>ab</span> <span class='ocrx_word' id='word_1_136' title='bbox 1327 1966 1547 2045; x_wconf 89' lang='lat' dir='ltr'>opulentissimo</span> <span class='ocrx_word' id='word_1_137' title='bbox 1563 1986 1635 2046; x_wconf 89' lang='lat' dir='ltr'>quo·</span> <span class='ocrx_word' id='word_1_138' title='bbox 1711 1961 1713 1964; x_wconf 69' lang='grc'><strong>’</strong></span> 
     </span>
     <span class='ocr_line' id='line_1_14' title="bbox 349 2067 1633 2148; baseline 0.005 -24"><span class='ocrx_word' id='word_1_139' title='bbox 349 2083 407 2144; x_wconf 89' lang='lat' dir='ltr'>quc</span> <span class='ocrx_word' id='word_1_140' title='bbox 430 2084 534 2127; x_wconf 84' lang='lat' dir='ltr'>eorum</span> <span class='ocrx_word' id='word_1_141' title='bbox 557 2068 607 2146; x_wconf 86' lang='lat' dir='ltr'>qui</span> <span class='ocrx_word' id='word_1_142' title='bbox 631 2069 659 2128; x_wconf 93' lang='lat' dir='ltr'>in</span> <span class='ocrx_word' id='word_1_143' title='bbox 682 2067 783 2128; x_wconf 90' lang='lat' dir='ltr'>liberis</span> <span class='ocrx_word' id='word_1_144' title='bbox 805 2069 968 2130; x_wconf 89' lang='lat' dir='ltr'>civitatibus</span> <span class='ocrx_word' id='word_1_145' title='bbox 991 2071 1135 2129; x_wconf 87' lang='lat' dir='ltr'>otiantur:</span> <span class='ocrx_word' id='word_1_146' title='bbox 1159 2088 1214 2127; x_wconf 91' lang='lat' dir='ltr'>uec</span> <span class='ocrx_word' id='word_1_147' title='bbox 1236 2068 1366 2129; x_wconf 84' lang='lat' dir='ltr'>defuturi</span> <span class='ocrx_word' id='word_1_148' title='bbox 1381 2068 1466 2129; x_wconf 90' lang='lat' dir='ltr'>nobis</span> <span class='ocrx_word' id='word_1_149' title='bbox 1481 2071 1520 2148; x_wconf 93' lang='lat' dir='ltr'>pii</span> <span class='ocrx_word' id='word_1_150' title='bbox 1536 2088 1633 2131; x_wconf 88' lang='lat' dir='ltr'>sacer·</span> 
     </span>
     <span class='ocr_line' id='line_1_15' title="bbox 348 2166 1703 2248; baseline 0.006 -22"><span class='ocrx_word' id='word_1_151' title='bbox 348 2166 446 2235; x_wconf 86' lang='lat' dir='ltr'>dotes,</span> <span class='ocrx_word' id='word_1_152' title='bbox 476 2167 547 2229; x_wconf 92' lang='lat' dir='ltr'>boni</span> <span class='ocrx_word' id='word_1_153' title='bbox 580 2170 656 2231; x_wconf 82' lang='lat' dir='ltr'>cives</span> <span class='ocrx_word' id='word_1_154' title='bbox 685 2170 829 2232; x_wconf 87' lang='lat' dir='ltr'>videntur.</span> <span class='ocrx_word' id='word_1_155' title='bbox 863 2179 928 2231; x_wconf 92' lang='lat' dir='ltr'>tum</span> <span class='ocrx_word' id='word_1_156' title='bbox 957 2170 1029 2233; x_wconf 92' lang='lat' dir='ltr'>illud</span> <span class='ocrx_word' id='word_1_157' title='bbox 1057 2178 1139 2232; x_wconf 90' lang='lat' dir='ltr'>recte</span> <span class='ocrx_word' id='word_1_158' title='bbox 1168 2172 1362 2247; x_wconf 82' lang='lat' dir='ltr'>excogitatum</span> <span class='ocrx_word' id='word_1_159' title='bbox 1385 2177 1418 2230; x_wconf 91' lang='lat' dir='ltr'>ut</span> <span class='ocrx_word' id='word_1_160' title='bbox 1440 2188 1476 2229; x_wconf 84' lang='lat' dir='ltr'>ex</span> <span class='ocrx_word' id='word_1_161' title='bbox 1498 2170 1703 2248; x_wconf 70' lang='lat' dir='ltr'>siugulisersa.</span> 
     </span>
     <span class='ocr_line' id='line_1_16' title="bbox 316 2268 1636 2351; baseline 0.005 -25"><span class='ocrx_word' id='word_1_162' title='bbox 316 2268 476 2330; x_wconf 74' lang='lat' dir='ltr'>rslratrum</span> <span class='ocrx_word' id='word_1_163' title='bbox 505 2269 637 2349; x_wconf 78' lang='lat' dir='ltr'>collegiis</span> <span class='ocrx_word' id='word_1_164' title='bbox 664 2271 771 2350; x_wconf 82' lang='lat' dir='ltr'>singuli</span> <span class='ocrx_word' id='word_1_165' title='bbox 800 2273 951 2333; x_wconf 87' lang='lat' dir='ltr'>mittantur</span> <span class='ocrx_word' id='word_1_166' title='bbox 980 2274 1028 2351; x_wconf 86' lang='lat' dir='ltr'>qui</span> <span class='ocrx_word' id='word_1_167' title='bbox 1057 2274 1227 2334; x_wconf 90' lang='lat' dir='ltr'>monasterii</span> <span class='ocrx_word' id='word_1_168' title='bbox 1255 2275 1301 2333; x_wconf 91' lang='lat' dir='ltr'>sui</span> <span class='ocrx_word' id='word_1_169' title='bbox 1329 2272 1474 2351; x_wconf 90' lang='lat' dir='ltr'>stipendio</span> <span class='ocrx_word' id='word_1_170' title='bbox 1503 2272 1636 2343; x_wconf 85' lang='lat' dir='ltr'>militent,</span> 
     </span>
     <span class='ocr_line' id='line_1_17' title="bbox 349 2371 1637 2453; baseline 0.002 -23"><span class='ocrx_word' id='word_1_171' title='bbox 349 2388 385 2430; x_wconf 85' lang='lat' dir='ltr'>ex</span> <span class='ocrx_word' id='word_1_172' title='bbox 401 2371 591 2449; x_wconf 88' lang='lat' dir='ltr'>quibusdam,</span> <span class='ocrx_word' id='word_1_173' title='bbox 608 2382 640 2435; x_wconf 92' lang='lat' dir='ltr'>ut</span> <span class='ocrx_word' id='word_1_174' title='bbox 654 2373 778 2435; x_wconf 82' lang='lat' dir='ltr'>facultas</span> <span class='ocrx_word' id='word_1_175' title='bbox 794 2375 864 2442; x_wconf 88' lang='lat' dir='ltr'>erit,</span> <span class='ocrx_word' id='word_1_176' title='bbox 880 2373 955 2442; x_wconf 92' lang='lat' dir='ltr'>bini;</span> <span class='ocrx_word' id='word_1_177' title='bbox 979 2375 1055 2435; x_wconf 88' lang='lat' dir='ltr'>idem</span> <span class='ocrx_word' id='word_1_178' title='bbox 1078 2377 1155 2453; x_wconf 92' lang='lat' dir='ltr'>apud</span> <span class='ocrx_word' id='word_1_179' title='bbox 1172 2374 1333 2436; x_wconf 88' lang='lat' dir='ltr'>Canonicos</span> <span class='ocrx_word' id='word_1_180' title='bbox 1347 2375 1397 2435; x_wconf 86' lang='lat' dir='ltr'>bet</span> <span class='ocrx_word' id='word_1_181' title='bbox 1419 2372 1564 2442; x_wconf 90' lang='lat' dir='ltr'>delectus;</span> <span class='ocrx_word' id='word_1_182' title='bbox 1586 2375 1637 2434; x_wconf 92' lang='lat' dir='ltr'>tri·</span> 
     </span>
     <span class='ocr_line' id='line_1_18' title="bbox 349 2465 1634 2556; baseline 0.002 -23"><span class='ocrx_word' id='word_1_183' title='bbox 349 2470 442 2534; x_wconf 86' lang='lat' dir='ltr'>buent</span> <span class='ocrx_word' id='word_1_184' title='bbox 457 2481 487 2536; x_wconf 90' lang='lat' dir='ltr'>et</span> <span class='ocrx_word' id='word_1_185' title='bbox 501 2476 631 2536; x_wconf 84' lang='lat' dir='ltr'>civitates</span> <span class='ocrx_word' id='word_1_186' title='bbox 646 2494 712 2556; x_wconf 84' lang='lat' dir='ltr'>quae</span> <span class='ocrx_word' id='word_1_187' title='bbox 727 2483 867 2537; x_wconf 90' lang='lat' dir='ltr'>vocantur</span> <span class='ocrx_word' id='word_1_188' title='bbox 882 2473 999 2545; x_wconf 64' lang='lat' dir='ltr'>liberam</span> <span class='ocrx_word' id='word_1_189' title='bbox 1015 2465 1052 2536; x_wconf 85' lang='lat' dir='ltr'>ac¹</span> <span class='ocrx_word' id='word_1_190' title='bbox 1064 2475 1278 2537; x_wconf 81' lang='lat' dir='ltr'>mercatoribus</span> <span class='ocrx_word' id='word_1_191' title='bbox 1293 2475 1486 2554; x_wconf 83' lang='lat' dir='ltr'>imperabitur</span> <span class='ocrx_word' id='word_1_192' title='bbox 1504 2475 1634 2554; x_wconf 80' lang='lat' dir='ltr'>vectigal,</span> 
     </span>
     <span class='ocr_line' id='line_1_19' title="bbox 348 2574 1702 2657; baseline 0.005 -22"><span class='ocrx_word' id='word_1_193' title='bbox 348 2574 395 2636; x_wconf 88' lang='lat' dir='ltr'>his</span> <span class='ocrx_word' id='word_1_194' title='bbox 415 2580 579 2655; x_wconf 76' lang='lat' dir='ltr'>prasertim</span> <span class='ocrx_word' id='word_1_195' title='bbox 595 2579 646 2656; x_wconf 88' lang='lat' dir='ltr'>qui</span> <span class='ocrx_word' id='word_1_196' title='bbox 662 2596 787 2656; x_wconf 72' lang='lat' dir='ltr'>peregre</span> <span class='ocrx_word' id='word_1_197' title='bbox 801 2578 988 2655; x_wconf 83' lang='lat' dir='ltr'>negotiantur</span> <span class='ocrx_word' id='word_1_198' title='bbox 1004 2587 1054 2638; x_wconf 88' lang='lat' dir='ltr'>aut</span> <span class='ocrx_word' id='word_1_199' title='bbox 1069 2580 1118 2657; x_wconf 88' lang='lat' dir='ltr'>qui</span> <span class='ocrx_word' id='word_1_200' title='bbox 1135 2577 1293 2656; x_wconf 90' lang='lat' dir='ltr'>plurimum</span> <span class='ocrx_word' id='word_1_201' title='bbox 1317 2575 1477 2638; x_wconf 87' lang='lat' dir='ltr'>lucrantur.</span> <span class='ocrx_word' id='word_1_202' title='bbox 1516 2577 1624 2656; x_wconf 83' lang='lat' dir='ltr'>quibus</span> <span class='ocrx_word' id='word_1_203' title='bbox 1635 2595 1702 2646; x_wconf 70' lang='lat' dir='ltr'>trec.</span> 
     </span>
     <span class='ocr_line' id='line_1_20' title="bbox 348 2666 1673 2760; baseline 0.001 -22"><span class='ocrx_word' id='word_1_204' title='bbox 348 2679 511 2740; x_wconf 84' lang='lat' dir='ltr'>rationibus</span> <span class='ocrx_word' id='word_1_205' title='bbox 533 2680 653 2741; x_wconf 92' lang='lat' dir='ltr'>minimo</span> <span class='ocrx_word' id='word_1_206' title='bbox 676 2683 806 2741; x_wconf 91' lang='lat' dir='ltr'>omnium</span> <span class='ocrx_word' id='word_1_207' title='bbox 829 2666 981 2760; x_wconf 85' lang='lat' dir='ltr'>&#39;dispendio</span> <span class='ocrx_word' id='word_1_208' title='bbox 1004 2682 1160 2740; x_wconf 81' lang='lat' dir='ltr'>niaximum</span> <span class='ocrx_word' id='word_1_209' title='bbox 1184 2679 1372 2740; x_wconf 80' lang='lat' dir='ltr'>conficiemus</span> <span class='ocrx_word' id='word_1_210' title='bbox 1394 2681 1564 2755; x_wconf 91' lang='lat' dir='ltr'>pecuniam,</span> <span class='ocrx_word' id='word_1_211' title='bbox 1594 2681 1673 2739; x_wconf 66' lang='lat' dir='ltr'>ina·</span> 
     </span>
     <span class='ocr_line' id='line_1_21' title="bbox 316 2781 1637 2858; baseline 0.002 -19"><span class='ocrx_word' id='word_1_212' title='bbox 316 2788 467 2858; x_wconf 71' lang='lat' dir='ltr'>regentem</span> <span class='ocrx_word' id='word_1_213' title='bbox 491 2781 684 2845; x_wconf 78' lang='lat' dir='ltr'>conflabimus</span> <span class='ocrx_word' id='word_1_214' title='bbox 713 2781 883 2843; x_wconf 87' lang='lat' dir='ltr'>exercitum.</span> <span class='ocrx_word' id='word_1_215' title='bbox 928 2781 985 2843; x_wconf 88' lang='lat' dir='ltr'>Vos</span> <span class='ocrx_word' id='word_1_216' title='bbox 1013 2782 1101 2842; x_wconf 91' lang='lat' dir='ltr'>modo</span> <span class='ocrx_word' id='word_1_217' title='bbox 1130 2783 1265 2849; x_wconf 89' lang='lat' dir='ltr'>annuite,</span> <span class='ocrx_word' id='word_1_218' title='bbox 1295 2798 1347 2839; x_wconf 84' lang='lat' dir='ltr'>ros</span> <span class='ocrx_word' id='word_1_219' title='bbox 1374 2781 1552 2850; x_wconf 82' lang='lat' dir='ltr'>adnitimini,</span> <span class='ocrx_word' id='word_1_220' title='bbox 1582 2799 1637 2843; x_wconf 93' lang='lat' dir='ltr'>nec</span> 
     </span>
     <span class='ocr_line' id='line_1_22' title="bbox 349 2876 1635 2963; baseline 0 -21"><span class='ocrx_word' id='word_1_221' title='bbox 349 2882 449 2944; x_wconf 87' lang='lat' dir='ltr'>deeste</span> <span class='ocrx_word' id='word_1_222' title='bbox 477 2884 520 2944; x_wconf 92' lang='lat' dir='ltr'>sic</span> <span class='ocrx_word' id='word_1_223' title='bbox 546 2884 671 2962; x_wconf 87' lang='lat' dir='ltr'>paratis:</span> <span class='ocrx_word' id='word_1_224' title='bbox 705 2886 815 2963; x_wconf 88' lang='lat' dir='ltr'>quippe</span> <span class='ocrx_word' id='word_1_225' title='bbox 837 2885 948 2952; x_wconf 91' lang='lat' dir='ltr'>omnia,</span> <span class='ocrx_word' id='word_1_226' title='bbox 978 2884 1003 2944; x_wconf 92' lang='lat' dir='ltr'>si</span> <span class='ocrx_word' id='word_1_227' title='bbox 1024 2903 1075 2944; x_wconf 86' lang='lat' dir='ltr'>ros</span> <span class='ocrx_word' id='word_1_228' title='bbox 1096 2876 1160 2945; x_wconf 80' lang='lat' dir='ltr'>esse</span> <span class='ocrx_word' id='word_1_229' title='bbox 1182 2881 1288 2951; x_wconf 86' lang='lat' dir='ltr'>vebtis,</span> <span class='ocrx_word' id='word_1_230' title='bbox 1321 2890 1421 2960; x_wconf 89' lang='lat' dir='ltr'>parata</span> <span class='ocrx_word' id='word_1_231' title='bbox 1449 2881 1535 2942; x_wconf 92' lang='lat' dir='ltr'>nobis</span> <span class='ocrx_word' id='word_1_232' title='bbox 1560 2890 1635 2943; x_wconf 87' lang='lat' dir='ltr'>sunt.</span> 
     </span>
     <span class='ocr_line' id='line_1_23' title="bbox 350 2967 1713 3065; baseline 0.002 -22"><span class='ocrx_word' id='word_1_233' title='bbox 350 2982 423 3044; x_wconf 86' lang='lat' dir='ltr'>Nam</span> <span class='ocrx_word' id='word_1_234' title='bbox 445 2984 637 3045; x_wconf 85' lang='lat' dir='ltr'>minusnibil</span> <span class='ocrx_word' id='word_1_235' title='bbox 661 2967 733 3045; x_wconf 92' lang='lat' dir='ltr'>curo</span> <span class='ocrx_word' id='word_1_236' title='bbox 755 3005 843 3065; x_wconf 87' lang='lat' dir='ltr'>quam</span> <span class='ocrx_word' id='word_1_237' title='bbox 867 2993 898 3047; x_wconf 92' lang='lat' dir='ltr'>ut</span> <span class='ocrx_word' id='word_1_238' title='bbox 920 3004 936 3045; x_wconf 94' lang='lat' dir='ltr'>a</span> <span class='ocrx_word' id='word_1_239' title='bbox 965 2984 1168 3048; x_wconf 86' lang='lat' dir='ltr'>Cardiualibus</span> <span class='ocrx_word' id='word_1_240' title='bbox 1190 2991 1306 3063; x_wconf 89' lang='lat' dir='ltr'>petatur</span> <span class='ocrx_word' id='word_1_241' title='bbox 1335 2983 1443 3062; x_wconf 86' lang='lat' dir='ltr'>aliquid</span> <span class='ocrx_word' id='word_1_242' title='bbox 1472 2983 1528 3043; x_wconf 86' lang='lat' dir='ltr'>lroc</span> <span class='ocrx_word' id='word_1_243' title='bbox 1551 2993 1623 3044; x_wconf 91' lang='lat' dir='ltr'>tem·</span> <span class='ocrx_word' id='word_1_244' title='bbox 1637 2995 1713 3053; x_wconf 76' lang='lat' dir='ltr'>§.1er</span> 
     </span>
     <span class='ocr_line' id='line_1_24' title="bbox 348 3076 1637 3166; baseline -0.002 -20"><span class='ocrx_word' id='word_1_245' title='bbox 348 3102 436 3164; x_wconf 88' lang='lat' dir='ltr'>pore,</span> <span class='ocrx_word' id='word_1_246' title='bbox 460 3086 517 3146; x_wconf 90' lang='lat' dir='ltr'>boc</span> <span class='ocrx_word' id='word_1_247' title='bbox 539 3076 575 3147; x_wconf 88' lang='lat' dir='ltr'>ad</span> <span class='ocrx_word' id='word_1_248' title='bbox 598 3085 722 3148; x_wconf 91' lang='lat' dir='ltr'>bellum:</span> <span class='ocrx_word' id='word_1_249' title='bbox 746 3089 815 3149; x_wconf 90' lang='lat' dir='ltr'>satis</span> <span class='ocrx_word' id='word_1_250' title='bbox 837 3095 907 3166; x_wconf 93' lang='lat' dir='ltr'>puto</span> <span class='ocrx_word' id='word_1_251' title='bbox 930 3090 953 3148; x_wconf 93' lang='lat' dir='ltr'>si</span> <span class='ocrx_word' id='word_1_252' title='bbox 976 3089 1094 3164; x_wconf 82' lang='lat' dir='ltr'>exigere</span> <span class='ocrx_word' id='word_1_253' title='bbox 1116 3086 1164 3147; x_wconf 94' lang='lat' dir='ltr'>bic</span> <span class='ocrx_word' id='word_1_254' title='bbox 1187 3089 1242 3164; x_wconf 93' lang='lat' dir='ltr'>ipsi</span> <span class='ocrx_word' id='word_1_255' title='bbox 1261 3092 1409 3153; x_wconf 81' lang='lat' dir='ltr'>vetentur,</span> <span class='ocrx_word' id='word_1_256' title='bbox 1433 3104 1467 3144; x_wconf 93' lang='lat' dir='ltr'>ac</span> <span class='ocrx_word' id='word_1_257' title='bbox 1483 3084 1552 3146; x_wconf 91' lang='lat' dir='ltr'>illud</span> <span class='ocrx_word' id='word_1_258' title='bbox 1569 3102 1637 3162; x_wconf 90' lang='lat' dir='ltr'>pro·</span> 
     </span>
     <span class='ocr_line' id='line_1_25' title="bbox 348 3186 1637 3267; baseline 0 -22"><span class='ocrx_word' id='word_1_259' title='bbox 348 3196 483 3266; x_wconf 86' lang='lat' dir='ltr'>spectum</span> <span class='ocrx_word' id='word_1_260' title='bbox 505 3189 530 3247; x_wconf 90' lang='lat' dir='ltr'>si</span> <span class='ocrx_word' id='word_1_261' title='bbox 553 3187 717 3260; x_wconf 85' lang='lat' dir='ltr'>fueritne,</span> <span class='ocrx_word' id='word_1_262' title='bbox 741 3190 819 3267; x_wconf 87' lang='lat' dir='ltr'>quod</span> <span class='ocrx_word' id='word_1_263' title='bbox 843 3188 953 3259; x_wconf 88' lang='lat' dir='ltr'>solent,</span> <span class='ocrx_word' id='word_1_264' title='bbox 978 3189 1022 3250; x_wconf 90' lang='lat' dir='ltr'>bis</span> <span class='ocrx_word' id='word_1_265' title='bbox 1044 3188 1135 3250; x_wconf 90' lang='lat' dir='ltr'>rebus</span> <span class='ocrx_word' id='word_1_266' title='bbox 1157 3188 1398 3266; x_wconf 85' lang='lat' dir='ltr'>impedimentum</span> <span class='ocrx_word' id='word_1_267' title='bbox 1421 3186 1570 3255; x_wconf 76' lang='lat' dir='ltr'>adierant:</span> <span class='ocrx_word' id='word_1_268' title='bbox 1600 3205 1637 3246; x_wconf 91' lang='lat' dir='ltr'>ne</span> 
     </span>
     <span class='ocr_line' id='line_1_26' title="bbox 315 3287 1636 3370; baseline 0.001 -23"><span class='ocrx_word' id='word_1_269' title='bbox 315 3289 493 3368; x_wconf 76' lang='lat' dir='ltr'>uexpeditis</span> <span class='ocrx_word' id='word_1_270' title='bbox 515 3289 601 3351; x_wconf 90' lang='lat' dir='ltr'>uobis</span> <span class='ocrx_word' id='word_1_271' title='bbox 623 3291 677 3370; x_wconf 91' lang='lat' dir='ltr'>ipsi</span> <span class='ocrx_word' id='word_1_272' title='bbox 698 3290 761 3361; x_wconf 88' lang='lat' dir='ltr'>hic,</span> <span class='ocrx_word' id='word_1_273' title='bbox 785 3301 817 3352; x_wconf 95' lang='lat' dir='ltr'>ut</span> <span class='ocrx_word' id='word_1_274' title='bbox 839 3310 915 3370; x_wconf 83' lang='lat' dir='ltr'>srepe</span> <span class='ocrx_word' id='word_1_275' title='bbox 939 3293 1038 3370; x_wconf 90' lang='lat' dir='ltr'>prius,</span> <span class='ocrx_word' id='word_1_276' title='bbox 1063 3289 1169 3351; x_wconf 91' lang='lat' dir='ltr'>bellum</span> <span class='ocrx_word' id='word_1_277' title='bbox 1194 3290 1335 3358; x_wconf 81' lang='lat' dir='ltr'>excitent,</span> <span class='ocrx_word' id='word_1_278' title='bbox 1365 3287 1527 3348; x_wconf 80' lang='lat' dir='ltr'>discordias</span> <span class='ocrx_word' id='word_1_279' title='bbox 1549 3289 1636 3349; x_wconf 89' lang='lat' dir='ltr'>semi-</span> 
     </span>
     <span class='ocr_line' id='line_1_27' title="bbox 349 3390 1636 3473; baseline -0.001 -23"><span class='ocrx_word' id='word_1_280' title='bbox 349 3397 421 3451; x_wconf 88' lang='lat' dir='ltr'>nent</span> <span class='ocrx_word' id='word_1_281' title='bbox 443 3398 472 3452; x_wconf 91' lang='lat' dir='ltr'>et</span> <span class='ocrx_word' id='word_1_282' title='bbox 494 3410 510 3451; x_wconf 94' lang='lat' dir='ltr'>a</span> <span class='ocrx_word' id='word_1_283' title='bbox 533 3393 641 3452; x_wconf 90' lang='lat' dir='ltr'>sanctis</span> <span class='ocrx_word' id='word_1_284' title='bbox 663 3394 781 3472; x_wconf 82' lang='lat' dir='ltr'>emptis,</span> <span class='ocrx_word' id='word_1_285' title='bbox 812 3393 1012 3473; x_wconf 91' lang='lat' dir='ltr'>pulcherrimo</span> <span class='ocrx_word' id='word_1_286' title='bbox 1035 3394 1166 3452; x_wconf 92' lang='lat' dir='ltr'>instituto</span> <span class='ocrx_word' id='word_1_287' title='bbox 1190 3411 1243 3452; x_wconf 84' lang='lat' dir='ltr'>uos</span> <span class='ocrx_word' id='word_1_288' title='bbox 1266 3390 1431 3458; x_wconf 88' lang='lat' dir='ltr'>retrabant;</span> <span class='ocrx_word' id='word_1_289' title='bbox 1464 3409 1501 3452; x_wconf 92' lang='lat' dir='ltr'>ue</span> <span class='ocrx_word' id='word_1_290' title='bbox 1529 3390 1636 3451; x_wconf 83' lang='lat' dir='ltr'>invidia</span> 
     </span>
     <span class='ocr_line' id='line_1_28' title="bbox 349 3492 1635 3571; baseline -0.003 -17"><span class='ocrx_word' id='word_1_291' title='bbox 349 3494 487 3571; x_wconf 87' lang='lat' dir='ltr'>potentiae</span> <span class='ocrx_word' id='word_1_292' title='bbox 508 3500 617 3555; x_wconf 84' lang='lat' dir='ltr'>nostrae</span> <span class='ocrx_word' id='word_1_293' title='bbox 639 3495 825 3556; x_wconf 92' lang='lat' dir='ltr'>inimicorum</span> <span class='ocrx_word' id='word_1_294' title='bbox 848 3494 965 3557; x_wconf 88' lang='lat' dir='ltr'>obstent</span> <span class='ocrx_word' id='word_1_295' title='bbox 987 3494 1116 3561; x_wconf 86' lang='lat' dir='ltr'>excidio;</span> <span class='ocrx_word' id='word_1_296' title='bbox 1140 3513 1177 3554; x_wconf 92' lang='lat' dir='ltr'>ue</span> <span class='ocrx_word' id='word_1_297' title='bbox 1200 3493 1269 3553; x_wconf 92' lang='lat' dir='ltr'>dum</span> <span class='ocrx_word' id='word_1_298' title='bbox 1291 3500 1430 3555; x_wconf 82' lang='lat' dir='ltr'>verentur</span> <span class='ocrx_word' id='word_1_299' title='bbox 1453 3492 1560 3569; x_wconf 85' lang='lat' dir='ltr'>nequid</span> <span class='ocrx_word' id='word_1_300' title='bbox 1584 3510 1635 3551; x_wconf 93' lang='lat' dir='ltr'>no·</span> 
     </span>
     <span class='ocr_line' id='line_1_29' title="bbox 349 3572 1704 3675; baseline -0.002 -21"><span class='ocrx_word' id='word_1_301' title='bbox 349 3593 395 3654; x_wconf 87' lang='lat' dir='ltr'>bis</span> <span class='ocrx_word' id='word_1_302' title='bbox 416 3595 551 3665; x_wconf 82' lang='lat' dir='ltr'>accedat,</span> <span class='ocrx_word' id='word_1_303' title='bbox 575 3572 619 3657; x_wconf 73' lang='lat' dir='ltr'>iel</span> <span class='ocrx_word' id='word_1_304' title='bbox 632 3595 745 3659; x_wconf 81' lang='lat' dir='ltr'>l’urcas</span> <span class='ocrx_word' id='word_1_305' title='bbox 766 3599 891 3675; x_wconf 83' lang='lat' dir='ltr'>regnare</span> <span class='ocrx_word' id='word_1_306' title='bbox 914 3595 1024 3657; x_wconf 90' lang='lat' dir='ltr'>malint.</span> <span class='ocrx_word' id='word_1_307' title='bbox 1062 3595 1127 3656; x_wconf 89' lang='lat' dir='ltr'>Nou</span> <span class='ocrx_word' id='word_1_308' title='bbox 1151 3601 1261 3655; x_wconf 89' lang='lat' dir='ltr'>temere</span> <span class='ocrx_word' id='word_1_309' title='bbox 1276 3596 1329 3656; x_wconf 89' lang='lat' dir='ltr'>ista</span> <span class='ocrx_word' id='word_1_310' title='bbox 1346 3612 1469 3661; x_wconf 90' lang='lat' dir='ltr'>moneo;</span> <span class='ocrx_word' id='word_1_311' title='bbox 1492 3593 1562 3653; x_wconf 89' lang='lat' dir='ltr'>dum</span> <span class='ocrx_word' id='word_1_312' title='bbox 1577 3612 1624 3652; x_wconf 86' lang='lat' dir='ltr'>ve·</span> <span class='ocrx_word' id='word_1_313' title='bbox 1637 3613 1704 3664; x_wconf 60' lang='lat' dir='ltr'>erse,</span> 
     </span>
     <span class='ocr_line' id='line_1_30' title="bbox 349 3691 1707 3778; baseline -0.002 -22"><span class='ocrx_word' id='word_1_314' title='bbox 349 3704 413 3757; x_wconf 89' lang='lat' dir='ltr'>tera</span> <span class='ocrx_word' id='word_1_315' title='bbox 434 3704 541 3775; x_wconf 87' lang='lat' dir='ltr'>reputo</span> <span class='ocrx_word' id='word_1_316' title='bbox 564 3699 656 3768; x_wconf 88' lang='lat' dir='ltr'>enirn,</span> <span class='ocrx_word' id='word_1_317' title='bbox 680 3700 869 3778; x_wconf 80' lang='lat' dir='ltr'>praesentium</span> <span class='ocrx_word' id='word_1_318' title='bbox 892 3691 1117 3760; x_wconf 85' lang='lat' dir='ltr'>sollicitudiuem</span> <span class='ocrx_word' id='word_1_319' title='bbox 1141 3697 1240 3774; x_wconf 86' lang='lat' dir='ltr'>capio,</span> <span class='ocrx_word' id='word_1_320' title='bbox 1264 3714 1318 3757; x_wconf 92' lang='lat' dir='ltr'>nec</span> <span class='ocrx_word' id='word_1_321' title='bbox 1342 3713 1392 3755; x_wconf 81' lang='lat' dir='ltr'>ros</span> <span class='ocrx_word' id='word_1_322' title='bbox 1414 3696 1551 3773; x_wconf 85' lang='lat' dir='ltr'>ignorare</span> <span class='ocrx_word' id='word_1_323' title='bbox 1567 3701 1638 3772; x_wconf 85' lang='lat' dir='ltr'>puto</span> <span class='ocrx_word' id='word_1_324' title='bbox 1705 3732 1707 3736; x_wconf 55' lang='lat'>&gt;</span> 
     </span>
     <span class='ocr_line' id='line_1_31' title="bbox 318 3793 1638 3880; baseline 0 -24"><span class='ocrx_word' id='word_1_325' title='bbox 318 3797 460 3876; x_wconf 73' lang='lat' dir='ltr'>inquibus</span> <span class='ocrx_word' id='word_1_326' title='bbox 482 3798 638 3878; x_wconf 82' lang='lat' dir='ltr'>aliquando</span> <span class='ocrx_word' id='word_1_327' title='bbox 661 3793 788 3860; x_wconf 84' lang='lat' dir='ltr'>cdnsiliis</span> <span class='ocrx_word' id='word_1_328' title='bbox 810 3820 882 3880; x_wconf 88' lang='lat' dir='ltr'>quas</span> <span class='ocrx_word' id='word_1_329' title='bbox 904 3799 1006 3860; x_wconf 90' lang='lat' dir='ltr'>turbas</span> <span class='ocrx_word' id='word_1_330' title='bbox 1028 3798 1153 3859; x_wconf 86' lang='lat' dir='ltr'>Romani</span> <span class='ocrx_word' id='word_1_331' title='bbox 1169 3799 1213 3858; x_wconf 88' lang='lat' dir='ltr'>isti</span> <span class='ocrx_word' id='word_1_332' title='bbox 1229 3798 1377 3858; x_wconf 88' lang='lat' dir='ltr'>dederint:</span> <span class='ocrx_word' id='word_1_333' title='bbox 1400 3798 1442 3857; x_wconf 88' lang='lat' dir='ltr'>sic</span> <span class='ocrx_word' id='word_1_334' title='bbox 1457 3795 1638 3857; x_wconf 88' lang='lat' dir='ltr'>Henricbum</span> 
     </span>
     <span class='ocr_line' id='line_1_32' title="bbox 350 3895 1638 3983; baseline -0.004 -24"><span class='ocrx_word' id='word_1_335' title='bbox 350 3908 487 3977; x_wconf 86' lang='lat' dir='ltr'>quartum</span> <span class='ocrx_word' id='word_1_336' title='bbox 510 3900 685 3978; x_wconf 83' lang='lat' dir='ltr'>Gregorius,</span> <span class='ocrx_word' id='word_1_337' title='bbox 708 3904 863 3983; x_wconf 88' lang='lat' dir='ltr'>statimque</span> <span class='ocrx_word' id='word_1_338' title='bbox 886 3903 948 3963; x_wconf 88' lang='lat' dir='ltr'>eius</span> <span class='ocrx_word' id='word_1_339' title='bbox 970 3900 1097 3961; x_wconf 90' lang='lat' dir='ltr'>nominis</span> <span class='ocrx_word' id='word_1_340' title='bbox 1119 3901 1253 3979; x_wconf 87' lang='lat' dir='ltr'>quintum</span> <span class='ocrx_word' id='word_1_341' title='bbox 1269 3897 1428 3967; x_wconf 74' lang='lat' dir='ltr'>PascbaliS,</span> <span class='ocrx_word' id='word_1_342' title='bbox 1452 3897 1522 3959; x_wconf 90' lang='lat' dir='ltr'>dum</span> <span class='ocrx_word' id='word_1_343' title='bbox 1538 3895 1638 3957; x_wconf 89' lang='lat' dir='ltr'>ltalico</span> 
     </span>
     <span class='ocr_line' id='line_1_33' title="bbox 350 3998 1664 4092; baseline -0.003 -31"><span class='ocrx_word' id='word_1_344' title='bbox 350 4008 490 4062; x_wconf 79' lang='lat' dir='ltr'>exercent</span> <span class='ocrx_word' id='word_1_345' title='bbox 516 3999 614 4072; x_wconf 90' lang='lat' dir='ltr'>bello,</span> <span class='ocrx_word' id='word_1_346' title='bbox 644 4004 680 4065; x_wconf 89' lang='lat' dir='ltr'>ab</span> <span class='ocrx_word' id='word_1_347' title='bbox 703 4004 828 4066; x_wconf 68' lang='lat' dir='ltr'>buatico</span> <span class='ocrx_word' id='word_1_348' title='bbox 861 4006 1003 4071; x_wconf 88' lang='lat' dir='ltr'>retiueut;</span> <span class='ocrx_word' id='word_1_349' title='bbox 1038 4002 1143 4063; x_wconf 87' lang='lat' dir='ltr'>eodem</span> <span class='ocrx_word' id='word_1_350' title='bbox 1171 4001 1267 4062; x_wconf 90' lang='lat' dir='ltr'>studio</span> <span class='ocrx_word' id='word_1_351' title='bbox 1290 3998 1498 4060; x_wconf 77' lang='lat' dir='ltr'>Aenobarbum</span> <span class='ocrx_word' id='word_1_352' title='bbox 1527 3999 1664 4092; x_wconf 71' lang='lat' dir='ltr'>vetavit¹</span> 
     </span>
     <span class='ocr_line' id='line_1_34' title="bbox 350 4082 1635 4182; baseline -0.002 -21"><span class='ocrx_word' id='word_1_353' title='bbox 350 4100 532 4172; x_wconf 77' lang='lat' dir='ltr'>Alexander;</span> <span class='ocrx_word' id='word_1_354' title='bbox 556 4111 585 4164; x_wconf 83' lang='lat' dir='ltr'>et</span> <span class='ocrx_word' id='word_1_355' title='bbox 600 4104 803 4170; x_wconf 81' lang='lat' dir='ltr'>Fridericbum</span> <span class='ocrx_word' id='word_1_356' title='bbox 826 4105 988 4167; x_wconf 90' lang='lat' dir='ltr'>secundum</span> <span class='ocrx_word' id='word_1_357' title='bbox 1011 4082 1145 4182; x_wconf 67' lang='lat' dir='ltr'>pessimis</span> <span class='ocrx_word' id='word_1_358' title='bbox 1160 4102 1318 4164; x_wconf 85' lang='lat' dir='ltr'>obnoxium</span> <span class='ocrx_word' id='word_1_359' title='bbox 1335 4100 1520 4179; x_wconf 85' lang='lat' dir='ltr'>pontificibus</span> <span class='ocrx_word' id='word_1_360' title='bbox 1536 4099 1635 4159; x_wconf 93' lang='lat' dir='ltr'>Hono·</span> 
     </span>
     <span class='ocr_line' id='line_1_35' title="bbox 351 4201 1635 4283; baseline -0.002 -18"><span class='ocrx_word' id='word_1_361' title='bbox 351 4207 428 4275; x_wconf 86' lang='lat' dir='ltr'>rius,</span> <span class='ocrx_word' id='word_1_362' title='bbox 452 4205 614 4283; x_wconf 81' lang='lat' dir='ltr'>Gregorius</span> <span class='ocrx_word' id='word_1_363' title='bbox 637 4213 666 4267; x_wconf 92' lang='lat' dir='ltr'>et</span> <span class='ocrx_word' id='word_1_364' title='bbox 687 4207 734 4268; x_wconf 89' lang='lat' dir='ltr'>ille</span> <span class='ocrx_word' id='word_1_365' title='bbox 757 4226 867 4268; x_wconf 90' lang='lat' dir='ltr'>nocens</span> <span class='ocrx_word' id='word_1_366' title='bbox 888 4207 1078 4268; x_wconf 85' lang='lat' dir='ltr'>Innocentius</span> <span class='ocrx_word' id='word_1_367' title='bbox 1100 4205 1149 4265; x_wconf 91' lang='lat' dir='ltr'>diu</span> <span class='ocrx_word' id='word_1_368' title='bbox 1171 4205 1298 4282; x_wconf 92' lang='lat' dir='ltr'>primum</span> <span class='ocrx_word' id='word_1_369' title='bbox 1321 4205 1351 4262; x_wconf 92' lang='lat' dir='ltr'>in</span> <span class='ocrx_word' id='word_1_370' title='bbox 1371 4201 1451 4263; x_wconf 91' lang='lat' dir='ltr'>ltalia</span> <span class='ocrx_word' id='word_1_371' title='bbox 1474 4210 1635 4277; x_wconf 89' lang='lat' dir='ltr'>morantur,</span> 
     </span>
     <span class='ocr_line' id='line_1_36' title="bbox 318 4303 1638 4389; baseline -0.002 -24"><span class='ocrx_word' id='word_1_372' title='bbox 318 4307 457 4369; x_wconf 76' lang='lat' dir='ltr'>ndeinde</span> <span class='ocrx_word' id='word_1_373' title='bbox 479 4307 517 4369; x_wconf 89' lang='lat' dir='ltr'>ab</span> <span class='ocrx_word' id='word_1_374' title='bbox 539 4308 603 4387; x_wconf 89' lang='lat' dir='ltr'>ipsa</span> <span class='ocrx_word' id='word_1_375' title='bbox 626 4309 729 4380; x_wconf 89' lang='lat' dir='ltr'>ctiam,</span> <span class='ocrx_word' id='word_1_376' title='bbox 759 4327 845 4387; x_wconf 84' lang='lat' dir='ltr'>quam</span> <span class='ocrx_word' id='word_1_377' title='bbox 869 4311 986 4389; x_wconf 76' lang='lat' dir='ltr'>optimae</span> <span class='ocrx_word' id='word_1_378' title='bbox 1007 4310 1070 4387; x_wconf 88' lang='lat' dir='ltr'>spei</span> <span class='ocrx_word' id='word_1_379' title='bbox 1099 4306 1216 4386; x_wconf 84' lang='lat' dir='ltr'>plenam</span> <span class='ocrx_word' id='word_1_380' title='bbox 1245 4310 1424 4382; x_wconf 89' lang='lat' dir='ltr'>sumpserat,</span> <span class='ocrx_word' id='word_1_381' title='bbox 1454 4303 1638 4383; x_wconf 85' lang='lat' dir='ltr'>expeditione</span> 
     </span>
     <span class='ocr_line' id='line_1_37' title="bbox 419 4489 1637 4562; baseline -0.007 -16"><span class='ocrx_word' id='word_1_382' title='bbox 419 4493 427 4528; x_wconf 89' lang='lat'>¹</span> <span class='ocrx_word' id='word_1_383' title='bbox 445 4492 624 4562; x_wconf 83' lang='lat' dir='ltr'>vocabulum]</span> <span class='ocrx_word' id='word_1_384' title='bbox 643 4497 712 4546; x_wconf 79' lang='lat' dir='ltr'>enine</span> <span class='ocrx_word' id='word_1_385' title='bbox 723 4499 895 4561; x_wconf 70' lang='lat' dir='ltr'>etymolopinm</span> <span class='ocrx_word' id='word_1_386' title='bbox 906 4498 1001 4547; x_wconf 74' lang='lat' dir='ltr'>nesciri</span> <span class='ocrx_word' id='word_1_387' title='bbox 1011 4495 1084 4545; x_wconf 79' lang='lat' dir='ltr'>bodie</span> <span class='ocrx_word' id='word_1_388' title='bbox 1095 4493 1193 4543; x_wconf 69' lang='lat' dir='ltr'>edricus.</span> <span class='ocrx_word' id='word_1_389' title='bbox 1229 4489 1240 4522; x_wconf 82' lang='lat'><strong>²</strong></span> <span class='ocrx_word' id='word_1_390' title='bbox 1257 4489 1547 4562; x_wconf 77' lang='lat' dir='ltr'>Ethymologiam1.2.</span> <span class='ocrx_word' id='word_1_391' title='bbox 1568 4489 1637 4538; x_wconf 89' lang='lat' dir='ltr'>etbi·</span> 
     </span>
     <span class='ocr_line' id='line_1_38' title="bbox 352 4573 1637 4658; baseline -0.007 -28"><span class='ocrx_word' id='word_1_392' title='bbox 352 4579 499 4646; x_wconf 75' lang='lat' dir='ltr'>mologiem</span> <span class='ocrx_word' id='word_1_393' title='bbox 515 4584 538 4630; x_wconf 80' lang='grc'>4.</span> <span class='ocrx_word' id='word_1_394' title='bbox 563 4580 637 4642; x_wconf 85' lang='lat' dir='ltr'>(mira</span> <span class='ocrx_word' id='word_1_395' title='bbox 655 4581 813 4646; x_wconf 78' lang='lat' dir='ltr'>etyrnolopio)</span> <span class='ocrx_word' id='word_1_396' title='bbox 850 4580 985 4631; x_wconf 83' lang='lat' dir='ltr'>ideomete</span> <span class='ocrx_word' id='word_1_397' title='bbox 1004 4580 1061 4643; x_wconf 82' lang='lat' dir='ltr'>(nec</span> <span class='ocrx_word' id='word_1_398' title='bbox 1079 4593 1141 4627; x_wconf 81' lang='lat' dir='ltr'>raro</span> <span class='ocrx_word' id='word_1_399' title='bbox 1159 4573 1316 4639; x_wconf 82' lang='lat' dir='ltr'>ydeonrute)</span> <span class='ocrx_word' id='word_1_400' title='bbox 1334 4579 1383 4622; x_wconf 81' lang='lat' dir='ltr'>tum</span> <span class='ocrx_word' id='word_1_401' title='bbox 1397 4573 1544 4658; x_wconf 15' lang='lat' dir='ltr'>‘scribebant</span> <span class='ocrx_word' id='word_1_402' title='bbox 1560 4575 1637 4622; x_wconf 83' lang='lat' dir='ltr'>multi.</span> 
     </span>
     <span class='ocr_line' id='line_1_39' title="bbox 350 4657 1717 4732; baseline -0.007 -17"><span class='ocrx_word' id='word_1_403' title='bbox 350 4663 452 4715; x_wconf 79' lang='lat' dir='ltr'>‘enim</span> <span class='ocrx_word' id='word_1_404' title='bbox 469 4668 530 4716; x_wconf 83' lang='lat' dir='ltr'>add.</span> <span class='ocrx_word' id='word_1_405' title='bbox 545 4671 574 4715; x_wconf 80' lang='grc' dir='ltr'>Η.</span> <span class='ocrx_word' id='word_1_406' title='bbox 609 4661 763 4732; x_wconf 73' lang='lat' dir='ltr'>⁹reliquis]</span> <span class='ocrx_word' id='word_1_407' title='bbox 783 4667 810 4716; x_wconf 88' lang='lat' dir='ltr'>in</span> <span class='ocrx_word' id='word_1_408' title='bbox 829 4665 978 4731; x_wconf 86' lang='lat' dir='ltr'>pontificiis</span> <span class='ocrx_word' id='word_1_409' title='bbox 992 4661 1128 4729; x_wconf 77' lang='lat' dir='ltr'>Capitulis</span> <span class='ocrx_word' id='word_1_410' title='bbox 1145 4659 1299 4726; x_wconf 85' lang='lat' dir='ltr'>propositos</span> <span class='ocrx_word' id='word_1_411' title='bbox 1311 4658 1488 4722; x_wconf 86' lang='lat' dir='ltr'>pecuniarum</span> <span class='ocrx_word' id='word_1_412' title='bbox 1502 4657 1637 4721; x_wconf 77' lang='lat' dir='ltr'>cogendo·</span> <span class='ocrx_word' id='word_1_413' title='bbox 1714 4682 1717 4689; x_wconf 91' lang='lat'>·</span> 
     </span>
     <span class='ocr_line' id='line_1_40' title="bbox 351 4740 1697 4814; baseline -0.009 -13"><span class='ocrx_word' id='word_1_414' title='bbox 351 4767 410 4801; x_wconf 86' lang='lat' dir='ltr'>rum</span> <span class='ocrx_word' id='word_1_415' title='bbox 421 4751 516 4804; x_wconf 88' lang='lat' dir='ltr'>modos</span> <span class='ocrx_word' id='word_1_416' title='bbox 529 4751 596 4802; x_wconf 86' lang='lat' dir='ltr'>vult.</span> <span class='ocrx_word' id='word_1_417' title='bbox 631 4756 735 4802; x_wconf 83' lang='lat' dir='ltr'>sumtus</span> <span class='ocrx_word' id='word_1_418' title='bbox 748 4755 772 4801; x_wconf 80' lang='grc'>4.</span> <span class='ocrx_word' id='word_1_419' title='bbox 809 4749 830 4782; x_wconf 89' lang='lat'>¹⁰</span> <span class='ocrx_word' id='word_1_420' title='bbox 844 4751 884 4813; x_wconf 77' lang='lat' dir='ltr'>Os.</span> <span class='ocrx_word' id='word_1_421' title='bbox 896 4751 966 4814; x_wconf 73' lang='lat' dir='ltr'>iofra</span> <span class='ocrx_word' id='word_1_422' title='bbox 977 4750 1080 4800; x_wconf 75' lang='lat' dir='ltr'>additos</span> <span class='ocrx_word' id='word_1_423' title='bbox 1097 4748 1140 4797; x_wconf 91' lang='lat' dir='ltr'>De</span> <span class='ocrx_word' id='word_1_424' title='bbox 1153 4744 1267 4796; x_wconf 86' lang='lat' dir='ltr'>decimis</span> <span class='ocrx_word' id='word_1_425' title='bbox 1280 4743 1384 4793; x_wconf 75' lang='lat' dir='ltr'>libellos.</span> <span class='ocrx_word' id='word_1_426' title='bbox 1423 4740 1569 4791; x_wconf 77' lang='lat' dir='ltr'>¹⁰fiet!.2.</span> <span class='ocrx_word' id='word_1_427' title='bbox 1590 4741 1639 4790; x_wconf 83' lang='lat' dir='ltr'>lint</span> <span class='ocrx_word' id='word_1_428' title='bbox 1685 4756 1697 4762; x_wconf 51' lang='lat'>‘¹</span> 
     </span>
     <span class='ocr_line' id='line_1_41' title="bbox 350 4826 1638 4895; baseline -0.011 -7"><span class='ocrx_word' id='word_1_429' title='bbox 350 4852 420 4888; x_wconf 83' lang='lat' dir='ltr'>corr.</span> <span class='ocrx_word' id='word_1_430' title='bbox 431 4843 462 4887; x_wconf 79' lang='lat'>11.</span> <span class='ocrx_word' id='word_1_431' title='bbox 508 4836 528 4869; x_wconf 84' lang='lat'>¹⁷</span> <span class='ocrx_word' id='word_1_432' title='bbox 541 4837 676 4888; x_wconf 80' lang='lat' dir='ltr'>Tribuent</span> <span class='ocrx_word' id='word_1_433' title='bbox 695 4840 718 4887; x_wconf 81' lang='lat' dir='ltr'>t.</span> <span class='ocrx_word' id='word_1_434' title='bbox 728 4841 750 4887; x_wconf 87' lang='lat'>2.</span> <span class='ocrx_word' id='word_1_435' title='bbox 769 4835 905 4885; x_wconf 85' lang='lat' dir='ltr'>Tribuant</span> <span class='ocrx_word' id='word_1_436' title='bbox 916 4851 985 4886; x_wconf 84' lang='lat' dir='ltr'>corr.</span> <span class='ocrx_word' id='word_1_437' title='bbox 998 4838 1028 4880; x_wconf 81' lang='lat'>11.</span> <span class='ocrx_word' id='word_1_438' title='bbox 1067 4831 1217 4895; x_wconf 88' lang='lat' dir='ltr'>imperetur</span> <span class='ocrx_word' id='word_1_439' title='bbox 1228 4844 1297 4879; x_wconf 84' lang='lat' dir='ltr'>corr.</span> <span class='ocrx_word' id='word_1_440' title='bbox 1311 4832 1340 4880; x_wconf 85' lang='grc'>11.</span> <span class='ocrx_word' id='word_1_441' title='bbox 1382 4826 1402 4858; x_wconf 79' lang='lat'>¹⁹</span> <span class='ocrx_word' id='word_1_442' title='bbox 1421 4842 1475 4892; x_wconf 86' lang='lat' dir='ltr'>qua</span> <span class='ocrx_word' id='word_1_443' title='bbox 1483 4833 1544 4890; x_wconf 79' lang='lat' dir='ltr'>poet</span> <span class='ocrx_word' id='word_1_444' title='bbox 1556 4841 1638 4891; x_wconf 89' lang='lat' dir='ltr'>pecu-</span> 
     </span>
     <span class='ocr_line' id='line_1_42' title="bbox 351 4909 1638 4985; baseline -0.01 -12"><span class='ocrx_word' id='word_1_445' title='bbox 351 4923 427 4974; x_wconf 81' lang='lat' dir='ltr'>niun</span> <span class='ocrx_word' id='word_1_446' title='bbox 439 4925 537 4975; x_wconf 69' lang='lat' dir='ltr'>arten.</span> <span class='ocrx_word' id='word_1_447' title='bbox 567 4921 590 4956; x_wconf 81' lang='lat'>²⁰</span> <span class='ocrx_word' id='word_1_448' title='bbox 602 4923 680 4972; x_wconf 90' lang='lat' dir='ltr'>cnufl.</span> <span class='ocrx_word' id='word_1_449' title='bbox 690 4925 711 4970; x_wconf 88' lang='grc'>1.</span> <span class='ocrx_word' id='word_1_450' title='bbox 719 4925 744 4971; x_wconf 87' lang='grc'>2.</span> <span class='ocrx_word' id='word_1_451' title='bbox 752 4920 971 4985; x_wconf 82' lang='lat' dir='ltr'>comparabimus</span> <span class='ocrx_word' id='word_1_452' title='bbox 980 4933 1048 4968; x_wconf 82' lang='lat' dir='ltr'>corr.</span> <span class='ocrx_word' id='word_1_453' title='bbox 1057 4922 1085 4964; x_wconf 85' lang='lat' dir='ltr'>n.</span> <span class='ocrx_word' id='word_1_454' title='bbox 1114 4914 1317 4971; x_wconf 76' lang='lat' dir='ltr'>”Locunanm</span> <span class='ocrx_word' id='word_1_455' title='bbox 1326 4909 1638 4976; x_wconf 67' lang='lat' dir='ltr'>minuensqueadttttt.</span> 
     </span>
     <span class='ocr_line' id='line_1_43' title="bbox 350 4996 1638 5063; baseline -0.012 -5"><span class='ocrx_word' id='word_1_456' title='bbox 350 5026 373 5059; x_wconf 82' lang='lat' dir='ltr'>o.</span> <span class='ocrx_word' id='word_1_457' title='bbox 383 5009 529 5060; x_wconf 65' lang='lat' dir='ltr'>Hactenus</span> <span class='ocrx_word' id='word_1_458' title='bbox 540 5005 685 5057; x_wconf 70' lang='lat' dir='ltr'>discordiis</span> <span class='ocrx_word' id='word_1_459' title='bbox 698 5006 779 5056; x_wconf 67' lang='lat' dir='ltr'>onrbtt</span> <span class='ocrx_word' id='word_1_460' title='bbox 793 5008 815 5057; x_wconf 83' lang='lat'>1.</span> <span class='ocrx_word' id='word_1_461' title='bbox 849 5002 871 5036; x_wconf 71' lang='lat'>²⁸</span> <span class='ocrx_word' id='word_1_462' title='bbox 885 5003 1011 5053; x_wconf 76' lang='lat' dir='ltr'>adferent</span> <span class='ocrx_word' id='word_1_463' title='bbox 1023 5005 1048 5051; x_wconf 87' lang='lat'>2.</span> <span class='ocrx_word' id='word_1_464' title='bbox 1061 5001 1110 5051; x_wconf 81' lang='lat' dir='ltr'>red</span> <span class='ocrx_word' id='word_1_465' title='bbox 1120 5001 1239 5062; x_wconf 65' lang='lat' dir='ltr'>cornis.</span> <span class='ocrx_word' id='word_1_466' title='bbox 1274 4996 1296 5029; x_wconf 77' lang='lat'>²⁹</span> <span class='ocrx_word' id='word_1_467' title='bbox 1309 5002 1405 5063; x_wconf 87' lang='lat' dir='ltr'>repeto</span> <span class='ocrx_word' id='word_1_468' title='bbox 1418 5000 1442 5047; x_wconf 83' lang='lat'>2.</span> <span class='ocrx_word' id='word_1_469' title='bbox 1455 4997 1502 5045; x_wconf 81' lang='lat' dir='ltr'>sert</span> <span class='ocrx_word' id='word_1_470' title='bbox 1513 5011 1582 5044; x_wconf 82' lang='lat' dir='ltr'>corr.</span> <span class='ocrx_word' id='word_1_471' title='bbox 1594 4996 1638 5057; x_wconf 75' lang='lat' dir='ltr'>ts.</span> 
     </span>
    </p>
   </div>
   <div class='ocr_carea' id='block_1_3' title="bbox 1366 5079 1413 5144">
    <p class='ocr_par' dir='ltr' id='par_1_3' title="bbox 1366 5079 1413 5144">
     <span class='ocr_line' id='line_1_44' title="bbox 1366 5079 1413 5144; baseline 0 -28"><span class='ocrx_word' id='word_1_472' title='bbox 1366 5079 1413 5144; x_wconf 68' lang='lat'>9*</span> 
     </span>
    </p>
   </div>
   <div class='ocr_carea' id='block_1_4' title="bbox 0 0 2154 6056">
    <p class='ocr_par' dir='ltr' id='par_1_4' title="bbox 0 0 2154 6056">
     <span class='ocr_line' id='line_1_45' title="bbox 0 0 2154 6056; baseline 0 0"><span class='ocrx_word' id='word_1_473' title='bbox 0 0 2154 6056; x_wconf 95' lang='lat' dir='ltr'> </span> 
     </span>
    </p>
   </div>
  </div>
 </body>
</html>
