4300 6059
1774 641 1784 671 ί

449 682 523 754 266
581 711 716 749 ΙΠΟΗᾸΒὨῙ
731 713 902 748 BAR'l'HOLlNl
918 714 952 748 DE
966 713 1112 747 CONVENTV
1126 707 1296 748 avmt'srtcust
1311 713 1485 748 Dttscntt’rlo.
1499 714 1524 747 A.
1538 706 1596 751 1515,

449 882 477 930 et
498 872 651 947 principum
674 871 823 928 Germania·
855 872 974 928 virorum
1003 873 1224 945 gravissimorum
1253 881 1280 927 et
1303 871 1556 946 potentissimorum
1579 872 1733 929 benivolen·
1836 935 1839 942 ¹

449 957 513 1014 tiam
536 956 632 1015 melius
653 974 812 1014 conservare
835 974 890 1013 uon
913 957 1041 1031 potuerit.
1079 956 1173 1012 vellem
1197 965 1227 1012 ut
1249 957 1307 1013 hace
1329 956 1512 1031 intelligerent
1534 967 1561 1016 et
1584 957 1732 1032 perpende·

448 1051 510 1099 rent
531 1042 641 1098 Romani
671 1043 772 1116 Reges:
802 1050 903 1115 qrrotus
934 1042 1004 1097 eninr
1035 1043 1165 1116 quisque,
1194 1050 1222 1097 et
1245 1041 1392 1099 Germanus
1420 1052 1448 1099 et
1471 1044 1497 1098 in
1520 1043 1675 1104 Germania,
1704 1051 1732 1098 et

447 1145 508 1185 curn
531 1127 668 1183 Germanis
696 1126 863 1201 principibus
886 1127 1015 1183 Caesareis
1044 1144 1154 1201 quoque
1181 1126 1275 1183 aulicis
1306 1126 1384 1183 aliter
1411 1128 1653 1201 persuadentibus,
1685 1126 1732 1184 tali

449 1213 475 1269 in
497 1213 677 1269 conservanda
701 1212 782 1285 legati
805 1212 938 1285 dignitate
962 1219 1174 1287 temperamento
1190 1229 1256 1268 nsus
1271 1213 1385 1268 luisset?
1408 1212 1444 1269 ita
1461 1213 1494 1269 iis
1509 1214 1555 1287 qui
1570 1214 1613 1269 vix
1628 1230 1759 1287 parema

447 1299 616 1372 superiorem
637 1315 701 1354 vero
723 1298 856 1354 neminem
878 1297 978 1354 habere
1000 1297 1159 1364 voluerunt,
1182 1297 1321 1359 secundae,
1344 1315 1403 1353 meo
1419 1298 1534 1360 iudicio,
1557 1308 1649 1372 partes
1663 1299 1733 1354 datae

447 1391 525 1440 sunt:
555 1399 628 1458 saepe
650 1382 721 1439 enim
744 1382 833 1456 speeie
855 1382 922 1438 recti
944 1382 1102 1456 decipimur.
1147 1383 1295 1454 Ingressus
1316 1391 1357 1438 cst
1378 1400 1444 1456 ergo
1469 1384 1624 1440 cardinatis
1643 1384 1736 1438 sancti

450 1467 524 1524 Secti
535 1467 662 1531 Persica,
685 1477 714 1522 ut
726 1470 842 1540 tapetum
858 1467 984 1539 decebat,
1001 1485 1120 1540 pompa,
1142 1470 1243 1540 quippe
1258 1470 1308 1541 qui
1321 1469 1361 1524 vel
1375 1468 1491 1523 Romam
1506 1470 1607 1524 reverti
1618 1470 1660 1524 ael
1673 1468 1733 1524 eo-

389 1556 435 1609 bss·
447 1567 514 1610 aare
531 1569 566 1609 ac
580 1555 687 1608 ecelesia
698 1552 871 1625 principibus
887 1553 990 1608 oboimn
1004 1553 1128 1608 euntibus
1145 1553 1253 1625 ingredi
1264 1555 1413 1625 Arrprratum
1435 1554 1545 1610 colebat.
1564 1576 1565 1579 ¹
1582 1553 1642 1609 Rite
1665 1569 1733 1626 ergo

447 1637 573 1695 omnibus
594 1646 669 1695 entra
692 1638 816 1712 intraque
840 1635 967 1712 templum
990 1637 1122 1711 peractis,
1146 1638 1214 1693 lama
1237 1637 1329 1694 attulit
1344 1637 1524 1711 Hispanorum
1538 1638 1645 1713 copias,
1669 1654 1767 1712 qumro

446 1716 559 1798 {mig
569 1716 711 1796 fflssffl
733 1723 760 1779 in
781 1723 923 1797 Aphrieam
952 1731 1048 1779 contra
1075 1720 1266 1779 Aerrobarbum
1295 1723 1469 1784 traiecerant.
1498 1723 1602 1780 levibus
1630 1722 1734 1797 praeliis

447 1825 507 1867 cum
530 1826 563 1865 eo
584 1808 737 1866 commissis
759 1810 796 1864 ita
818 1807 949 1883 paulatim
971 1806 1045 1864 illius
1073 1808 1144 1863 vires
1171 1807 1301 1881 lregisse.
1331 1816 1361 1863 ut
1388 1808 1477 1882 ipsum
1504 1826 1565 1865 cum
1596 1807 1681 1865 fratre
1703 1825 1735 1864 ac

447 1893 572 1968 reliquiis
587 1893 726 1968 cupiarum
742 1902 819 1967 terga
841 1902 947 1949 vertere
969 1892 1116 1966 coegerint.
1161 1892 1188 1949 ls·
1207 1910 1268 1949 cum
1290 1894 1362 1949 iuna
1384 1892 1481 1949 moenia
1497 1892 1734 1950 Tremeaeoiorum

447 1997 478 2037 se
499 1980 661 2054 recepisset,
684 1978 730 2035 diu
752 1987 780 2034 et
802 1977 901 2035 aeriter
923 1997 937 2033 a
960 1977 1063 2034 nostris
1085 1975 1218 2033 militibus
1241 1977 1369 2034 obsessus
1391 1985 1448 2041 est;
1471 1978 1517 2052 qui
1540 1997 1600 2035 cum
1623 1975 1733 2051 longius

448 2062 615 2121 obsidionem
639 2064 711 2120 ferre
733 2081 786 2120 nou
810 2070 916 2137 posset,
939 2062 997 2137 ipse
1020 2079 1072 2117 una
1095 2080 1155 2118 cum
1179 2062 1263 2118 tratre
1286 2081 1316 2119 ae
1338 2062 1437 2118 robore
1453 2061 1583 2124 militum,
1606 2078 1676 2137 quos
1692 2062 1732 2117 in·
1745 2079 1768 2118 is

449 2157 490 2206 tra
512 2165 600 2205 arcem
624 2156 779 2223 receperat,
802 2165 852 2222 per
874 2148 1005 2221 posticam
1028 2154 1134 2222 portam
1157 2146 1225 2204 clam
1241 2164 1368 2222 egressus
1383 2146 1497 2203 salutem
1514 2147 1565 2203 sibi
1581 2147 1645 2221 luga
1660 2163 1735 2204 com·

447 2250 557 2309 parasse
579 2232 727 2289 arbitratus
749 2241 807 2296 est;
829 2232 941 2306 llispani
964 2250 1027 2289 vero
1050 2232 1180 2304 evestigio
1203 2249 1292 2289 arcem
1314 2232 1437 2306 aggressi
1453 2233 1478 2288 ri
1492 2241 1638 2306 ceperunt,
1660 2248 1735 2289 com·

447 2318 610 2393 modumque
638 2318 672 2374 de
700 2319 758 2374 eius
786 2319 850 2392 iuga
877 2318 1010 2375 certiores
1039 2318 1102 2373 lacti
1132 2335 1192 2374 euna
1220 2316 1307 2374 valido
1335 2317 1461 2391 equitatu
1494 2317 1633 2392 prosecuti
1660 2325 1734 2373 sunt.

446 2412 575 2463 caeterum
596 2401 773 2460 Aenobarbus
796 2402 962 2459 intransitu
985 2393 1119 2465 lluminis,
1150 2402 1252 2459 nostris
1274 2401 1540 2477 supervenientibus,
1570 2420 1632 2459 cum
1662 2401 1734 2459 haud

447 2496 508 2546 tuto
531 2487 650 2562 ellugere
673 2498 781 2563 posset,
805 2505 911 2544 manum
934 2488 1087 2550 conseruit;
1109 2496 1258 2562 pugnatum
1280 2496 1322 2542 est
1338 2487 1591 2561 utrinqueaeriter.
1615 2486 1769 2548 tandemtu

447 2591 509 2630 cum
531 2572 619 2630 nostri
641 2573 798 2647 superiores
821 2572 920 2629 virtute
951 2572 1065 2629 militurn
1094 2573 1258 2635 evasissent,
1288 2559 1477 2628 lenobarbum
1503 2588 1564 2629 cum
1593 2571 1677 2628 fratre
1704 2587 1735 2627 ac

366 2662 373 2673 “
449 2666 509 2714 toto
532 2657 655 2731 equitatu
678 2658 888 2719 interfecerunt,
918 2656 1050 2730 ailixaque
1071 2674 1166 2714 eorum
1188 2659 1276 2732 capita
1299 2656 1452 2713 lancearum
1476 2655 1650 2713 mucronibus
1672 2673 1735 2713 cum

389 2742 561 2803 §.arietaria
588 2742 621 2798 ad
648 2742 743 2800 urbem
771 2736 959 2817 deportarunt.
1003 2742 1065 2799 lloec
1095 2742 1269 2816 iullplrriea.
1306 2742 1334 2797 ln
1356 2741 1497 2799 Germania
1525 2748 1615 2799 autem
1636 2740 1736 2804 Cesar,

446 2846 509 2886 curn
530 2845 606 2885 mora
628 2828 781 2902 principum
803 2845 876 2901 aegre
898 2827 1081 2890 detineretur,
1104 2825 1206 2885 relictis
1229 2827 1276 2903 qui
1298 2827 1369 2883 intra
1391 2826 1486 2883 urbem
1501 2827 1626 2890 aderant,
1647 2835 1680 2882 ut
1694 2826 1737 2882 in·

449 2913 527 2970 terim
549 2913 632 2969 etde
654 2910 769 2987 publicis
791 2920 819 2969 et
841 2912 954 2990 privatis
977 2912 1058 2987 rebus
1079 2913 1277 2987 disceptarent,
1301 2911 1376 2990 abiit.
1420 2910 1546 2968 Kalendis
1568 2919 1657 2969 autem
1679 2912 1771 2968 ,lu-as

428 2990 703 3070 ,ssssllfss‘ffl'fflffl‘l
727 2992 734 3062 Ι
757 2999 830 3073 gusti
852 2995 995 3061 ulbertus,
1020 2997 1247 3072 brchiepiscopus
1261 2997 1435 3071 blaguntinus
1456 3014 1487 3054 ac
1508 2997 1657 3053 Germaniae
1679 2996 1737 3071 pri-

441 3086 519 3145 mas,
548 3080 648 3156 pileum
677 3099 708 3139 ac
736 3098 885 3158 purpuram
913 3082 1098 3140 cardinalatus
1126 3083 1244 3157 accepit,
1277 3081 1458 3158 praesentibus
1486 3081 1591 3139 Caesare
1620 3081 1737 3157 aliisque

447 3166 630 3243 principibus,
658 3167 796 3232 Palatino,
825 3166 947 3226 Saxoniro
975 3169 1055 3230 duce,
1091 3167 1290 3225 llarchionibus
1318 3166 1603 3242 Brandeburgensibus
1637 3165 1736 3236 tribus,

448 3252 494 3328 qni
518 3252 664 3309 secundum
686 3252 757 3310 latus
779 3253 892 3311 Caesaris
915 3252 1083 3315 assidebant:
1112 3270 1127 3309 e
1149 3252 1261 3327 regione
1289 3262 1380 3309 autern
1407 3251 1645 3309 reverendissimus
1668 3250 1737 3307 Gur-

446 3337 537 3405 censis
560 3347 653 3394 orator
674 3337 825 3413 pontilicis;
848 3337 1077 3414 archiepiscopus
1098 3336 1263 3399 bremensis,
1293 3337 1418 3411 Episcopi
1440 3335 1658 3410 bambergensis,
1681 3338 1772 3410 Ay·³⁰

381 3423 607 3485 cremellensis,
630 3423 824 3497 Augustensis.
849 3423 1041 3497 Tergestinus,
1064 3422 1241 3479 Cortonensis
1270 3423 1297 3479 in
1326 3421 1464 3478 subselliis
1493 3431 1578 3478 erant.
1622 3421 1676 3479 lies
1698 3421 1737 3478 ita

422 3501 424 3507 ’
449 3516 506 3565 acta
530 3516 584 3563 est:
607 3525 667 3564 eum
690 3508 807 3582 primum
829 3507 856 3562 in
880 3507 980 3565 sacello
1003 3507 1139 3582 pontificis
1161 3505 1308 3581 diplomata
1331 3506 1399 3563 lecta
1422 3516 1499 3570 suut,
1524 3507 1672 3581 datumque
1695 3507 1737 3563 iu·

447 3600 611 3654 ramentum,
635 3609 780 3667 syrmaque
801 3593 956 3649 cardineum
980 3593 1117 3655 indutum,
1141 3590 1270 3667 templum
1294 3591 1409 3666 ingressi
1432 3601 1508 3655 sunt;
1530 3587 1641 3668 peract'o
1656 3609 1737 3648 sacro
1776 3635 1783 3648 .

447 3676 618 3735 adordinali
641 3676 819 3733 sanctisimi
843 3671 980 3751 (quoniam
1002 3685 1030 3734 et
1052 3676 1150 3734 Caesari
1174 3695 1285 3752 quoqne
1306 3677 1461 3733 donativum
1484 3679 1538 3733 sire
1561 3674 1737 3735 corollarium

447 3760 614 3837 pontificium
637 3761 753 3818 dandum
775 3761 844 3835 erat)
866 3762 1094 3837 archiepiscopus
1109 3762 1282 3836 blaguntinus
1304 3762 1336 3817 ad
1359 3760 1443 3817 altare
1465 3763 1579 3818 accessit
1601 3771 1629 3817 et
1650 3772 1771 3835 gerru-as

447 3846 498 3904 bns
520 3847 596 3903 llexis
626 3847 728 3903 tamdiu
756 3847 849 3910 stetit,
878 3848 966 3922 quoad
995 3847 1116 3922 quaedam
1146 3847 1300 3924 precamina
1321 3846 1497 3920 legerentur,
1526 3846 1624 3920 quibus
1652 3845 1738 3903 linitis

447 3932 564 4005 Legatos
586 3930 687 4005 pileum
709 3932 864 3989 cardineum
888 3932 946 3989 eius
968 3932 1052 4007 capiti
1074 3933 1220 4007 imposuit,
1249 3932 1449 4007 comitatusque
1478 3932 1574 3988 estad
1597 3931 1738 3994 subsellia,

448 4017 494 4075 ubi
517 4032 532 4071 a
554 4015 715 4074 cancellario
737 4017 894 4091 blaguntino
917 4018 1012 4090 gratiae
1035 4016 1128 4074 relatae
1150 4027 1214 4073 sunt
1237 4016 1357 4091 pontifici
1380 4017 1511 4091 maximo,
1533 4015 1650 4091 collegio
1674 4017 1739 4072 Car·

446 4099 575 4158 dinalinm
598 4109 625 4157 et
648 4101 747 4174 legato.
792 4102 855 4158 lude
878 4102 965 4159 Caesar
987 4119 1041 4159 uua
1062 4119 1123 4158 cum
1146 4102 1236 4175 legato
1257 4102 1288 4157 ad
1304 4101 1389 4158 altare
1403 4101 1552 4176 processit,
1574 4101 1738 4175 detectoque

446 4177 627 4260 ffl'ffllll
650 4183 657 4251 Ι
678 4188 766 4261 capite
790 4195 869 4260 gratu
893 4189 981 4244 animo
1003 4204 1096 4244 ensem
1119 4205 1149 4243 ac
1172 4186 1297 4249 infulam,
1320 4185 1487 4260 pontificium
1509 4203 1620 4248 rnunus,
1644 4200 1772 4243 susce-ao

447 4271 533 4346 cepit;
556 4271 673 4345 legatus
696 4272 862 4334 orationem,
886 4273 933 4330 sed
956 4272 1062 4328 brevem
1085 4272 1276 4347 concisamque
1301 4271 1409 4334 habuit,
1440 4270 1621 4344 theologicam
1650 4274 1739 4345 magis

448 4373 529 4432 quam
551 4356 613 4414 luco
637 4355 748 4419 illitam,
771 4357 818 4413 sed
841 4359 908 4415 satis
931 4356 1088 4419 efficacem,¹
1104 4374 1156 4430 qua
1178 4357 1253 4413 finita
1269 4357 1296 4412 in
1312 4356 1435 4412 manibus
1450 4356 1640 4430 Imperatoris,
1664 4357 1739 4429 quod

447 4441 522 4499 leelix
544 4450 572 4498 et
594 4441 713 4498 laustum
737 4459 815 4499 omen
838 4451 925 4504 esset,
954 4459 1045 4498 ensem
1075 4451 1102 4497 et
1132 4440 1242 4498 intularn
1267 4442 1420 4516 imposuit
1448 4441 1569 4497 l‘eraetis
1591 4441 1644 4497 rite
1667 4440 1740 4498 intra

514 4621 638 4688 ⁵putatu.
651 4629 676 4675 2.
711 4623 723 4655 ²
741 4623 817 4690 ergo]
836 4625 986 4691 Augustam
1004 4637 1026 4676 e.
1046 4622 1090 4673 Gi.
1104 4623 1182 4689 prael.
1196 4641 1221 4690 p.
1235 4621 1295 4673 248.
1336 4623 1346 4656 ⁸
1364 4625 1480 4674 Persica
1497 4639 1596 4689 pompe
1614 4608 1739 4689 legatum

446 4709 565 4760 decebat
578 4709 650 4771 eins,
670 4709 716 4775 qui
728 4710 788 4774 ipse
800 4710 935 4760 vicarium
948 4724 1009 4759 sese
1023 4708 1136 4759 dicebat
1149 4709 1208 4758 eius
1222 4709 1359 4774 polesino
1372 4714 1468 4758 vectus
1481 4710 1621 4773 ingressus
1633 4708 1740 4759 fertur?

446 4793 613 4847 Rhomame.
648 4793 770 4858 laceb.
823 4791 843 4826 ¹¹
861 4793 1110 4858 Aphrieum1.2.d.
1141 4794 1520 4855 ef.HutteniFortrrn.§.77.
1539 4792 1740 4843 etOrat.Bar-

446 4878 543 4930 tustini
561 4878 639 4942 §.oe
675 4875 1117 4943 Aenob.]HorueBarberossem.
1154 4876 1285 4937 ¹¹lratre]
1300 4877 1488 4927 Chalc-addin.
1525 4874 1651 4942 ¹⁴nostr.]
1667 4877 1740 4927 Cleri·

445 4966 544 5014 neonis.
598 4963 619 4996 ¹⁸
636 4966 746 5017 terciam
765 4968 790 5012 2.
838 4961 860 4994 ²⁵
878 4962 1019 5012 Kalendas
1039 4967 1128 5012 1.2.4.
1180 4962 1202 4994 ’⁴³
1221 4963 1376 5012 Brendenb,
1396 4963 1534 5029 ¹tabique.
1587 4960 1740 5030 *041131ορ-

445 5050 524 5099 secet.
560 5045 582 5078 ⁸¹
600 5048 760 5099 corolarinm
778 5050 837 5099 cdd.
