4300 6059
562 665 755 734 Goliflvla'ss’l'lo
768 695 929 732 canumet
942 695 1097 731 PROPOSITA
1109 696 1144 731 ΑΒ
1157 693 1347 731 ΕΒΕΟΤΟΙΙΒῚΒ
1360 695 1395 730 m·
1408 695 1432 729 c.
1445 694 1471 729 Δ.
1487 688 1545 729 1517.
1628 663 1698 734 185

416 856 704 914 reverendissimorum
726 853 905 918 Cardinalium
932 853 1050 929 collegio
1079 853 1345 915 acChristiauorum
1367 853 1469 928 Regum
1496 863 1524 911 et
1544 854 1700 929 Principum

403 941 593 1018 ¹(lratbrihns,
618 941 665 1013 qui
688 956 739 1013 pro
761 939 946 996 consultandis
969 930 1100 996 universe
1116 938 1274 995 Christianae
1296 938 1453 1012 reipublicae
1476 939 1638 1013 urgentibus
1654 956 1700 997 ne·

418 1027 503 1100 gotiis
525 1044 557 1083 ac
578 1025 745 1082 incumbenti
766 1024 849 1081 huius
872 1027 1002 1099 temporis
1032 1025 1193 1081 necessitate
1220 1024 1251 1078 in'
1276 1024 1370 1080 urbem
1393 1024 1538 1081 Romanam
1566 1040 1699 1081 convene·

417 1121 495 1183 runt.
519 1129 573 1167 non
595 1110 698 1183 absque
720 1112 850 1166 immenso
872 1110 963 1166 cordis
985 1112 1026 1165 sui
1055 1109 1151 1165 dolore
1179 1125 1229 1182 pro
1258 1107 1404 1182 pastoralis
1431 1110 1473 1165 sui
1497 1108 1579 1165 officii
1602 1109 1630 1165 in
1651 1109 1699 1166 do·

396 1197 545 1339 amifim
567 1213 678 1270 gregem
701 1195 752 1251 sibi
774 1196 875 1251 credita
898 1212 962 1251 cura
984 1196 1073 1251 a'nimo
1089 1193 1247 1256 revolverit,
1270 1203 1417 1268 exactoque
1432 1211 1463 1250 ac
1477 1193 1623 1268 diligenter
1637 1211 1699 1269 per·

417 1292 469 1356 pen
488 1274 556 1343 erit,
580 1289 682 1355 quanto
706 1280 757 1336 iam
780 1290 902 1354 tempore
925 1279 1103 1337 sacrosanctae
1126 1278 1185 1335 fidei
1209 1287 1311 1335 nostrae
1333 1279 1457 1353 perpetui
1473 1278 1583 1341 hostes,
1607 1280 1699 1335 imma·

417 1366 528 1422 nissima
552 1384 582 1422 ac
604 1365 778 1439 spurcissima
800 1365 947 1421 'furcarum
970 1382 1050 1438 gens,
1075 1366 1184 1438 impune
1207 1365 1234 1419 in
1256 1363 1425 1420 Christianos
1446 1363 1621 1425 debacchata,
1644 1380 1699 1420 non

418 1452 498 1508 modo
521 1450 648 1506 finitimas
671 1451 797 1522 regiones
813 1449 958 1513 Aetoliam,
981 1450 1194 1524 Peloponesum,
1217 1449 1357 1510 Achaiam,
1380 1449 1527 1511 Arcadiam,
1551 1447 1698 1511 Thraciam,

418 1536 569 1592 universam
584 1535 727 1598 Graeciam,
739 1534 922 1610 ,Phessaliam
938 1535 1113 1607 Magnesiam.
1130 1534 1323 1595 Macedoniam,
1340 1533 1464 1607 Epirum,
1480 1533 1615 1596 Euboeam,
1637 1533 1700 1590 lim·

385 1621 498 1684 tesiam,
528 1622 667 1695 ipsamque
694 1619 839 1681 orientalis
871 1620 1005 1693 quondam
1038 1620 1147 1693 lmperii
1180 1619 1271 1675 sedem
1300 1618 1575 1693 Constantinopolim,
1607 1617 1700 1698 multis

418 1707 494 1780 prius
516 1705 735 1767 excursionibus,
758 1704 896 1779 stragibus
917 1704 1091 1779 caedibusque
1114 1713 1230 1760 vastatas
1252 1704 1348 1760 ditioni
1371 1705 1476 1761 taudem
1499 1722 1556 1762 suae
1579 1703 1700 1762 subiece-

378 1780 381 1785 ’
419 1792 468 1853 rit,
491 1791 538 1847 sed
562 1792 589 1846 iu
611 1789 697 1865 ipsius
718 1789 802 1847 italiae
824 1792 925 1865 viscera
948 1799 976 1846 et
997 1788 1142 1862 aliqnando
1165 1806 1219 1844 nou
1243 1788 1337 1862 procul
1361 1788 1514 1846 allomanae
1537 1789 1613 1846 urbis
1634 1806 1699 1845 mm·

418 1876 513 1937 nibus,
537 1875 582 1931 ubi
600 1874 744 1931 Christiani
769 1875 886 1930 nominis
909 1882 1040 1948 caputet
1063 1873 1258 1947 Apostolorum
1281 1874 1371 1929 sedem
1394 1873 1509 1930 locatam
1525 1875 1634 1937 scimus,
1657 1875 1699 1930 iu·

418 1962 489 2016 roris
512 1961 554 2015 sui
578 1960 651 2016 rabie
681 1960 862 2034 penetraverit
890 1959 1041 2040 spoliisque
1067 1959 1169 2015 nostris
1198 1976 1279 2014 ovans
1302 1959 1447 2032 praedaque
1470 1968 1585 2015 onustus
1607 1958 1699 2015 multi·
1775 2014 1778 2021 ,

385 2045 482 2119 replici
510 2046 538 2101 in
566 2046 684 2119 patrium
713 2044 801 2100 solum
835 2043 937 2100 inuitus
970 2045 1151 2107 concesserit,
1184 2043 1456 2116 animadverteritque
1484 2043 1698 2101 Christianorum

417 2139 613 2192 mentes,aut
641 2130 678 2186 ita
704 2129 810 2187 delictis
838 2129 941 2185 uostris
968 2129 1192 2202 exposcentibus,
1226 2138 1273 2184 aut
1300 2128 1417 2184 fortasse
1445 2129 1564 2203 propriis
1589 2138 1698 2187 tantum

417 2215 565 2271 commodis
588 2215 722 2271 inhiantes
744 2215 947 2288 communisque
970 2213 1066 2269 salutis
1090 2215 1274 2276 immemores,
1306 2212 1509 2269 lamentantium
1531 2213 1648 2287 gemitus
1671 2223 1698 2271 et

417 2317 611 2373 oppressorum
639 2299 790 2374 lachrymas
819 2299 910 2355 surdis
939 2299 1050 2355 auribus
1083 2307 1111 2355 et
1144 2297 1350 2355 conniventibus
1379 2289 1468 2355 oculis
1501 2308 1698 2372 praetereuntes

416 2382 490 2440 nulla
512 2384 643 2440 hacteuus
667 2393 720 2440 tam
741 2385 891 2440 crudelium
920 2384 1038 2439 hostium
1066 2383 1209 2439 conatibus
1228 2383 1442 2456 ⁴uulneribusque
1465 2385 1624 2441 Christiane
1646 2385 1698 2441 rei·

382 2468 531 2543 republicae
554 2469 638 2525 illatis
660 2469 777 2525 remedia
799 2468 961 2525 adhibuisse.
1006 2468 1107 2535 Quodsi
1130 2469 1247 2524 fortasse
1269 2486 1300 2523 ca
1324 2468 1434 2524 tolerari
1456 2477 1613 2542 potuerunt,
1635 2470 1698 2526 dum
1756 2512 1758 2517 .

416 2554 505 2610 hostis
533 2554 659 2628 publicus
693 2554 811 2610 nondum
842 2555 870 2610 iu
899 2571 946 2610 eos
975 2571 1101 2610 accessus
1123 2561 1257 2614 crererat,
1291 2555 1318 2608 in
1342 2552 1440 2626 quihus
1462 2570 1534 2610 nunc
1556 2553 1642 2628 palam
1665 2554 1699 2610 ab

417 2638 543 2695 omnibus
567 2639 727 2712 inspicitur,
751 2639 878 2713 quodque
901 2640 923 2694 si
948 2639 1064 2695 fortasse
1088 2638 1181 2694 caeteri
1198 2638 1345 2694 'Purcarum
1370 2638 1476 2710 tyranni
1499 2655 1531 2694 eo
1554 2638 1660 2695 facilius
1683 2657 1697 2695 a

383 2797 386 2802 Ι
416 2723 575 2779 Christianis
591 2724 761 2799 Principibus
778 2724 963 2785 terrebantur,
988 2724 1033 2798 qai
1049 2723 1251 2796 dumguredam
1265 2725 1347 2779 etiam
1369 2740 1422 2777 aon
1436 2723 1548 2800 ‘modica
1564 2741 1647 2797 regna
1670 2733 1698 2780 et

417 2808 528 2882 imperia
553 2826 613 2864 suae
642 2810 738 2865 ditioni
769 2808 968 2871 subdidissent,
1001 2809 1121 2864 nondum
1149 2816 1237 2864 tamon
1266 2809 1402 2882 cogitatus
1429 2816 1606 2883 conatusque·¹
1632 2827 1697 2865 suos

383 2904 509 2948 :somnes
533 2911 566 2949 eo
589 2894 755 2957 direxerant,
785 2904 814 2950 nt
843 2894 895 2950 sibi
927 2895 1082 2949 uuiversum
1111 2893 1204 2949 orbem
1233 2893 1388 2950 subderent.
1433 2900 1460 2946 at
1482 2893 1547 2965 proi
1561 2958 1564 2965 Ι
1609 2884 1696 2957 ,curo

416 2977 441 3032 in
470 2979 677 3052 praesentiarum
701 2979 752 3035 sibi
775 2987 837 3035 anto
860 2979 954 3035 oculos
977 2979 1184 3052 proponendum
1208 2977 1356 3035 arbitratus
1378 2979 1427 3039 sit,
1456 2977 1543 3050 qualis
1560 2968 1583 3051 ¹q
1619 2987 1696 3034 ntus·

416 3079 467 3135 que
490 3064 527 3119 sit
548 3080 670 3138 praesens
693 3065 737 3121 hic
758 3064 909 3120 communis
932 3065 1050 3119 omnium
1074 3064 1178 3127 hostis,
1211 3064 1259 3137 qui
1289 3081 1343 3119 non
1366 3063 1514 3119 innumeris
1537 3063 1696 3133 suisditio·

414 3147 508 3210 nibus,
539 3166 594 3204 nnn
623 3150 717 3222 regnis
745 3158 774 3205 et
802 3149 937 3224 imperiis,
967 3167 1028 3222 quae
1057 3149 1170 3205 antehac
1199 3149 1390 3221 progenitores
1419 3148 1461 3205 sui
1491 3148 1697 3221 nPrincipibus
1727 3214 1730 3219 Ι
1802 3179 1805 3185 ,

413 3232 573 3288 Christianis
595 3244 761 3308 rapuerunt,
789 3252 843 3290 non
873 3242 930 3289 tota
957 3233 1015 3290 iere
1044 3234 1105 3289 dsia
1134 3243 1162 3289 et
1189 3250 1284 3308 magun
1307 3242 1384 3307 parte
1406 3234 1521 3306 Europae
1543 3241 1696 3295 contentus,

316 3393 320 3401 ¹
383 3317 477 3373 aoiuso
499 3317 576 3391 prius
598 3320 748 3392 attritoque
776 3320 856 3375 variis
883 3318 1005 3375 cladibus
1027 3319 1170 3382 Persarum
1193 3319 1265 3391 hege
1293 3317 1452 3391 duobusque
1472 3317 1586 3391 AEgypti
1609 3317 1696 3376 Sulta·

413 3401 455 3457 nis
477 3401 624 3458 crudeliter
648 3405 802 3466 trucidatis,
832 3423 861 3459 ac
884 3403 976 3478 Syriae,
1000 3403 1117 3464 Arabiae,
1147 3403 1259 3476 AEgypti
1288 3412 1315 3458 et
1343 3402 1435 3459 multis
1457 3402 1556 3458 diricae
1579 3403 1697 3475 regioni·

413 3486 477 3548 bus,
501 3489 669 3560 praesertim,
692 3497 723 3544 ut
745 3490 846 3550 fertur,
870 3487 976 3562 Bugiae,
1001 3489 1099 3544 Tnnesi
1117 3488 1327 3561 Tremezenique
1350 3489 1442 3561 reguis
1464 3486 1578 3562 potitus,
1601 3496 1696 3543 natura

418 3654 611 3663 m—

440 3666 445 3675 ι

459 3762 463 3769 '
480 3753 489 3786 ¹
508 3728 595 3820 princ.
611 3761 639 3806 et
651 3773 710 3822 reg.
725 3759 750 3806 4.
796 3754 952 3807 ‘universo
971 3756 1121 3806 christiane
1144 3755 1295 3821 reipublice
1314 3760 1339 3806 4.
1358 3764 1384 3806 et
1400 3759 1438 3807 aic
1454 3762 1480 3806 in
1496 3771 1554 3823 sqq.
1573 3772 1588 3806 e
1604 3730 1654 3820 pro
1673 3772 1697 3806 ce

410 3857 489 3907 crepe,
509 3843 542 3890 de
561 3857 619 3907 qim,
636 3849 665 3890 ut
682 3843 714 3892 de
733 3857 814 3906 cpro
832 3846 844 3890 t
861 3849 886 3890 et
904 3841 1025 3891 similibus
1043 3857 1092 3890 non
1111 3840 1249 3890 adnotabo.
1289 3839 1393 3890 ³Rom.
1407 3842 1466 3891 urb.
1480 3846 1505 3892 2.
1514 3844 1539 3891 4.
1581 3841 1695 3890 7ΤΙιῑιτ-

413 3925 477 3973 caru
491 3928 517 3975 2.
530 3926 597 3991 ubiq.
633 3925 842 3975 tfinirtimasr.
886 3925 1035 3975 AEtholinm
1055 3929 1111 3974 1.2.
1153 3925 1370 3990 Peloponensem
1388 3931 1414 3975 2.
1433 3926 1651 3991 Peloponensum
1670 3929 1700 3981 4.Ι

412 4009 552 4073 Achayem
566 4013 591 4064 4.
611 4010 745 4059 Archadii.
763 4013 821 4060 Η.
856 4012 1004 4060 Thraciam
1022 4027 1070 4059 om.
1083 4014 1108 4060 2.
1126 4012 1175 4059 aed
1191 4010 1281 4060 debent
1300 4012 1429 4060 Traciam
1446 4019 1506 4074 post
1523 4012 1652 4061 Moesiam
1671 4015 1696 4060 2.

411 4091 623 4160 ’Magueasinm
637 4098 662 4143 2.
698 4096 1084 4160 Epyrum1.d.l·1pyreum2.
1127 4095 1281 4145 AEuboeam
1294 4099 1318 4144 2.
1354 4097 1471 4144 ntosiam
1485 4100 1508 4145 1.
1529 4097 1658 4145 Messinm
1671 4100 1697 4144 2.

411 4178 535 4228 Moeaiam
558 4195 604 4230 om.
617 4183 643 4229 4.
711 4177 730 4210 ¹¹
754 4185 782 4228 et
804 4180 852 4229 dit.
867 4183 891 4229 4.
928 4195 976 4229 suo
995 4181 1019 4228 4.
1085 4180 1231 4230 subiicerit
1250 4184 1274 4228 2.
1335 4179 1384 4212 ¹2¹³
1408 4177 1499 4244 mmm]
1524 4181 1653 4231 membris
1671 4184 1696 4231 4.

412 4260 432 4294 ¹³
449 4262 541 4313 locata
559 4267 584 4313 4.
622 4260 643 4295 ¹⁴
660 4264 713 4313 Pro
732 4263 828 4327 spoliis
893 4264 1010 4313 sortasse
1029 4270 1136 4330 putaque
1153 4273 1247 4329 puncta
1264 4266 1338 4323 habet
1351 4269 1375 4315 4.
1412 4270 1510 4314 onusta
1528 4270 1553 4315 2.
1589 4264 1610 4297 ¹⁵
1627 4266 1696 4316 inul-

411 4345 463 4412 tus]
482 4347 568 4397 multa
586 4353 612 4398 2.
649 4347 669 4379 ¹⁸
687 4348 836 4398 lachrimas
854 4353 878 4398 2.
915 4350 1130 4400 commuentibns
1143 4355 1168 4399 4.
1205 4349 1225 4381 ¹⁹
1245 4350 1499 4399 tammcouatibus
1517 4353 1602 4399 erud
1638 4351 1697 4399 vul·

410 4431 521 4482 neribus
541 4435 565 4482 4.
601 4431 623 4465 ²⁰
641 4433 766 4482 tollerari
784 4437 841 4483 1.2.
875 4431 894 4465 ²¹
915 4434 1005 4500 pulani
1024 4449 1096 4484 nnnc
1115 4438 1140 4484 4.
1176 4434 1210 4483 nb
1229 4437 1314 4483 oded
1354 4432 1375 4464 ²²
1395 4435 1518 4499 quodque
1537 4435 1561 4483 si
1580 4437 1604 4483 4.
1641 4436 1695 4484 for-

409 4522 484 4566 tasse
502 4532 550 4567 om.
563 4520 588 4567 4.
624 4518 763 4567 Tarchi.
805 4516 856 4549 ²²²³
876 4534 892 4567 a
910 4518 973 4567 Chr.
986 4521 1031 4568 Pr.
1045 4516 1119 4587 terri]
1139 4518 1305 4568 verebantur
1322 4521 1346 4567 4.
1388 4517 1409 4550 ²³
1433 4520 1469 4570 dir
1489 4520 1543 4568 etii
1561 4535 1586 4583 q.
1599 4534 1653 4569 non
1672 4522 1696 4569 4.

408 4598 430 4632 ²¹
453 4616 503 4650 sna
526 4602 701 4652 ambedissent
720 4606 744 4652 4.
793 4607 883 4652 conat.
897 4610 922 4652 et
942 4619 1035 4653 omnes
1053 4606 1139 4653 om.
1186 4600 1208 4633 ²⁵
1230 4603 1356 4669 proiecto
1421 4619 1542 4668 praesens
1559 4620 1605 4654 onr.
1620 4606 1646 4653 3.
1665 4605 1694 4654 in

408 4700 489 4750 praes.
502 4702 550 4736 om.
564 4688 589 4735 4.
629 4687 652 4719 ²⁸
670 4692 734 4737 ante
754 4704 795 4737 oc.
808 4704 856 4738 om.
870 4689 895 4736 4.
936 4687 958 4719 ²⁷
977 4703 1072 4738 comm.
1087 4703 1158 4738 omn.
1171 4705 1217 4739 om.
1230 4691 1255 4738 4.
1290 4688 1378 4739 hostia
1398 4688 1505 4753 (nempe
1518 4687 1649 4750 Solimus)
1668 4692 1709 4739 3..

398 4766 435 4813 '¹⁸-
448 4786 502 4820 ncu
520 4787 541 4820 r.
556 4776 585 4820 et
602 4771 666 4835 imp.
679 4786 726 4822 nm.
740 4775 765 4822 4.
804 4770 826 4804 ²⁹
846 4771 909 4821 Chr.
923 4772 1009 4837 princ.
1024 4776 1084 4822 3.4.
1126 4771 1149 4804 ⁸⁰
1167 4779 1230 4823 atta.
1243 4790 1269 4823 v.
1283 4772 1316 4823 cl.
1328 4789 1375 4824 om.
1388 4777 1413 4823 4.
1454 4770 1544 4837 duob]
1563 4773 1693 4823 Toumam

408 4855 461 4920 bey
480 4855 807 4906 ctHorucBarbnroaaa.
843 4857 1041 4922 Aegyptiorum
1055 4860 1082 4907 3.
1099 4858 1280 4922 Egyptiorum
1293 4862 1318 4907 4.
1352 4856 1374 4889 ³¹
1393 4874 1426 4907 ac
1445 4853 1542 4920 Syriae]
1562 4857 1694 4920 Assyriae·

407 4955 459 5004 quc
478 4943 552 4991 r...3.
571 4940 649 5005 Asyr.
662 4944 688 4990 2.
723 4941 877 5006 Aphetai.
914 4939 937 4972 ³²
953 4946 983 4990 nl
1002 4939 1033 5005 12]
1052 4941 1171 4990 refertur
1183 4945 1208 4991 4.
1244 4943 1404 4993 Thuneziii.
1439 4943 1694 5006 Tremeseuiqncd.

407 5031 506 5075 natura
571 5024 705 5091 glorietur
722 5041 769 5075 om.
782 5027 806 5075 4.
1307 5035 1310 5040 “
1578 5012 1580 5016 ’
