4300 6059
456 683 503 753 86
592 711 713 747 urrranr
734 711 762 744 an
782 711 874 746 ericen
893 708 1168 744 winraureaonnsnn
1188 709 1334 744 enarrer.
1358 691 1619 756 ai.rrn1.(?)a.tett.

454 888 489 928 ac
511 868 650 927 attonitos
672 865 810 933 baberet,
834 864 906 924 adeo
929 870 961 924 ut
981 881 1068 923 nemo
1091 864 1313 934 concrederet,
1337 862 1439 924 ubiubi
1453 865 1618 931 invasisset,
1642 864 1738 923 emnia

455 968 538 1030 laeile
561 975 773 1047 percepturum
797 985 879 1034 eum,
903 966 998 1045 qued,
1021 967 1157 1045 inquam,
1181 964 1428 1026 exultantissimus
1446 983 1480 1026 ao
1495 964 1739 1027 insolentissimus

454 1074 510 1132 iam
534 1078 597 1130 tum
619 1070 667 1130 ille
690 1088 757 1129 eum
780 1075 871 1138 esset,
895 1070 934 1158 ita
957 1068 1183 1129 occurrentibus
1204 1067 1290 1128 nobis
1311 1067 1479 1137 imbecillis,
1509 1069 1547 1128 ita
1576 1068 1687 1129 fractus
1710 1075 1739 1129 ct

455 1174 605 1233 conlectus
627 1173 777 1250 apparuit,
803 1180 834 1231 ut
856 1189 974 1231 omnem
997 1172 1151 1231 confestim
1173 1189 1257 1238 suam
1279 1172 1352 1238 rim,
1381 1169 1505 1229 aliorum
1527 1187 1612 1249 epem
1635 1171 1738 1250 despe-

453 1292 537 1342 rans,
562 1265 619 1333 non
644 1276 704 1332 riso
726 1273 825 1342 boste,
849 1290 908 1332 non
932 1272 1047 1342 audito,
1070 1280 1166 1332 tactus
1187 1273 1380 1340 conscientia,
1403 1271 1576 1350 profligatus
1590 1270 1764 1333 scelerum⁶

454 1393 574 1436 suornm
597 1375 811 1444 recordatione,
835 1375 1006 1453 profugeret.
1024 1373 1062 1434 'ac
1085 1374 1280 1443 dilaberetur,
1303 1375 1392 1433 immo
1416 1380 1602 1434 evanesceret
1624 1393 1657 1434 ac
1680 1375 1738 1435 dis·

396 1493 440 1542 ee.
453 1478 589 1555 pareret?
612 1478 695 1552 Agite
717 1485 814 1537 autem
837 1474 910 1554 quae
924 1477 977 1536 luit
1000 1460 1152 1555 cumipse
1174 1478 1203 1537 in
1227 1476 1355 1537 Bavares
1377 1476 1593 1555 expeditionem
1616 1476 1739 1538 duceret

452 1580 530 1640 aeris
552 1578 746 1648 tmbnlontia,
771 1596 835 1658 quae
858 1577 920 1638 caeli
941 1579 1147 1655 intemperies,
1171 1579 1283 1639 itineris
1304 1575 1437 1638 foeditas?
1461 1596 1527 1656 quaa
1548 1595 1673 1638 annenae
1689 1598 1738 1638 ca-

453 1683 539 1749 ritas
563 1681 654 1741 victus
676 1681 791 1757 inopia?
814 1688 921 1759 quanta
944 1679 1052 1759 ubique
1075 1680 1316 1740 incommoditas?
1339 1679 1423 1765 nobis
1445 1686 1547 1739 centra
1569 1680 1673 1740 eedem
1688 1679 1739 1767 ille

453 1791 601 1860 tempore,
625 1789 656 1842 ut
684 1783 829 1843 torentem
860 1784 923 1849 eins
952 1784 1093 1861 impetum
1122 1799 1306 1841 moraremur
1340 1782 1483 1858 expeditis
1510 1800 1602 1858 quam·
1627 1784 1738 1843 amicus
1749 1795 1773 1835 ¹⁰

455 1903 521 1957 aer,
544 1903 631 1963 quam
655 1883 796 1944 larriiliare
820 1883 922 1944 caelum
946 1892 974 1944 et
996 1884 1184 1944 commodum
1207 1884 1280 1943 iteri
1310 1890 1417 1962 quanta
1441 1891 1625 1945 commeatus
1643 1886 1737 1962 copia,

386 2001 580 2052 §.remanente
603 1986 713 2046 vilitas?
742 2003 830 2062 (luam
851 2004 907 2063 pre
930 1992 996 2045 veto
1019 1985 1264 2064 ubiqneemnia?
1292 1985 1461 2062 impeditum
1487 1984 1567 2045 illum
1595 1988 1739 2047 immensa

454 2107 596 2168 aquarum
619 2090 676 2157 rie,
699 2086 883 2147 intolerabile
906 2086 1015 2161 frigus,
1037 2088 1096 2146 iter
1119 2105 1284 2156 emaresnm,
1308 2089 1386 2147 renti
1409 2094 1441 2147 ut
1463 2089 1507 2146 ria
1524 2106 1651 2167 unquam
1668 2107 1738 2148 cen-

364 2191 379 2250 ’.
454 2192 531 2251 citati
559 2189 738 2249 reddebant!
767 2190 812 2247 ria
834 2189 982 2266 proficisci
1004 2189 1133 2265 pedites,
1157 2191 1310 2265 egerrime
1340 2191 1466 2267 equites.
1495 2191 1594 2251 minus
1615 2190 1738 2269 impedi·

453 2298 552 2352 nienta
575 2290 649 2351 trabi
672 2297 823 2368 poterant;
847 2309 914 2350 nam
937 2290 1103 2360 amelinae,
1132 2292 1335 2370 imprimisque
1356 2290 1535 2351 bombardas
1557 2309 1618 2351 aen
1640 2294 1736 2370 eapie·
1748 2308 1772 2348 15

453 2391 503 2452 bat
525 2394 587 2460 via;
611 2400 805 2472 commeatum
828 2390 989 2452 advehebat
1011 2411 1116 2452 nemo:
1140 2394 1280 2454 adversus
1302 2395 1401 2453 omnia
1424 2393 1520 2453 imber
1543 2400 1571 2452 et
1589 2395 1619 2452 in
1634 2395 1737 2456 taciem

455 2512 602 2553 conversae
625 2493 785 2570 grandines
806 2493 1020 2572 percellebant;
1043 2495 1201 2574 torpebant
1224 2497 1356 2557 euntium
1378 2493 1511 2555 membra
1534 2513 1569 2554 ac
1591 2497 1673 2555 uerri
1697 2498 1738 2555 ri·

385 2594 574 2673 §.regebanm
604 2597 634 2654 in
656 2594 757 2656 oeulos
780 2596 948 2656 animalium
970 2596 1121 2658 serebatur
1143 2599 1324 2677 tempestatis
1354 2599 1396 2657 vis
1426 2597 1577 2657 universa:
1611 2598 1738 2678 denique

453 2699 534 2775 prius
557 2717 622 2757 cum
646 2705 749 2757 natura
774 2698 842 2756 ridit
863 2696 976 2759 bollum
998 2718 1062 2760 esse
1085 2699 1156 2770 sibi,
1188 2717 1276 2779 quam
1305 2693 1374 2760 cum
1403 2718 1438 2761 ee
1467 2708 1556 2776 quem
1578 2700 1738 2777 impetebat

451 2798 549 2868 boste;
572 2801 668 2878 itaque
691 2799 797 2860 dixisse
820 2800 935 2869 lerunt,
958 2819 1025 2860 cum
1049 2801 1302 2872 exiret,.adrersa
1317 2820 1349 2863 se
1364 2801 1475 2863 babere
1491 2804 1603 2870 euteria,
1625 2804 1772 2863 iturorum

451 2909 548 2962 tamen
570 2903 653 2980 qrrasi
675 2903 763 2962 inrito
792 2902 848 2963 deo
877 2909 990 2980 posset:
1024 2911 1052 2964 et
1080 2881 1156 2964 ibat}¹
1186 2922 1240 2964 nec
1267 2903 1337 2965 diam
1366 2906 1443 2964 enim
1471 2921 1629 2982 supernam
1658 2903 1735 2964 illam

450 3012 577 3064 mentem
599 3012 700 3065 nostra
720 3010 854 3064 moverat
874 3004 1027 3064 industria.
1066 3008 1117 3084 qui
1141 3024 1207 3066 cura
1229 3024 1311 3066 arina
1327 3025 1501 3084 caperemus
1516 3006 1644 3066 medium
1660 3005 1738 3067 illius

450 3108 590 3185 impetum
613 3124 788 3184 ‹ptiarennque
810 3108 865 3166 iter
889 3114 965 3167 esset
987 3108 1132 3177 invasuri,
1155 3126 1221 3186 quac
1241 3116 1364 3187 repente
1380 3108 1569 3168 cennnutatie
1584 3108 1658 3168 lacta
1673 3110 1737 3169 esti

450 3215 558 3285 quarta
580 3226 635 3285 pro
658 3207 706 3267 illo
730 3209 886 3269 confestim
907 3208 1009 3268 nubilo
1032 3210 1177 3270 serenitas
1198 3210 1337 3270 inducta?
1360 3228 1425 3288 quae
1446 3211 1523 3270 aeris
1541 3210 1661 3288 caelique
1678 3209 1736 3271 cle·

450 3311 556 3370 uirentia
579 3308 713 3369 adfulsit?
736 3319 767 3369 ut
789 3319 912 3386 repente
934 3313 1046 3375 viarum
1070 3320 1156 3391 putre
1174 3312 1317 3381 constitit,
1339 3313 1383 3372 sel
1399 3313 1532 3380 emersit,
1557 3313 1635 3372 renti
1651 3314 1770 3393 quie-aa

449 3430 532 3480 rere,
556 3411 654 3473 nullus
676 3412 785 3481 imber,
810 3411 889 3473 nulla
911 3413 1056 3490 procella,
1087 3413 1166 3475 nulla
1189 3421 1343 3475 ventorum
1366 3414 1472 3474 iniuria
1493 3414 1657 3493 superfuit?
1680 3433 1735 3474 nn·

451 3514 538 3593 dique
560 3514 713 3597 trementi,
738 3514 867 3592 undique
889 3517 947 3575 rini
971 3518 1054 3593 eopia
1077 3535 1109 3576 se
1132 3516 1227 3577 dedit?
1256 3516 1382 3595 deniquo
1411 3534 1512 3577 rerum
1536 3533 1602 3593 quae
1624 3514 1736 3576 bellum

381 3615 620 3694 §.egerentibus
643 3618 738 3695 optari
759 3624 895 3693 possunt,
919 3620 1049 3677 onmium
1071 3617 1195 3678 lacarltas
1223 3636 1336 3678 summa
1366 3625 1394 3678 et
1421 3618 1547 3678 aliatiml
1580 3636 1645 3697 quaa
1668 3633 1735 3678 ctam

448 3719 505 3777 iam
529 3720 694 3778 ceremonia
718 3717 758 3778 illi
781 3718 934 3779 nobiseum
958 3726 1070 3787 essent,
1101 3714 1166 3798 enm
1194 3721 1248 3780 soit
1278 3720 1369 3781 altera
1398 3721 1444 3781 dei
1466 3721 1575 3780 lactum
1597 3738 1735 3797 eompre-

416 3885 417 3888 Ἴ
448 3819 543 3879 bantis
573 3827 704 3879 uestrum
732 3819 911 3899 benignitas
947 3820 982 3880 ab
1012 3821 1150 3883 llelretiis
1179 3821 1275 3882 subite
1303 3822 1438 3882 desertus
1467 3828 1519 3882 est.
1567 3821 1650 3893 Quod
1678 3824 1769 3882 etsiae

448 3940 627 4000 magnopere
649 3922 726 3981 band
750 3906 942 4000 cupiebamus
963 3943 1032 3993 nes,
1056 3924 1089 3984 ut
1110 3924 1217 4002 quibus
1241 3926 1347 3985 veteris
1369 3924 1519 3984 cuiusdam
1539 3924 1735 4002 persequendi

449 4024 507 4085 edii
530 4025 618 4108 arder
641 4032 717 4091 erat,
746 4023 829 4083 illum
858 4033 955 4084 taurea
983 4026 1143 4103 desperare
1171 4028 1267 4103 coegit
1289 4044 1323 4085 ac
1345 4033 1426 4086 retro
1449 4026 1554 4103 pedem
1582 4025 1676 4094 ferre,
1706 4035 1736 4085 et

379 4138 507 4205 traque
530 4129 626 4185 nainus
648 4134 810 4204 pugnatum
832 4128 869 4186 sit
892 4147 977 4188 carisa
1000 4128 1068 4187 luit:
1092 4129 1186 4204 potuit
1208 4128 1326 4207 quidem
1350 4147 1401 4201 sna
1418 4130 1510 4199 tueri,
1534 4133 1563 4187 et
1578 4127 1734 4205 impeditos

447 4228 583 4288 invadere
606 4229 700 4306 protuit
722 4248 756 4288 ac
779 4249 795 4288 e
818 4228 1029 4290 numitienibus
1051 4228 1210 4308 prohibere
1232 4229 1447 4307 ingredientes,
1471 4235 1665 4289 commeatum
1688 4230 1733 4290 in·

447 4337 623 4398 terrortero,
653 4348 770 4390 omnem
801 4329 910 4408 ubique
939 4333 1188 4410 opportunitatem
1217 4333 1393 4411 praecipere,
1423 4332 1474 4391 sed
1502 4331 1768 4409 recognoscebatur

425 4434 502 4497 ¹iarn
526 4440 587 4492 tum
611 4450 642 4493 se
666 4431 798 4493 consulta
822 4432 1015 4501 conscientia,
1039 4441 1069 4493 et
1096 4451 1132 4492 er
1154 4435 1247 4493 atroci
1269 4433 1367 4494 subite
1389 4433 1487 4493 calore
1515 4432 1643 4502 rolririt,
1675 4436 1732 4493 rim
1815 4503 1818 4508 ¹

445 4533 587 4612 perdidit,
618 4536 747 4595 animum
771 4535 880 4604 amisit,
909 4534 1045 4595 fiduciam
1067 4536 1179 4611 posuit,
1207 4551 1290 4613 spem
1318 4534 1437 4603 abiecit;
1466 4535 1614 4596 defecerat
1635 4534 1673 4595 ab
1696 4554 1732 4595 ee

447 4636 595 4697 temeritas
617 4653 684 4705 sua,
712 4653 783 4695 suus
809 4637 893 4696 lurer
916 4635 1100 4697 deseruerat:
1129 4643 1209 4698 tanta
1236 4643 1281 4698 est
1310 4637 1442 4717 proiecte
1471 4636 1658 4697 conscientiae
1680 4637 1731 4708 vis,

477 4855 818 4922 ‘pertrimttaddetiam
854 4853 1074 4908 “conversam
1110 4856 1366 4922 ”medillimpt
1381 4857 1456 4909 illiue
1469 4859 1729 4913 exercitumeerr.11.

443 4941 465 4974 ³⁰
477 4940 570 5008 Hele]
585 4942 706 4993 Suizeris
723 4956 793 4990 cerr.
807 4947 836 4988 11.
860 4942 985 4990 Exeunte
998 4941 1102 4993 Martio
1115 4960 1140 4992 e.
1155 4942 1229 4994 talo.
1252 4943 1376 4993 Helvetii
1395 4943 1524 4993 conducti
1541 4943 1638 4995 ducem
1652 4947 1729 4997 ‹lese-

444 5042 522 5079 ruere
536 5030 602 5091 „mie
619 5028 712 5078 rocenat
733 5023 842 5091 Titffed‘.
862 5025 905 5075 Cf.
920 5025 1001 5088 lleyd
1015 5028 1036 5076 1.
1056 5044 1082 5092 p.
1096 5029 1155 5078 542.
1171 5043 1212 5092 eq.
1227 5033 1255 5078 et
1272 5042 1355 5092 supra
1372 5027 1427 5079 vel.
1440 5029 1464 5079 1.
1482 5044 1508 5094 p.
1521 5026 1580 5082 267.
1592 5030 1617 5090 5.
1632 5029 1655 5080 l.
