4300 6059
507 696 579 766 ⁵¹2
607 726 642 760 mr
656 726 792 761 urrsrvha
807 727 868 761 VOL·
883 727 941 761 1111.
956 727 1017 760 Pan.
1031 722 1079 761 691.
1094 727 1155 769 830.
1169 726 1306 761 axutam
1320 726 1470 761 flvowator
1485 726 1538 759 11011
1554 724 1688 760 nt'rrltltl.

572 882 656 946 Typis
675 880 815 945 descripta
832 880 961 946 praefatio
980 897 996 930 a
1015 882 1220 947 manuscripta
1239 882 1267 929 in
1285 881 1327 929 his
1346 879 1439 929 differt

505 967 576 1016 MS.:
602 962 733 1029 ecclesia]
755 963 884 1014 Ecclesia
921 965 924 1027 Ι
962 962 1091 1031 negociis]
1117 967 1228 1031 negotiir
1264 966 1268 1028 Ι
1307 962 1369 1030 que]
1396 981 1456 1030 quae
1492 966 1496 1027 Ι
1534 963 1585 1030 tp3]
1609 968 1790 1034 temporum!

505 1047 700 1115 Porte]Portae
733 1046 738 1116 Ι
771 1046 898 1115 ecclesia]
912 1048 1066 1100 Ecclesiam
1100 1050 1104 1108 Ι
1135 1047 1391 1115 Ecclie]Eccleliae
1419 1047 1424 1115 Ι
1451 1045 1528 1115 aim]
1542 1050 1659 1099 animum
1686 1049 1691 1111 1
1717 1066 1792 1099 men·

505 1136 582 1185 datia
604 1132 662 1200 [aed
683 1140 694 1183 t
715 1132 825 1200 incerta]
852 1136 996 1184 mendacia
1035 1134 1039 1199 Ι
1072 1117 1157 1202 omps]
1181 1136 1352 1200 omnipotens
1389 1135 1393 1196 Ι
1431 1129 1570 1200 cofumat']
1595 1132 1762 1184 consummet
1787 1135 1791 1199 Ι

504 1217 655 1284 mendatis]
677 1220 823 1269 mendacia
855 1220 859 1282 Ι
892 1217 951 1285 ille]
970 1220 1027 1269 illae
1059 1219 1064 1284 Ι
1098 1218 1302 1285 afm]‚animam
1322 1218 1360 1281 (ut
1378 1218 1586 1282 Manates.)

571 1303 734 1369 Hugwaldi,
757 1310 788 1353 ut
812 1303 939 1363 damnum
958 1306 1027 1369 quod
1045 1307 1105 1355 viro
1124 1321 1203 1370 piene
1222 1305 1353 1354 fecissem
1371 1305 1533 1364 resarciam,
1558 1307 1644 1355 vitam
1669 1322 1703 1355 cx
1720 1307 1791 1354 Her·

479 1386 485 1394 '
504 1391 577 1455 rogii
595 1389 709 1439 Athenis
728 1389 854 1438 Rauricis
873 1388 969 1451 (Basil.
986 1389 1057 1440 1778.
1071 1391 1107 1440 8⁰.
1122 1407 1149 1455 p.
1162 1387 1221 1438 265.
1236 1390 1288 1453 sq.)
1307 1388 1476 1453 descriptam
1494 1389 1640 1453 nubiuago.

572 1472 703 1536 „Ulricus
716 1473 894 1537 Hugobaldus
912 1488 934 1523 s.
949 1475 1084 1539 Huprccld,
1104 1476 1194 1524 dictus
1208 1474 1311 1536 llfirtius,
1331 1475 1397 1522 vitm
1416 1474 1563 1538 primordia
1583 1477 1657 1539 cepit
1677 1491 1702 1524 a.
1719 1474 1792 1525 1496.

506 1561 533 1609 in
552 1575 624 1624 pago
642 1560 788 1624 Turgoviae
813 1574 896 1624 prope
915 1559 1163 1624 Episcopicellarn,
1189 1558 1238 1608 alii
1262 1559 1366 1621 Wplen,
1392 1558 1440 1607 alii
1460 1558 1569 1608 Stoclren
1592 1559 1667 1609 illum
1691 1576 1792 1625 pagum

504 1649 614 1694 vocant.
650 1643 806 1694 Literarum
829 1643 919 1693 studio
941 1643 1049 1693 deditus
1073 1660 1121 1709 pro
1145 1645 1250 1709 ingenii
1274 1643 1416 1708 elegantia
1441 1649 1469 1692 et
1492 1643 1633 1694 indefessa
1655 1644 1792 1694 industria

505 1744 619 1795 magnos
639 1730 694 1779 cito
713 1729 782 1778 fecit
800 1743 974 1794 progressus,
994 1736 1022 1778 et
1040 1729 1221 1779 eruditionem
1239 1729 1313 1778 baud
1331 1731 1459 1794 exiguam
1477 1732 1656 1794 comparavit
1693 1730 1791 1779 Refor-

505 1821 587 1863 matse
612 1814 744 1863 doctrinae
771 1815 868 1863 favens
894 1818 977 1879 atque
1000 1813 1145 1863 adlroerens
1167 1815 1267 1864 incidit
1289 1816 1317 1863 in
1339 1814 1584 1878 Anabaptistarum
1614 1816 1792 1875 consortium,

403 1896 408 1908 ’
506 1915 618 1964 quorum
638 1899 769 1949 fanaticis
787 1898 1124 1963 opinionibusseductns,
1149 1899 1257 1964 longum
1282 1898 1344 1947 vale
1362 1897 1452 1947 literis
1470 1898 1574 1960 dicere,
1601 1906 1628 1949 et
1645 1901 1674 1949 in
1692 1899 1791 1949 sudore

504 1983 595 2033 vultus
612 2000 684 2049 pane
703 1999 752 2033 suo
770 1984 847 2033 vesci
866 1985 1021 2044 constituit,
1046 1990 1134 2033 artem
1157 1985 1235 2049 proin
1259 1998 1384 2033 vasorum
1409 1999 1441 2032 ex
1465 1983 1558 2033 abiete
1578 1988 1605 2032 et
1623 1987 1688 2048 pinu
1707 1984 1791 2034 conti·

505 2068 663 2119 ciendorum
681 2069 793 2128 didicit,
807 2068 847 2117 ab
868 2069 921 2117 ista
940 2085 1004 2118 vero
1023 2075 1083 2118 arte
1102 2074 1163 2134 post
1183 2069 1216 2118 ad
1236 2067 1431 2132 agriculturam
1445 2069 1564 2118 transiit.
1601 2069 1718 2118 Saniors
1730 2075 1791 2117 tan·

505 2155 566 2203 dem
586 2154 713 2213 edoctus,
737 2168 798 2202 cum
817 2152 907 2202 literis
924 2154 953 2201 in
972 2155 1090 2218 gratiam
1111 2153 1205 2212 rediit,
1231 2159 1258 2200 et
1281 2160 1381 2217 praeter
1399 2153 1604 2218 Philosophiam
1623 2154 1791 2203 Medicinam

504 2240 654 2304 diligenter
673 2237 806 2297 excoluit,
825 2239 972 2287 Anatomia
991 2245 1019 2287 et
1035 2238 1172 2287 Botanica
1190 2238 1316 2302 inprimis
1334 2237 1501 2300 delectatus,
1522 2253 1633 2303 quarum
1652 2239 1791 2303 principia

506 2324 541 2373 ab
559 2324 709 2373 Euatluthfc
729 2321 886 2382 Quercetano
910 2324 998 2372 audiit
1021 2327 1105 2385 atque
1128 2322 1234 2372 didicit.
1271 2323 1409 2372 Basileam
1434 2339 1494 2373 cum
1517 2326 1652 2385 venisset,
1678 2329 1706 2372 et
1725 2324 1791 2372 Pro·

506 2408 657 2459 sessoribus
676 2407 850 2472 diligentiam
868 2422 945 2457 suam
968 2407 1126 2472 probasset,
1146 2407 1305 2458 d.1v.Non.
1320 2407 1386 2457 Nov.
1404 2409 1474 2458 1540,
1494 2408 1699 2458 Baccalaureus
1719 2416 1747 2457 et
1765 2408 1790 2458 d.

504 2495 529 2544 4.
543 2496 602 2543 lan.
621 2492 691 2541 1541.
712 2493 743 2543 L.
757 2494 788 2541 A.
801 2492 838 2541 Μ.
852 2491 961 2557 publice
981 2497 1092 2541 creatus
1111 2493 1184 2541 etin
1208 2492 1329 2541 ordinem
1354 2492 1574 2558 philosophorum
1592 2500 1720 2557 receptus
1739 2499 1790 2553 est,

467 2607 473 2618 ·
505 2579 586 2643 idque
605 2578 705 2642 gratis,
725 2577 794 2641 quod
813 2577 846 2626 de
866 2577 953 2626 literis
972 2576 1042 2626 bene
1062 2579 1174 2627 meritus
1194 2582 1275 2627 osset.
1311 2577 1393 2626 Haud
1411 2578 1458 2626 din
1476 2584 1538 2642 post
1555 2577 1655 2643 duplex
1668 2578 1790 2627 officinm

506 2667 532 2714 ci
551 2663 603 2712 fuit
622 2662 809 2724 commissum,
834 2677 930 2727 nempe
949 2662 1149 2726 Ludimagistri
1174 2663 1203 2710 in
1222 2662 1370 2725 Gymnasio
1390 2668 1417 2713 ct
1436 2664 1464 2713 in
1482 2664 1633 2713 Academia
1649 2664 1791 2713 Professo-

505 2752 542 2797 ris
562 2749 688 2813 Logicre3
708 2747 802 2796 eodem
821 2762 886 2796 vcro
905 2762 977 2796 anno
999 2746 1070 2795 1541.
1092 2747 1126 2795 sd
1144 2747 1271 2796 Ethicam
1290 2747 1441 2796 docendam
1459 2748 1512 2797 fuit
1529 2748 1693 2808 translatus,
1718 2748 1790 2812 quod

505 2833 635 2898 praestitit
659 2847 743 2896 usque
768 2832 802 2880 ad
826 2846 926 2880 anuum
952 2830 1024 2881 1571.
1060 2831 1145 2880 Simul
1169 2847 1234 2881 vero
1258 2846 1329 2880 anno
1356 2831 1429 2880 1544.
1448 2833 1476 2881 in
1494 2832 1659 2897 paedagogio
1677 2834 1703 2881 ei
1721 2832 1790 2880 data

506 2919 558 2967 fuit
577 2918 714 2982 professio
733 2917 877 2978 Poetices,
901 2916 1100 2981 Virgiliumque
1121 2916 1289 2966 auditoribus
1307 2917 1335 2964 in
1354 2918 1408 2965 ists
1427 2917 1559 2966 cathedra
1578 2918 1716 2982 exposuit3
1738 2917 1788 2966 sed

505 3020 530 3051 a.
547 3001 620 3052 1550.
641 3002 772 3066 Virgilius
797 3003 822 3051 ei
847 3002 900 3069 fuit
922 3003 1064 3061 remissus,
1090 3006 1117 3049 ct
1142 3003 1169 3050 in
1189 3000 1289 3050 Ethica
1313 3001 1485 3066 professione
1508 3002 1633 3052 substitit
1650 3017 1734 3066 usqne
1755 3002 1790 3050 ad

504 3088 584 3136 finem
602 3088 681 3147 vitm,
701 3088 746 3150 qui
765 3087 881 3151 contigit
899 3084 922 3134 ll.
938 3086 997 3136 Cal.
1011 3087 1093 3135 Febr.
1109 3102 1133 3135 a.
1150 3085 1222 3135 1571.

571 3172 661 3220 Variis
680 3172 790 3236 scriptis
810 3172 953 3231 inclaruit,
973 3187 1084 3236 quorum
1098 3155 1244 3236 praecipua
1261 3178 1336 3222 suntt
1356 3173 1468 3222 Libellus
1485 3174 1517 3222 de
1534 3174 1672 3221 strictionem
1688 3187 1790 3221 suornm

502 3259 632 3320 prooemio.
652 3257 717 3305 Bas.
753 3256 873 3320 Epistola
895 3258 931 3305 ud
953 3273 1049 3313 omnes,
1074 3258 1118 3322 qui
1137 3257 1258 3306 Christum
1281 3273 1317 3307 em
1339 3260 1420 3306 animo
1443 3263 1572 3322 quoerunt,
1596 3256 1632 3305 ib.
1647 3255 1720 3305 1522.
1757 3259 1789 3305 de

505 3344 683 3391 Germanorum
695 3344 778 3404 primo
794 3344 900 3405 origine.
918 3342 1026 3391 moribus
1043 3344 1164 3391 institutis
1181 3349 1206 3390 et
1224 3343 1298 3391 relma
1308 3347 1395 3406 pesth,
1416 3342 1451 3392 ib.
1466 3339 1539 3391 1539.
1570 3340 1698 3390 l‘rancof.
1716 3339 1788 3389 1584.

504 3427 541 3475 ib.
559 3425 629 3475 15811.
646 3426 692 3475 fol.
724 3423 981 3475 llanov.1613.fol.
1002 3432 1029 3474 et
1048 3428 1120 3476 inter
1135 3428 1241 3475 Pistoril
1255 3430 1397 3491 scriptores
1414 3428 1473 3476 Iler.
1491 3441 1569 3489 perra.
1591 3425 1697 3474 Ratisb.
1715 3423 1788 3473 1700.

506 3511 552 3561 fol.
567 3512 619 3560 vol.
636 3513 669 3560 ll.
