4300 6059
461 683 533 754 116
553 713 677 748 HVTTENI
688 712 724 746 ΔΙ)
733 711 880 747 rutnctrns
893 712 1021 748 usuu.vr
1035 713 1146 746 llEthl'll
1159 711 1257 746 nvncts
1271 711 1411 746 llib'billffl
1424 710 1648 746 trxttottrsrottu.
1661 694 1745 758 (1619.)

458 867 526 938 liae,
558 867 689 928 etmulti
712 886 746 927 ac
769 885 846 946 saepe
869 867 1081 944 migraverunt,
1105 866 1151 925 alii
1175 865 1365 926 obtinuerunt
1386 865 1591 944 Hispaniarum
1614 876 1743 943 partcm;

389 979 449 1028 §.rt
459 970 658 1058 Langobardi,
683 977 816 1029 nostrum
839 975 867 1028 ct
888 969 942 1047 ipsi
965 985 1073 1044 genoe,
1097 986 1155 1028 non
1179 969 1334 1046 pessimam
1356 965 1445 1043 ltaliat
1465 967 1630 1044 portionem
1654 962 1745 1044 pulsis

457 1074 506 1150 qui
529 1065 906 1131 incolebant'hahitandam
928 1077 1121 1148 acceperunt;
1151 1071 1282 1131 Saxones
1304 1076 1333 1130 et
1354 1068 1434 1128 Soatl
1457 1065 1652 1137 Britanniam;
1675 1068 1743 1128 Vin·

456 1164 556 1242 deliei,
588 1172 674 1233 Sucri
703 1180 731 1232 et
753 1171 850 1232 Norici
879 1170 1016 1251 quicquid
1047 1172 1125 1232 iuxta
1147 1171 1277 1233 Athesim
1306 1171 1342 1231 ad
1365 1169 1538 1230 Tridentum
1568 1187 1661 1249 usque
1690 1179 1742 1240 est,

455 1275 600 1352 iidemque
623 1274 764 1334 maiorem
787 1274 892 1353 lllyrici
915 1281 1029 1352 partem
1052 1280 1080 1333 et
1103 1291 1168 1351 quae
1189 1274 1218 1333 in
1249 1272 1305 1333 illis
1327 1269 1449 1350 Alpibus
1477 1270 1564 1331 incoli
1592 1278 1765 1350 peierante·

455 1383 597 1453 praeterea
626 1376 655 1434 in
683 1372 794 1437 ltaliam
821 1377 1003 1438 transierunt
1031 1375 1126 1435 Graeci
1154 1382 1183 1435 et
1210 1374 1298 1443 Galli,
1331 1391 1510 1452 rursumque
1542 1374 1571 1433 in
1600 1373 1743 1435 Graeclam

457 1464 546 1546 Galli;
574 1479 604 1536 in
633 1481 834 1556 septentrione
862 1497 932 1539 vero
960 1484 1102 1555 quantum
1131 1483 1277 1537 terrarum
1307 1477 1336 1536 in
1364 1477 1456 1556 ipsam
1480 1493 1574 1555 usque
1596 1438 1742 1555 Scyrum]

387 1577 542 1640 §.u-nobis
570 1579 697 1640 accrerit
723 1599 758 1640 ac
785 1600 801 1641 a
824 1582 931 1640 nostris
954 1577 1090 1645 incolitur
1113 1577 1297 1639 hominibus!
1319 1577 1392 1638 Tam
1414 1578 1501 1638 rsriae
1523 1579 1552 1637 in
1575 1579 1742 1658 propinquo

395 1688 398 1695 ⁴
456 1680 637 1755 mutantibus
665 1699 697 1742 se
728 1681 819 1744 rebus
849 1701 906 1743 una
930 1681 992 1741 brec
1015 1682 1093 1741 natio
1117 1679 1210 1759 qualis
1231 1678 1268 1740 ab
1291 1681 1374 1739 initio
1395 1679 1464 1750 luit,
1493 1680 1531 1739 ita
1559 1679 1681 1748 mansit,
1712 1660 1750 1737 ut¹

454 1783 540 1843 bodie
563 1780 681 1843 ultimus
704 1776 827 1862 quisque
850 1785 886 1845 ad
909 1785 1036 1863 primunr
1059 1781 1185 1861 aliquem
1208 1780 1322 1843 reterre
1344 1783 1435 1861 possit
1456 1798 1538 1841 suam
1560 1782 1585 1841 si
1600 1779 1668 1841 velit
1682 1780 1776 1840 uri-ro

368 1956 373 1975 ι
454 1885 565 1962 ginem:
590 1885 739 1963 nunqnam
763 1887 840 1946 enim
864 1886 940 1965 apud
964 1904 1019 1945 nos
1040 1884 1365 1969 consederuntexteri,
1388 1900 1539 1961 nunquam
1554 1881 1675 1962 alicuius
1689 1900 1740 1941 na·

455 1988 541 2046 tionis
564 1985 621 2046 buo
643 2004 675 2047 se
697 1989 801 2047 minuit
823 1987 1025 2065 superfluitas3
1047 2005 1156 2054 ,verum
1183 1993 1215 2046 ut
1236 1984 1415 2045 obtinuimus
1437 1996 1474 2046 ne
1496 1985 1562 2064 quis
1583 1982 1668 2045 nobis
1691 2001 1740 2042 ex·

444 2069 557 2149 ¹ternus
580 2089 756 2166 imperaret,
779 2091 818 2148 ita
842 2082 949 2151 lectum
973 2109 1010 2151 ne
1034 2108 1089 2168 qua
1113 2087 1229 2150 aliunde
1251 2089 1355 2147 iactata
1378 2104 1450 2166 gens
1464 2086 1512 2147 bic
1528 2086 1613 2147 sedes
1627 2086 1740 2164 figeret,

454 2190 501 2266 liic
525 2189 704 2250 domicilium
727 2189 851 2258 locaret;
875 2190 948 2251 adeo
971 2198 1002 2251 ut
1024 2208 1148 2269 perraro
1170 2191 1255 2250 etiam
1281 2196 1400 2249 externa
1416 2189 1472 2249 sibi
1487 2187 1632 2249 connubia
1649 2188 1740 2247 maio·

358 2281 360 2287 ’
385 2306 504 2356 §.cures
526 2293 628 2359 vestri,
650 2292 814 2370 principes,
838 2310 896 2370 quo
918 2309 956 2352 nc
978 2291 1025 2352 illa
1047 2272 1197 2352 vitiaretur
1218 2291 1417 2359 Germanitas,
1444 2289 1624 2352 admiserint.
1667 2272 1822 2378 Qurqt'

453 2412 519 2454 cum
543 2395 692 2472 proposita
715 2393 795 2453 robis
817 2392 961 2462 babeatis
986 2410 1105 2473 operam
1128 2411 1187 2454 non
1209 2391 1314 2454 dabitis
1329 2394 1426 2471 utqui
1441 2392 1548 2469 banca
1564 2410 1664 2453 rerum
1680 2393 1740 2470 pri·

454 2495 569 2556 mordio
586 2495 822 2556 coniunctionem
838 2497 868 2555 in
884 2495 1049 2575 bucusque
1065 2502 1181 2574 tempus
1197 2494 1365 2565 deduxistis,
1389 2512 1506 2573 semper
1522 2494 1608 2565 cives,
1623 2511 1741 2572 semper
1762 2530 1764 2536 ι

452 2594 619 2676 populures,
635 2597 725 2656 bomo
740 2615 857 2675 semper
873 2598 996 2675 cognati,
1013 2615 1130 2675 semper
1146 2597 1260 2666 iratres,
1277 2596 1445 2658 domestice
1460 2597 1625 2657 concordiae
1640 2597 1741 2675 praesi·

453 2698 501 2758 dio
517 2716 575 2758 non
592 2696 687 2757 solnm
703 2698 740 2758 ab
756 2701 864 2760 exteris
880 2700 943 2768 tuti,
959 2698 1011 2758 sed
1028 2698 1092 2758 orbi
1109 2700 1195 2760 etiam
1210 2706 1358 2760 terrarum
1374 2697 1574 2760 formidabiles
1589 2698 1669 2758 sitis?
1691 2705 1741 2757 aut

355 2806 357 2811 '
453 2801 549 2878 siquid
568 2799 693 2862 antebac
710 2809 839 2862 erratum
857 2808 909 2870 est,
934 2801 1012 2878 quod
1036 2803 1144 2861 mutari
1165 2818 1224 2860 non
1246 2808 1357 2879 potest,
1381 2801 1566 2880 compensari
1586 2806 1683 2877 potest
1705 2818 1774 2860 acu

452 2905 605 2972 resarciri,
634 2919 712 2962 nunc
735 2905 763 2964 in
785 2921 889 2981 magna
913 2921 1014 2963 rerum
1037 2904 1210 2964 necessitate
1231 2921 1291 2963 non
1313 2901 1448 2974 omnibus
1471 2901 1610 2981 depositis
1631 2903 1739 2979 passim

453 3003 662 3074 simultatibus,
692 3005 809 3065 offensis
839 3024 872 3064 ac
901 3006 1058 3065 inimicitiis
1084 3006 1214 3065 unanimi
1242 3003 1514 3066 consensuTurcis
1542 3003 1601 3084 (qui
1631 3004 1655 3063 si
1678 3003 1741 3064 baec

454 3107 542 3177 desit,
566 3126 653 3185 qrram
677 3125 712 3167 ex
734 3114 829 3167 restra
852 3108 1033 3167 dissensione
1055 3108 1245 3186 operiuntur,
1269 3108 1398 3176 occasio,
1427 3106 1535 3167 frustra
1558 3107 1587 3166 iu
1609 3123 1665 3166 nus
1686 3106 1740 3166 im·

384 3216 554 3287 §.cipetum
578 3210 710 3288 iecerint)
734 3207 897 3268 obsistetisi
921 3208 978 3270 Sed
1001 3216 1034 3268 ut
1055 3207 1127 3270 nulli
1149 3211 1205 3269 sint
1227 3209 1345 3278 Turcae,
1367 3215 1405 3275 ut,
1421 3207 1519 3269 nullus
1540 3207 1657 3269 aliunde
1679 3226 1740 3269 me·

453 3318 513 3380 tus,
537 3319 634 3371 tamen
658 3311 712 3389 ipsi
726 3311 889 3371 Germanice
911 3329 987 3390 opus
1009 3318 1053 3371 est
1074 3310 1229 3372 concordia
1251 3311 1433 3388 principum:
1456 3328 1545 3390 quam
1566 3311 1622 3371 nisi
1643 3312 1740 3371 statim
1749 3329 1776 3368 rs

454 3411 628 3481 obtinuerit,
657 3412 718 3471 suis
748 3411 808 3489 ipsa
836 3413 967 3488 periture
995 3413 1105 3473 viribus
1128 3421 1186 3473 est:
1215 3419 1303 3502 atqpe
1323 3412 1381 3472 boc
1403 3414 1468 3492 quis
1489 3430 1549 3473 non
1576 3412 1664 3473 sentit
1691 3413 1741 3491 qni

453 3515 541 3575 modo
564 3514 640 3574 ridet
662 3520 789 3574 vestrum
814 3514 944 3591 quotidie
967 3514 1080 3593 aliquos
1102 3513 1212 3573 lrivclis
1234 3533 1267 3574 ex
1292 3515 1401 3575 caussis
1422 3525 1538 3576 mutuas
1558 3515 1742 3574 incursiones

453 3615 566 3685 lacere,
590 3633 698 3693 pecora
722 3613 856 3693 abigere,
880 3615 960 3676 vittas
975 3635 1009 3677 ac
1024 3618 1103 3677 vicos
1118 3634 1258 3685 exurere,
1282 3633 1369 3695 agros
1383 3615 1534 3696 populari,
1557 3623 1673 3692 segetes
1687 3614 1740 3675 ob·

452 3725 564 3786 terere,
594 3717 713 3777 finitima
743 3734 866 3794 quaeque
893 3726 971 3778 vasta
993 3718 1139 3779 reddere?
1166 3719 1224 3778 iam
1251 3721 1337 3778 etiam
1361 3716 1453 3778 urbes
1474 3717 1611 3779 obsidere
1633 3736 1668 3779 ac
1690 3737 1740 3779 cx·

452 3837 585 3898 pugnare
609 3825 637 3878 ct
659 3820 742 3897 quasi
764 3817 928 3878 Turcerum
951 3820 1062 3898 regiain
1086 3821 1231 3899 ceperint,
1262 3821 1303 3880 sic
1326 3820 1774 3881 nemorumnemorum

383 3936 540 3999 §.ecquam
563 3921 669 3999 oppida
693 3921 752 3999 igni
774 3938 809 3980 ac
830 3920 911 3980 lcrro
934 3923 1077 3999 grassari?
1100 3922 1160 3983 Nec
1182 3942 1198 3982 a
1222 3941 1268 3982 me
1283 3929 1380 3982 taumn
1396 3922 1454 3982 dici
1469 3925 1523 3983 ista
1539 3924 1622 4002 quasi
1637 3941 1740 3984 omncs
1819 3956 1824 3965 ·

450 4042 502 4083 vos
524 4023 637 4084 trabam
659 4025 690 4083 in
713 4024 789 4084 hanc
812 4023 926 4100 culpam
949 4025 1069 4102 putetis,
1093 4031 1144 4083 eut
1164 4023 1200 4083 de
1215 4019 1352 4085 oninibns
1366 4026 1405 4085 sit
1418 4023 1482 4085 baec
1496 4025 1590 4085 lama:
1613 4025 1642 4085 id
1659 4026 1740 4103 quod

451 4124 541 4186 semel
563 4123 717 4203 praelatum
741 4143 805 4185 esse
827 4127 896 4185 satis
918 4123 998 4185 volo:
1031 4126 1151 4184 omnino
1179 4132 1248 4185 sunt
1275 4126 1326 4202 qui
1353 4126 1416 4186 hec
1444 4126 1554 4187 sacient
1575 4125 1681 4205 aliqui,
1712 4134 1740 4187 et
1783 4101 1791 4125 ⁸

451 4228 502 4305 qui
525 4225 585 4304 (sed
607 4229 688 4288 venia
712 4227 789 4287 dicto
812 4229 858 4308 sit)
882 4227 1036 4288 discordiis
1059 4245 1093 4286 ac
1116 4226 1310 4289 seditionibus
1334 4228 1409 4287 miro
1431 4228 1528 4288 studio
1551 4236 1580 4288 et
1606 4230 1739 4308 apposita

452 4328 598 4406 diligentie
622 4319 848 4408 dant'operam;
879 4330 929 4407 qui
957 4329 1076 4406 rapiunt
1098 4347 1131 4413 ac
1153 4329 1308 4408 diripiunt;
1336 4346 1390 4409 per
1411 4347 1485 4408 quos
1506 4331 1554 4401 lit,
1584 4338 1629 4400 ut,
1659 4331 1775 4409 quodos

451 4432 506 4491 iste
522 4429 733 4492 Maximilianus
754 4448 869 4492 summo
892 4437 998 4491 conatu
1021 4428 1180 4508 probibere
1203 4414 1313 4501 studet,
1337 4449 1487 4509 nunquam
1502 4430 1665 4493 latroniciis
1678 4450 1739 4494 uon

452 4530 581 4592 abundet
603 4532 775 4601 Germania,
804 4540 837 4593 ut
858 4532 1024 4594 devastetur
1047 4532 1141 4610 patrie
1165 4551 1199 4593 ac
1227 4535 1458 4603 comminuatur,
1488 4541 1520 4594 ut
1548 4533 1739 4612 tranquillum

384 4653 442 4704 cre.
454 4635 490 4695 sit
512 4633 559 4693 lric
582 4633 668 4704 nihil,
692 4635 788 4694 omma
812 4632 906 4695 turbis
928 4653 962 4694 ac
983 4632 1156 4718 tumultibus
1177 4634 1272 4714 plena.
1317 4634 1412 4705 Quam
1433 4635 1634 4714 indignitatem
1649 4638 1675 4698 si
1690 4638 1741 4715 qui

454 4771 655 4782 -ιι

518 4852 553 4887 ³·⁴
575 4854 724 4918 Vindelyci
743 4857 766 4903 1.
818 4851 842 4884 '⁵
864 4854 1052 4920 Iideniquett.
1105 4855 1202 4904 ⁸'l'um
1223 4859 1278 4905 1.2.
1349 4854 1369 4888 ¹⁸
1392 4857 1446 4907 imo
1464 4860 1489 4908 t.
1558 4855 1635 4907 ”ci
1648 4857 1703 4909 rol.
1716 4858 1740 4908 1.-

341 4952 344 4958 ’
450 4939 763 5004 ρ.2013(1.ἕξ.383ᾳῳ
812 4937 834 4970 ²⁸
853 4954 886 4988 uc
906 4942 960 4991 1.2.
974 4946 1002 4991 c't
1014 4947 1041 4990 n.
1091 4939 1250 5005 ³⁰ceperint
1262 4942 1287 4988 1.
1308 4942 1442 5006 coeperint
1453 4943 1511 4991 Μ.
1546 4938 1739 5009 “studet]le·

451 5022 531 5087 gibus
548 5022 613 5072 letis
632 5038 691 5086 quae
710 5024 888 5086 Londfrieden
906 5024 1088 5091 adpelluntur.
1141 5040 1176 5074 ue
1194 5037 1312 5088 unquam
1331 5028 1387 5076 m.
1406 5041 1475 5075 corr.
1486 5027 1517 5074 11.
