4300 6059
381 697 455 769 310
492 725 593 760 LEONIS
607 726 632 760 X.
647 723 756 759 CONTRA
771 723 922 758 LVTHERV!
935 721 1026 757 svm
1040 722 1102 756 nst.
1113 718 1209 755 iuvit.
1223 720 1249 754 A.
1261 716 1317 754 ¹52⁰.
1338 721 1361 754 0·
1373 719 1496 754 RVTTENI
1511 717 1604 754 nonis.

379 900 490 944 snmus.
535 880 664 939 cEorum
686 890 784 940 autem
806 895 943 938 errorum
972 880 1087 952 aliquos
1111 878 1309 952 presentibus
1323 878 1471 935 duximus
1490 876 1674 935 inseremlos.

382 999 507 1059 quorum
526 992 609 1042 tenor
630 982 779 1055 sequitur,
802 989 831 1039 ct
848 989 891 1039 cst
912 981 996 1039 talis:

468 1082 516 1164 [Ι]
538 1084 689 1142 Haretica
706 1086 849 1143 sordentia
870 1090 926 1152 est,
955 1082 1009 1141 sed
1030 1084 1154 1149 usitata,
1177 1081 1373 1141 Sternumenta
1393 1067 1476 1139 nocte
1494 1081 1568 1154 lepis
1589 1081 1678 1139 iusti-

379 1189 520 1261 ficunlem
537 1187 670 1260 prolium
693 1187 751 1245 illis
773 1188 863 1255 deire,
885 1187 938 1259 orti
958 1202 1016 1243 reon
1028 1192 1148 1258 Jronnnt
1167 1184 1285 1243 obicem.

469 1284 518 1366 [2]
540 1286 579 1345 In
596 1302 694 1362 puero
706 1294 776 1362 post
796 1289 972 1362 baptismum
993 1277 1106 1359 nepare
1126 1292 1284 1345 remanens
1298 1293 1470 1360 peccatum,
1491 1293 1535 1344 est
1550 1286 1702 1344 I’oirlnmz·

383 1395 413 1450 et
435 1388 582 1447 Christum
600 1389 688 1447 simul
708 1392 897 1449 conculcare.

471 1487 520 1569 [3]
544 1490 648 1550 Fames
667 1493 787 1564 peccati
804 1495 892 1551 etiam
915 1494 942 1550 si
965 1492 1080 1550 nullum
1102 1492 1182 1550 adsit
1207 1492 1325 1550 actuale
1345 1496 1518 1564 peccatum,
1546 1496 1683 1550 moratur

384 1599 539 1652 exeuntem
560 1609 579 1648 a
601 1610 726 1669 corpore
747 1597 878 1654 animam
901 1594 938 1653 ab
959 1595 1095 1666 inpresso
1116 1597 1192 1654 cati.

472 1691 520 1772 [t]
544 1694 728 1769 Inperfecta
747 1697 880 1754 cbaritos
900 1697 1038 1755 morituri
1051 1696 1116 1768 fert
1134 1712 1231 1755 secum
1250 1698 1417 1755 necessario
1437 1712 1578 1768 maurium
1594 1697 1683 1754 timo-

387 1813 468 1868 rem,
496 1799 548 1870 qni
568 1814 599 1856 sc
620 1800 680 1858 solo
699 1801 772 1858 sotis
793 1803 837 1858 est
855 1797 960 1869 focae
981 1814 1103 1872 prauam
1120 1799 1308 1872 purpotorii,
1338 1806 1367 1856 et
1387 1798 1510 1872 impedit
1530 1800 1681 1857 introitum
1694 1805 1717 1845 ¹¹·

388 1899 483 1974 repni.

475 1998 524 2080 [5]
552 1998 578 2058 Τ
575 2018 623 2060 res
644 2018 707 2060 esse
722 2009 829 2077 partes
843 2004 1038 2077 peonitentia,
1060 2005 1276 2069 contritionem,
1298 2002 1524 2074 consessionem,
1545 2011 1575 2061 et
1591 2005 1687 2061 sotis-

386 2103 565 2176 factionem,
590 2119 649 2161 noa
670 2108 714 2161 est
730 2102 895 2174 fundatum
918 2108 948 2164 in
970 2107 1138 2180 scriptura,
1165 2120 1219 2164 rico
1238 2106 1268 2163 in
1287 2106 1417 2178 antiquis
1431 2105 1562 2175 sanctis,
1592 2105 1686 2163 Cirri-
1780 2159 1786 2171 ,

388 2207 493 2265 silanis
514 2205 697 2264 Ductoribus.

476 2302 525 2384 [ti]
550 2305 689 2366 Corilritio
710 2324 777 2381 qua
796 2315 928 2390 paratur
945 2325 1003 2384 per
1026 2310 1251 2380 discensionem,
1271 2310 1482 2377 collectionem,
1504 2315 1535 2367 et
1553 2308 1720 2367 detesto-11·

391 2410 497 2467 tioium
515 2415 723 2482 peccatorum,
753 2426 813 2483 qua
839 2413 905 2484 queis
931 2413 1075 2485 recopimt
1102 2426 1197 2469 orrnos
1216 2426 1283 2469 snos
1305 2412 1335 2467 in
1354 2410 1555 2469 amaritudine
1576 2413 1688 2469 animae

391 2526 468 2581 saec,
487 2511 686 2584 ponderando
702 2522 893 2585 peccatorum
911 2516 1104 2586 pronitatem,
1132 2513 1359 2584 multitudinem,
1385 2511 1567 2584 surditatem,
1591 2515 1688 2571 amis-

390 2613 501 2670 sionem
516 2618 637 2671 atanec
651 2612 854 2686 beatitudiuis,
876 2632 914 2674 ae
930 2622 1052 2675 reternee
1065 2616 1266 2673 damnationis
1279 2616 1514 2689 acquisitionem,
1530 2614 1597 2675 bac
1611 2630 1689 2674 con-

392 2713 471 2773 tritio
487 2712 568 2785 facit
587 2714 788 2788 hypocritam,
812 2718 869 2775 imo
889 2719 985 2791 mapis
1003 2724 1199 2792 peccatorem.

478 2812 527 2895 [i]
559 2817 747 2876 Verissimum
768 2824 811 2877 est
828 2819 1031 2892 prouerbium,
1054 2829 1083 2878 et
1102 2819 1230 2878 omnium
1249 2819 1388 2878 doctrina
1408 2819 1446 2877 de
1465 2818 1726 2878 contritionibusn

392 2915 451 2976 buc
478 2934 569 2991 usque
596 2919 669 2977 dala
694 2924 907 2994 praestantius:
939 2922 977 2980 de
1002 2929 1110 2983 caetero
1132 2919 1331 2991 nonfacere,
1355 2936 1470 2980 summo
1494 2922 1691 2995 panitariam

393 3020 503 3093 optimo
523 3022 710 3094 postulantia,
731 3039 808 3082 nona
827 3026 896 3082 nito.

480 3118 529 3200 [8]
570 3122 658 3182 Nulla
673 3124 760 3183 modo
776 3141 948 3200 praesumas
966 3126 1101 3196 corefiieri
1119 3132 1245 3200 peccatu
1268 3127 1405 3196 ueniulo,
1433 3124 1488 3184 sed
1510 3140 1565 3184 uec
1589 3127 1692 3185 omnia

393 3226 542 3292 mortalia,
562 3226 633 3299 quia
650 3227 825 3300 impossibile
839 3237 889 3300 est,
910 3234 944 3287 ut
961 3229 1059 3287 omnia
1081 3229 1220 3287 mortalia
1233 3242 1420 3301 copnoscuse
1432 3226 1512 3285 unde
1530 3227 1561 3284 iu
1576 3228 1691 3301 primi-

394 3328 454 3386 tivo
468 3330 593 3387 ecclesio
615 3330 708 3386 solnm
729 3328 890 3401 manifesta
912 3332 1050 3389 mortalia
1075 3329 1297 3401 confitebantur.
1701 3348 1727 3387 us

396 3536 425 3588 ct
447 3531 622 3607 perniciosis
644 3530 786 3591 intercedi
810 3530 943 3616 legibus?
1008 3532 1080 3592 “Ista
1105 3531 1222 3610 quddam
1245 3533 1287 3591 vis
1310 3537 1368 3599 est,
1392 3529 1525 3598 Decime,
1553 3547 1614 3589 non
1638 3530 1692 3590 ha-

396 3629 456 3690 bita
480 3631 562 3707 prius
585 3632 753 3709 cognitione
775 3634 915 3694 damnare
939 3652 1004 3712 ‹111ae
1026 3633 1201 3711 disputanda
1231 3632 1279 3692 iiio
1307 3633 1477 3710 proposuit,
1506 3649 1603 3710 nequis
1634 3631 1693 3692 boc

397 3730 495 3792 iacere
517 3732 554 3791 de
577 3732 714 3794 Ecclesia]
738 3736 836 3807 totins,
861 3738 907 3796 rui
923 3756 954 3796 su
971 3735 1017 3796 iiio
1033 3734 1164 3801 subiicit,
1189 3734 1322 3794 concilio.
1358 3734 1415 3795 Sed
1433 3732 1503 3792 nibil
1519 3740 1604 3810 potes
1620 3751 1692 3792 cun·

395 3840 440 3894 tra
465 3836 633 3902 veritatum
656 3854 711 3914 pro
736 3841 855 3899 scritate
879 3846 978 3915 potos,
1001 3839 1093 3916 siquis
1117 3845 1281 3916 oppugnat,
1306 3842 1335 3895 at
1357 3845 1388 3895 tn
1412 3841 1531 3915 paratus
1554 3854 1586 3894 es
1602 3836 1691 3903 tueri,

397 3934 436 4003 si,
461 3935 663 4014 utilissimi,
688 3938 833 3999 Christum
857 3940 1019 4018 praedicaro
1042 3939 1205 4004 instituisti,
1230 3956 1288 3997 nori
1312 3944 1341 3997 to
1364 3939 1475 4016 ipsum:
1502 3939 1526 3995 si
1550 3939 1728 3996 coutinuis-ss

397 4052 462 4096 snm
486 4037 539 4097 tibi
561 4055 681 4115 gregem
706 4058 827 4116 pascere
844 4060 914 4102 cura
931 4051 989 4110 est,
1012 4059 1071 4100 nun
1088 4038 1296 4118 cupiditatibus
1310 4038 1453 4100 inservire
1468 4039 1540 4106 tuis,
1564 4045 1596 4097 nt
1612 4038 1694 4098 iran-

398 4136 533 4199 duloutcr
555 4139 689 4200 sisibutus
711 4161 745 4201 ac
767 4143 803 4203 ad
827 4160 949 4204 munera
972 4142 1103 4204 licelinus
1126 4150 1154 4203 st
1175 4150 1241 4220 post
1263 4141 1365 4201 sordes
1388 4139 1475 4200 abeas
1496 4158 1609 4218 pennus
1626 4159 1694 4201 ava·

398 4240 493 4300 ritiain
517 4242 623 4302 fictitiis
645 4243 833 4304 sermonibus
855 4246 892 4304 dc
915 4243 999 4305 nobis
1022 4244 1189 4321 negotiaris.
1234 4242 1309 4312 Quin
1332 4251 1378 4311 tn,
1401 4243 1425 4303 si
1447 4242 1608 4310 creandis,
1632 4242 1693 4302 noli

399 4358 463 4401 esso
486 4342 561 4402 sicut
583 4345 642 4403 Lau
665 4345 695 4403 in
719 4345 806 4405 tiorum
831 4353 895 4415 tna,
921 4348 1054 4406 stertens
1076 4347 1253 4406 ‹irrinesticos
1274 4352 1341 4403 tirus
1363 4350 1392 4403 et
1407 4344 1578 4421 opprimens
1593 4343 1693 4403 subia-

399 4450 462 4500 ctus
485 4442 547 4504 tibi.
585 4445 670 4505 Certe
692 4446 829 4515 dominns
852 4449 977 4509 custodit
1000 4449 1149 4508 raritatem
1179 4449 1209 4506 in
1237 4444 1376 4505 saeculnm
1400 4444 1526 4521 facitque
1549 4444 1726 4505 indicturus

398 4543 535 4606 iniuriam
558 4546 743 4623 patientibus.
788 4549 858 4612 Haec
880 4552 1049 4611 meminisse
1072 4555 1100 4610 te
1123 4548 1254 4626 oportuit
1275 4548 1359 4625 prius
1374 4564 1460 4625 quam
1478 4546 1695 4619 condemnares

399 4643 521 4707 tratrem
545 4655 636 4708 tunm.
683 4648 768 4719 Quod
794 4671 863 4712 vero
886 4652 924 4713 ad
945 4650 1068 4712 Lntberi
1090 4651 1198 4729 scripta
1221 4649 1363 4727 pertinet,
1393 4647 1491 4725 legant
1512 4664 1631 4717 omnus,
1655 4648 1693 4708 si·

400 4746 460 4806 mul
484 4755 566 4807 tumn
588 4751 742 4823 indicium,
766 4752 873 4814 deinde
895 4751 988 4813 libero
1010 4753 1064 4830 ipsi
1087 4770 1205 4830 quoque
1235 4751 1373 4810 iudicent.
1439 4747 1566 4809 'Callida
1589 4748 1694 4809 decer·

450 4944 474 4979 ’⁰
491 4947 528 4998 oi.
542 4949 623 5000 Pauli
636 4968 679 5017 ep.
686 4953 722 5003 11.
737 4953 772 5003 ud
785 4953 846 5004 Cor.
860 4955 938 5005 tva.
974 4955 994 4988 ³¹
1009 4953 1110 5019 cupid]
1125 4955 1161 5004 cf.
1171 4954 1206 5003 11.
1220 4950 1456 5003 tuscenanxmb.
1498 4948 1521 4982 ⁸²
1532 4956 1596 5018 post
1607 4949 1691 5017 cord]

344 5039 354 5057 *
401 5029 437 5080 ei.
451 5028 532 5081 Osee
545 5029 628 5084 v.11.
663 5035 685 5068 ⁸³
702 5034 1092 5103 noli]Ecelasiustici1V.35.
1127 5036 1150 5069 ⁸⁵
1168 5033 1299 5102 custodit]
1318 5035 1420 5086 Psalm.
1435 5033 1573 5084 CXLWI.
