4300 6059
400 729 406 739 ‘
479 706 602 754 ΗΠἿῊΙ
621 717 650 753 nt
669 718 763 752 DVCBl(
781 716 1059 752 WIRTENPERGBNSRR
1078 717 1180 752 ostreo
1199 717 1257 752 1111.
1281 717 1309 751 Ι.
1323 716 1387 752 AVG·
1400 715 1426 751 Δ.
1439 710 1499 751 lbll·
1584 687 1630 758 79

346 881 445 933 turam
474 873 645 950 denegatlo;
674 873 727 932 ista
756 889 869 949 nupera
898 871 1110 932 misericordiae
1139 876 1246 932 nostrae
1268 872 1399 948 punitio?
1426 874 1469 933 sic
1497 890 1534 933 ne
1563 887 1700 936 essesut.

345 976 442 1035 iratus
464 977 572 1036 misero
594 976 730 1052 potuisti,
755 980 788 1034 ut
809 972 903 1034 nolles
924 980 1049 1033 mortem
1071 971 1208 1051 supplicii
1231 979 1393 1032 extromum
1416 974 1497 1034 esse?
1518 981 1567 1034 tua
1589 975 1634 1033 in·

344 1078 427 1138 venit
448 1075 608 1138 crudelitas
630 1076 709 1153 quod
730 1073 953 1147 ultramortem
977 1093 1094 1154 quoque
1117 1075 1362 1153 progrederetur,
1386 1093 1442 1135 nec
1463 1077 1502 1135 ita
1523 1076 1580 1136 iam
1603 1083 1636 1135 ut

344 1179 405 1240 boc
427 1196 537 1257 corpus
560 1177 630 1238 ieris
651 1196 686 1238 ac
707 1177 809 1238 bestiis
832 1175 1031 1238 dilaniandum
1055 1176 1215 1246 obiiceres,
1238 1176 1289 1238 sed
1306 1178 1378 1236 iuvit
1392 1178 1450 1236 tuis
1465 1179 1559 1255 ipsum
1575 1195 1635 1237 ma·

316 1280 436 1342 suibus
457 1287 600 1341 tractare:
630 1279 686 1340 boc
714 1278 901 1339 corollarium
923 1278 992 1347 luit,
1020 1279 1079 1339 lroc
1100 1278 1204 1339 sceleri
1226 1285 1276 1338 tuo
1299 1280 1460 1339 auctarium
1488 1281 1633 1356 reperisti,

282 1434 285 1436 ,
344 1384 485 1444 conscius
507 1381 562 1441 tibi
585 1380 669 1462 sorte·
684 1380 794 1442 nullam
817 1381 882 1441 lore
904 1389 962 1441 tam
986 1382 1126 1441 immitem
1149 1380 1241 1440 ieram
1263 1396 1329 1457 quae
1351 1382 1380 1439 in
1404 1380 1567 1440 huiusmodi
1590 1382 1634 1440 in·

268 1492 278 1508 ·
344 1487 514 1546 nocentiam
537 1485 641 1545 saevire
662 1491 780 1562 posset,
804 1491 833 1544 et
854 1483 932 1561 quud
956 1482 1052 1543 nullos
1073 1484 1217 1543 immanes
1239 1481 1338 1560 lupos,
1362 1481 1457 1545 nullas
1479 1482 1557 1542 diras
1571 1481 1634 1561 lyn-

344 1605 410 1655 ces,
434 1585 532 1646 nullos
552 1583 737 1646 truculentos
758 1603 845 1645 ursos
867 1586 996 1646 facturos
1019 1584 1182 1652 credidisti,
1207 1585 1264 1645 tuis
1287 1583 1355 1644 illud
1378 1583 1515 1646 manibus
1529 1586 1659 1663 exequi.

345 1687 481 1757 volebas,
514 1705 573 1747 non
600 1705 660 1766 quo
688 1697 769 1747 tuam
795 1688 969 1749 immensam
998 1687 1144 1747 diritatem
1172 1684 1269 1763 aliquo
1292 1688 1506 1746 noro-invento
1528 1687 1633 1747 satiare

312 1809 334 1846 ro
345 1808 465 1869 posses,
493 1790 545 1852 sed
573 1797 606 1849 ut
627 1791 784 1866 genuinam
807 1787 884 1848 banc
907 1795 984 1848 tuam
1008 1788 1160 1849 hauriendi
1181 1789 1332 1864 sanguinis
1357 1788 1522 1850 aviditatem
1551 1790 1633 1868 quasi

344 1893 382 1953 ad
404 1900 522 1969 tempus
544 1889 692 1951 delinires.
736 1891 772 1952 Et
793 1890 856 1950 lraec
879 1891 972 1950 iecisti
995 1890 1107 1959 omnia,
1130 1896 1211 1950 tuam
1234 1896 1339 1966 tamen¹
1353 1892 1430 1950 sitim
1446 1909 1506 1951 nou
1520 1893 1699 1952 resin-tuo.

344 1994 429 2054 xisti:
457 1992 572 2072 aliquos
600 1992 657 2052 ridi
680 1993 833 2053 carnifices
856 1998 991 2053 exoratos
1013 1991 1050 2053 ab
1072 1991 1119 2051 his
1142 1993 1191 2068 qui
1213 1991 1356 2070 supplicio
1379 1992 1454 2053 allici
1476 1992 1632 2063 debebant,

344 2114 383 2156 ne
406 2096 456 2155 diu
478 2096 662 2163 cruciarent,
692 2111 729 2155 uc
756 2095 888 2173 repetitis
915 2089 1021 2155 ictibus
1048 2093 1255 2162 verberarent,
1285 2101 1318 2153 ut
1344 2093 1480 2158 celeriter
1507 2103 1633 2156 mortem

281 2227 285 2232 ·
344 2198 500 2266 alierrent,
517 2177 584 2257 'uno
607 2195 695 2276 pulsu
717 2197 861 2257 cervicem
877 2202 1059 2265 resecarent,
1083 2199 1140 2256 cito
1154 2194 1292 2275 laqueum
1308 2204 1469 2266 necterent,
1492 2193 1550 2275 quo
1566 2197 1633 2258 bre·

314 2318 337 2358 u
348 2300 466 2360 sissimo
487 2296 601 2359 doloris
621 2315 710 2359 sensu
734 2299 789 2357 vita
812 2299 993 2383 auferretur,
1020 2297 1094 2366 lroc,
1124 2298 1259 2375 iuquam,
1282 2307 1417 2359 exoratos
1440 2299 1496 2361 vidi
1518 2300 1634 2360 carnifi-

345 2420 412 2469 ces,
436 2418 564 2480 quorum
586 2400 792 2461 interficiendis
814 2400 1158 2460 bominibus-artificium
1181 2407 1243 2469 est,
1266 2403 1316 2478 qui
1339 2401 1488 2462 fundendo
1504 2401 1633 2464 humano

344 2505 482 2580 sanguini
510 2502 624 2562 adsueti
652 2508 733 2572 sunt,
768 2519 894 2579 quorum
923 2504 1046 2581 quisque
1081 2508 1161 2561 tanto
1188 2503 1219 2560 in
1248 2520 1302 2561 suo
1331 2520 1439 2578 genere
1469 2505 1562 2564 maior
1590 2511 1635 2564 est

345 2612 458 2684 quanto
481 2605 579 2665 minus
601 2621 704 2664 eorum
727 2622 800 2683 quos
822 2605 959 2666 interficit
987 2603 1161 2671 miseretur;
1190 2610 1287 2662 tamen
1316 2603 1372 2664 lroc
1404 2606 1566 2667 concedere
1587 2607 1633 2666 in·

344 2706 527 2767 terlieiendis
547 2705 619 2767 ridi:
642 2714 687 2776 tu,
711 2707 763 2786 qui
785 2707 915 2766 omniurn
938 2705 1108 2765 carnificum
1131 2705 1222 2764 victor
1245 2723 1291 2773 es,
1315 2724 1402 2784 quiem
1425 2709 1576 2768 atrocitate
1598 2715 1700 2771 euru.

309 2808 538 2870 reinclementia
558 2825 647 2868 nemo
668 2786 880 2876 vlncit,'nemo
903 2815 1011 2886 aquat,
1035 2824 1093 2884 quo
1116 2824 1203 2867 nemo
1224 2808 1362 2867 immitior
1377 2814 1524 2886 tyrannus,
1547 2827 1634 2870 nemo
1659 2846 1662 2854 ·

345 2910 478 2972 ferocior
501 2910 555 2971 luit
576 2909 735 2987 gladiator,
765 2928 823 2970 non
851 2917 963 2971 tautum
986 2926 1045 2968 non
1067 2908 1178 2986 aliquid
1201 2910 1237 2970 de
1259 2909 1372 2970 diritate
1394 2909 1530 2988 supplicii
1551 2912 1634 2971 inno·
1659 2945 1679 3020 5

345 3013 510 3074 centissimi
532 3013 644 3074 iuvenis
666 3012 819 3081 remisisti,
842 3011 894 3073 sed
916 3013 1013 3071 omnia
1029 3029 1094 3089 quae
1110 3012 1173 3071 sreri
1188 3009 1347 3072 crudeliter
1362 3018 1512 3089 poterant,
1537 3015 1566 3072 in
1582 3032 1632 3074 cu·

345 3114 462 3176 mulum
486 3115 645 3192 aggerasti3
668 3131 724 3174 nec
747 3114 805 3173 iam
827 3114 896 3192 quid
919 3112 1091 3173 detraheres
1113 3114 1164 3174 sed
1187 3114 1256 3191 quid
1279 3113 1402 3174 adderes
1417 3116 1557 3192 cogitasti.
1590 3115 1701 3181 Ettns.

345 3217 412 3276 lraec
439 3216 476 3277 de
503 3224 553 3277 tua
582 3215 696 3278 feritate
723 3235 758 3276 ac
787 3215 972 3277 inelementia
995 3214 1070 3275 dicta
1095 3217 1168 3284 sint;
1201 3223 1309 3276 tantam
1332 3234 1401 3276 vero
1423 3218 1634 3295 impudentiam

308 3336 336 3375 ss
346 3319 414 3398 quis
437 3317 562 3378 credidit
582 3325 615 3379 ut
636 3335 703 3379 cum
726 3317 789 3378 hee
809 3324 888 3378 tanta
910 3316 1022 3378 scelera
1044 3316 1209 3387 admiseris,
1233 3318 1329 3378 adbuc
1350 3307 1404 3378 nos
1425 3318 1560 3385 irridere,
1582 3337 1634 3380 no·

345 3419 398 3479 bis·
414 3418 557 3481 insultare
579 3427 609 3481 et
629 3418 790 3481 maledictis
812 3438 929 3500 quoque
952 3419 1130 3481 contendere
1152 3420 1276 3480 audeas?
1298 3419 1350 3480 sed
1372 3420 1450 3498 quod
1472 3438 1549 3498 saepe
1565 3421 1633 3491 diri,

344 3523 412 3582 licta
428 3523 483 3582 ista
499 3512 596 3582 abste
618 3520 714 3581 laetitia
738 3529 795 3598 est,
819 3522 1050 3582 commentitium
1072 3521 1130 3581 boc
1152 3521 1306 3598 gaudium,
1330 3539 1387 3600 quo
1403 3521 1566 3584 lorinsecus
1581 3541 1634 3583 no·

344 3623 391 3684 bis
413 3620 555 3684 molestus
577 3641 623 3683 es:
646 3639 714 3684 nam
737 3624 815 3683 intus
837 3623 917 3685 doles
939 3642 975 3684 ac
995 3625 1170 3691 maceraris3
1192 3625 1236 3683 sic
1258 3624 1349 3684 durus
1371 3625 1479 3703 quippe
1499 3643 1559 3685 non
1580 3644 1633 3702 po·

345 3734 391 3787 tes
414 3743 497 3793 esse,
526 3732 559 3786 ut
586 3742 644 3786 non
672 3723 762 3786 multa
789 3732 819 3786 te
844 3725 894 3786 lric
922 3725 1112 3787 acerbissime
1134 3725 1278 3786 adiiciant.
1322 3731 1410 3803 atque
1431 3725 1505 3787 heus
1526 3734 1574 3796 tu,
1603 3729 1701 3788 sltem,
1756 3760 1757 3764 ,

307 3846 445 3906 seneque
472 3827 562 3888 buius
588 3834 618 3888 te
645 3826 793 3887 homicidii
815 3829 1017 3904 turpissimum
1039 3829 1068 3888 in
1091 3828 1210 3888 modum
1234 3831 1381 3890 commissi
1404 3829 1510 3908 pudet,
1537 3846 1635 3907 neque

345 3931 432 3991 istius
455 3946 521 4008 quae
543 3936 700 3992 consecuta
722 3935 766 3990 est
787 3929 968 4006 ignominia,
993 3947 1051 4007 quo
1072 3929 1155 3991 illum
1177 3931 1295 3991 tandem
1317 3933 1359 3991 sic
1381 3931 1529 3992 desertum
1551 3929 1655 3992 tuum'

345 4031 383 4092 ad
407 4029 635 4093 llarimilianum
657 4030 802 4121 Caesarem
824 4030 933 4093 abitum
956 4031 1045 4091 tulisti
1067 4032 1187 4092 animo?
1215 4032 1255 4092 ibi
1276 4040 1306 4094 te
1327 4034 1448 4112 puduit,
1477 4033 1566 4102 latro,
1595 4034 1636 4095 ibi

345 4132 462 4212 coepisti
483 4134 562 4194 intus
584 4133 728 4202 morderi,
757 4134 829 4193 loris
851 4132 964 4211 pallore
986 4133 1106 4202 confici:
1135 4135 1252 4195 sensisti
1274 4136 1351 4195 enim
1374 4153 1439 4214 quae
1461 4137 1519 4196 sint
1541 4136 1633 4196 homi-

345 4252 420 4296 num
449 4234 554 4296 iudicia
582 4242 652 4296 tunc
681 4253 747 4296 cum
778 4242 913 4296 extante
938 4235 1022 4296 turba
1046 4234 1202 4304 nobilium,
1230 4237 1279 4314 qui
1301 4237 1331 4296 in
1353 4243 1402 4298 tua
1425 4245 1545 4298 cruenta
1568 4237 1633 4298 aula

308 4336 457 4397 ssrersati
477 4343 561 4406 suut,
591 4339 636 4397 rix
663 4356 739 4423 unus
770 4346 800 4398 et
827 4336 901 4398 alter
929 4339 978 4417 qui
1006 4347 1035 4398 te
1064 4339 1253 4398 comitaretur
1275 4348 1411 4416 repertus
1433 4347 1485 4400 est.
1531 4339 1701 4423 Videstroo.

347 4437 453 4506 belua,
476 4437 571 4507 rides,
594 4440 727 4518 inquam,
757 4440 834 4517 quod
857 4441 900 4501 tui
919 4441 1011 4518 pudet
1032 4457 1083 4499 eos
1105 4457 1179 4517 quos
1201 4442 1349 4516 prosimus
1371 4440 1481 4503 babere
1503 4440 1635 4502 solebasl

348 4558 478 4619 quorum
501 4543 526 4600 si
547 4558 624 4600 uuus
640 4539 737 4610 esset,
765 4559 823 4601 non
853 4541 937 4611 dico,
967 4542 1016 4620 qui
1044 4550 1126 4602 tuum
1156 4543 1269 4602 lacinus
1290 4541 1445 4619 probaret,
1474 4544 1531 4604 hoc
1560 4544 1634 4614 dieo,

345 4643 398 4720 qui
428 4647 457 4702 te
486 4643 569 4703 uenia
598 4642 719 4720 dignum
741 4643 896 4714 iudicaret,
926 4651 996 4704 tunc
1023 4643 1156 4705 iuberem
1185 4643 1238 4704 lros
1260 4643 1456 4707 nobilissimos
1478 4647 1635 4725 principes,

344 4743 428 4804 hune
450 4741 717 4821 frequentissimum
740 4746 869 4824 equitum
890 4742 1051 4823 populique
1066 4745 1204 4806 Germani
1226 4753 1400 4807 conventum
1422 4754 1452 4807 te
1473 4747 1634 4817 absolvere,

345 4844 401 4905 tibi
422 4844 626 4922 impunitatem
646 4846 795 4925 irrogare,
826 4864 921 4908 meam
944 4847 1168 4907 accusationem.
1189 4866 1414 4926 supervacuam,
1427 4881 1433 4891 ·
1446 4851 1569 4910 istorum
1590 4848 1635 4910 lu·

417 5029 437 5066 ¹¹
455 5002 585 5083 eecrlrent
601 5033 719 5084 cornil.
771 5031 793 5066 ³⁸
812 5034 909 5086 .Poris
928 5035 952 5084 l.
970 5035 1018 5083 aad
1033 5049 1102 5084 corr.
1115 5037 1145 5086 11.
1195 5032 1217 5066 ³⁶
1235 5035 1328 5085 bellua
1346 5039 1372 5086 2.
1418 5078 1420 5085 .
