4300 6059
423 722 426 726 .
521 688 692 725 cvnrlottrn
705 689 790 724 nvtvs
803 687 903 724 NODVS.
925 687 985 723 ΟΑΡ.
996 689 1035 723 IX·
1049 689 1084 723 DE
1098 685 1220 723 nt'rtottn
1232 687 1333 722 VICTVB
1348 687 1376 721 ll(
1390 686 1528 723 CVRATIO&
1542 685 1605 720 EAG.
1629 656 1702 726 425

416 845 601 906 semunciam
629 844 754 906 sutdeut
777 847 804 905 in
828 862 950 911 aurora;
979 844 1066 922 idque
1095 846 1120 904 si
1149 842 1239 904 semel
1268 861 1328 903 non
1349 848 1480 911 moneat,
1512 843 1704 921 repetendum

420 965 485 1009 esse
508 945 623 1006 volunt:
647 945 719 1007 mibi
740 964 778 1006 ne
801 948 957 1025 repetitum
980 945 1099 1022 quidem
1123 947 1211 1006 cessit
1232 945 1299 1006 boe.

967 1131 1085 1182 CAPVT
1109 1133 1157 1182 IX.

763 1235 804 1296 lle
826 1235 940 1295 ratione
964 1235 1055 1295 victus
1076 1236 1107 1295 in
1129 1236 1281 1296 curatione
1302 1235 1366 1296 hac.

399 1382 412 1421 ⁵
506 1372 590 1432 Circa
619 1373 711 1433 victus
743 1372 886 1432 rationem
914 1371 1010 1431 adbuc
1037 1388 1134 1449 pugna
1165 1380 1217 1432 est.
1263 1371 1382 1448 quidam
1410 1371 1473 1433 solo
1500 1391 1592 1451 pane.
1626 1372 1759 1452 cerodae.

419 1474 667 1555 simplicissimum
691 1473 902 1534 nutrimentum
927 1479 1011 1534 vocat
1032 1472 1178 1542 Galenus,
1207 1492 1275 1533 cum
1303 1473 1488 1552 passularunr
1518 1475 1634 1535 rnodico
1665 1475 1704 1533 vi·
1755 1475 1757 1477 ’

421 1577 545 1638 neudum
569 1585 705 1645 censent,
729 1593 855 1654 eumque
878 1575 949 1635 dant
963 1581 1102 1653 quattuor
1118 1576 1271 1636 unciarum
1287 1577 1349 1635 sine
1364 1575 1425 1637 sale
1440 1582 1490 1635 aut
1505 1576 1704 1645 condimento,

419 1680 559 1756 omnique
581 1679 609 1738 in
634 1679 802 1738 universnm
825 1676 948 1738 obsonio
970 1676 1150 1736 arbitrantur
1173 1676 1395 1746 abstinendum,
1419 1679 1485 1737 nisi.
1498 1678 1576 1758 quud
1592 1698 1608 1739 a
1624 1677 1705 1757 pullo

418 1779 581 1860 gallinaceo
609 1781 655 1840 lus
683 1778 801 1858 aliquod
829 1778 945 1840 sorberi
973 1780 1137 1857 patiuntur,
1168 1786 1218 1838 aut
1245 1797 1311 1839 cnm
1340 1798 1416 1859 punc
1444 1779 1514 1840 inibi
1541 1780 1704 1841 madefacto

386 1891 410 1931 ¹⁰
419 1883 468 1944 cdi
488 1881 581 1944 semel
604 1882 665 1942 dic:
697 1899 764 1941 narn
791 1883 906 1961 vesperi
935 1887 1044 1961 practer
1071 1879 1203 1959 passnlas
1231 1888 1259 1942 ct
1286 1883 1370 1959 panis
1392 1884 1508 1943 unciam
1530 1880 1602 1942 uilril
1624 1882 1702 1943 dant.

418 1983 465 2045 alii
489 1984 640 2045 dimidium
664 1982 736 2062 pulli
759 1982 909 2062 gallinacei
931 1982 1028 2044 adbuc
1050 1983 1240 2054 molliusculi,
1263 1991 1314 2044 aut
1335 1984 1361 2043 si
1382 1986 1407 2045 is
1422 1983 1590 2052 adoleverit,
1613 2002 1759 2063 quar-§.c

418 2093 477 2146 tam
500 2093 630 2166 partem,
653 2087 684 2145 in
707 2104 781 2164 aqua
804 2103 879 2164 pura
902 2084 986 2159 elixi,
1010 2087 1097 2164 eique
1119 2104 1178 2145 non
1201 2084 1307 2154 salem,
1330 2104 1389 2146 uon
1412 2086 1631 2147 condimentum
1653 2085 1704 2147 ali·

419 2187 497 2268 qu'nd
520 2194 688 2267 apponunt,
716 2189 771 2253 uisi
794 2187 871 2267 quod
893 2187 1066 2248 saccharum
1089 2187 1195 2249 indunt
1216 2187 1320 2267 aliqui;
1349 2189 1433 2266 panis
1455 2206 1523 2248 vero
1545 2189 1704 2250 tornutium

419 2290 503 2358 dant;
527 2290 657 2367 vesperi,
688 2296 721 2350 ut
742 2290 838 2368 prius,
868 2278 1000 2368 passulas
1022 2309 1090 2350 cum
1113 2291 1196 2368 parnis
1219 2291 1315 2352 uncia.
1360 2289 1583 2352 Observandum
1606 2297 1759 2356 antemio.

386 2399 481 2452 ¹⁵totu
504 2392 663 2452 curationis
684 2391 772 2452 huius
792 2399 942 2469 tempore,
965 2392 1070 2470 nequis
1092 2390 1183 2451 salem
1206 2389 1326 2452 omnino
1348 2392 1491 2470 degustet.
1514 2410 1620 2471 panem
1636 2411 1704 2472 pro·

419 2493 489 2554 bant
510 2493 677 2560 triticeum,
701 2492 817 2562 album,
842 2513 858 2554 c
881 2492 956 2554 bcnc
979 2489 1106 2553 cribrata
1131 2493 1238 2562 farina,
1262 2511 1350 2571 quem
1366 2493 1402 2553 ad
1418 2493 1475 2554 hoc
1490 2504 1628 2573 parantes
1642 2513 1705 2555 sac·

417 2595 508 2657 charo
531 2596 688 2664 condiunt,
712 2596 790 2674 quod
812 2613 872 2655 non
895 2595 1045 2656 abhorret.
1091 2594 1165 2655 Sunt
1187 2595 1238 2671 qui
1259 2592 1329 2655 huic
1351 2613 1460 2656 mensae
1475 2597 1622 2689 adiiciaut,
1645 2608 1760 2660 nont-t.
1788 2621 1791 2625 ·
1879 2603 1882 2609 '

414 2841 459 2887 tus
477 2834 528 2887 uis
542 2825 573 2899 ,ὓ
589 2841 642 2887 ncne
662 2832 859 2900 attententur
883 2834 915 2899 itt
938 2840 987 2886 ont
1009 2833 1049 2886 nit
1072 2842 1117 2885 not
1142 2846 1193 2886 ross
1216 2823 1245 2897 3¹⁸¹
1265 2839 1318 2886 tros
1341 2838 1433 2886 onnon
1452 2836 1502 2887 mot
1517 2807 1634 2898 aduentu
1652 2841 1707 2888 oter

416 2920 539 2983 ructat.

382 3050 410 3090 so
933 3040 984 3103 yos
1001 3045 1082 3092 osum
1099 3038 1186 3102 copim

748 3160 798 3200 nou
822 3142 890 3222 ttltc
911 3147 961 3203 ont
984 3139 1103 3204 ttiudttn
1124 3142 1154 3202 iu
1174 3141 1240 3221 biset
1261 3114 1376 3214 odanco.

484 3277 540 3332 non
555 3286 606 3330 ton
626 3275 683 3340 clleo
702 3287 750 3330 ont
769 3278 878 3330 ttindun
893 3277 955 3342 titre
974 3288 1072 3342 ornum
1091 3278 1123 3341 itt
1141 3278 1197 3342 neb
1214 3277 1254 3330 uit
1278 3277 1394 3341 domitos
1417 3283 1456 3330 ret
1477 3276 1522 3330 tui
1538 3279 1616 3343 oum
1634 3279 1760 3344 [euentu.

417 3379 441 3416 er
460 3364 495 3426 [ot
514 3378 564 3417 nur
582 3364 698 3416 brettos
717 3363 899 3416 octtmustie
920 3365 977 3415 atter
999 3363 1143 3427 [btsdtitdtt
1165 3360 1230 3429 [ocii
1252 3375 1331 3414 omns
1352 3372 1448 3414 nemrot
1471 3363 1518 3415 ruit
1542 3364 1619 3431 osnig
1642 3366 1704 3417 nelo

416 3457 461 3502 ten
485 3462 545 3501 mon
570 3449 630 3501 tuor
654 3449 783 3512 [mnemon
805 3443 875 3513 mie,
904 3454 952 3502 ont
976 3449 1046 3513 urbm
1067 3455 1110 3501 tes
1131 3449 1200 3501 brots
1222 3448 1275 3500 nist
1297 3451 1334 3500 tst
1356 3460 1388 3500 ou
1411 3448 1471 3513 [stu
1494 3454 1548 3500 ster
1568 3455 1655 3502 onum
1675 3441 1704 3514 31⁶1

382 3537 520 3598 centon,
544 3531 580 3587 ori
602 3533 698 3598 iolcum
721 3533 790 3599 [unit
814 3530 847 3586 os*
863 3534 907 3586 αίί
927 3531 983 3598 stim
1005 3535 1105 3602 obttsn,
1126 3530 1171 3588 tui
1187 3539 1214 3596 tt
1238 3533 1270 3596 tie
1287 3533 1327 3586 cin
1345 3533 1423 3597 nomin
1441 3534 1574 3597 trisenon
1592 3535 1646 3587 tini
1664 3549 1704 3588 te·
1716 3544 1760 3606 §.c

416 3632 498 3683 purum
518 3618 693 3684 inposuisti,
717 3626 772 3673 ster
796 3619 852 3673 uhts
872 3626 898 3682 tt
922 3620 976 3671 bret
998 3628 1077 3683 toton
1102 3619 1205 3684 transitu
1225 3619 1258 3671 im
1279 3628 1318 3683 tou
1337 3619 1376 3671 tin
1394 3622 1445 3671 mot
1464 3617 1520 3683 sim
1538 3618 1603 3683 isti,
1619 3623 1648 3671 bi
1666 3633 1705 3672 om

415 3703 504 3767 stem,
528 3717 560 3756 oo
584 3704 624 3756 rin
648 3704 727 3767 nenio
745 3705 817 3758 trube
839 3704 924 3756 seond
947 3712 996 3756 nno
1019 3705 1059 3757 tio
1078 3707 1113 3756 tot
1131 3705 1199 3757 troes
1217 3704 1287 3768 actm
1306 3704 1339 3767 tir
1355 3702 1413 3758 odt.
1449 3704 1493 3768 Dis
1510 3711 1602 3758 entem
1620 3703 1706 3770 todem

413 3797 467 3843 netu
486 3789 588 3842 troadi
606 3780 650 3854 rit,
670 3789 709 3841 tiu
727 3789 795 3852 both?
815 3790 873 3853 mett
891 3803 940 3842 non
959 3790 1012 3841 rin?
1031 3790 1124 3852 innuen
1142 3793 1265 3853 supponi,
1284 3791 1321 3841 st'
1338 3789 1393 3841 obet
1411 3790 1443 3852 itt
1461 3805 1485 3841 er
1502 3792 1540 3842 ott
1558 3790 1598 3842 cio
1609 3791 1706 3843 uterum

416 3875 491 3939 ttcit,
516 3874 544 3926 in
562 3877 665 3927 tutorem
685 3872 764 3939 moder
782 3875 888 3939 nolent,
913 3875 959 3927 mit
983 3873 1053 3926 icini
1075 3873 1134 3938 [otto
1152 3878 1311 3927 occentet?
1330 3866 1463 3938 cleermont
1486 3875 1638 3938 teatinum.
1660 3883 1705 3927 ten

383 3967 440 4023 som
458 3960 532 4012 αίείη
551 3960 629 4023 osuin
644 3959 741 4022 andren
759 3960 825 4023 ulid)
841 3966 919 4013 toton
938 3950 1014 4023 tado,
1038 3960 1093 4012 hrot
1117 3964 1176 4023 nou
1200 3959 1232 4024 [tr
1257 3960 1300 4012 ,ot
1324 3963 1361 4011 tot
1383 3957 1454 4023 aba
1473 3951 1505 4024 31⁰¹
1522 3961 1593 4012 obem
1612 3959 1658 4013 nis
1674 3961 1760 4018 etta

414 4043 618 4111 nannenus
637 4040 715 4107 nodo
734 4044 796 4096 rocio
814 4042 848 4097 ori
865 4045 905 4096 ein
923 4044 978 4108 nott
997 4047 1033 4097 tot
1051 4044 1129 4097 trote.
1166 4044 1204 4098 tis
1227 4044 1263 4109 tot
1286 4045 1342 4106 oud)
1365 4044 1393 4096 tu
1413 4051 1455 4096 to
1477 4048 1563 4109 annui
1578 4044 1626 4109 ult
1641 4045 1704 4107 nitet

414 4139 521 4194 ornum,
538 4135 565 4193 ta
584 4129 651 4181 tinet
669 4141 711 4192 unt
730 4129 787 4182 tcto
806 4128 998 4197 intonatum,
1019 4130 1105 4191 tuoto
1124 4126 1286 4194 meticulosi
1305 4127 1353 4193 stit,
1373 4131 1420 4181 nst
1439 4134 1487 4181 ont
1505 4130 1559 4182 rein
1577 4129 1704 4194 oetdnut,

413 4221 438 4276 m
456 4215 485 4268 in
505 4214 640 4278 [untertsit
657 4203 731 4277 nortui
750 4214 799 4266 nsit
812 4213 896 4276 andus
914 4213 1047 4280 ostmitdtn
1065 4213 1139 4266 tescit
1159 4215 1209 4279 trin
1228 4215 1271 4283 [st.
1308 4213 1346 4267 ds
1364 4213 1429 4276 [tint
1452 4215 1508 4278 oud
1531 4215 1598 4279 entim
1619 4215 1658 4266 tie
1674 4205 1760 4279 duct.

483 4418 490 4451 ¹
510 4419 654 4470 semuncia
672 4419 731 4468 edd.
753 4417 788 4468 cd
806 4419 976 4468 semunciam
993 4421 1018 4468 8.
1064 4416 1074 4448 ⁴
1095 4418 1192 4468 Galen.
1213 4418 1241 4466 in
1254 4418 1386 4484 Hippocr.
1400 4418 1434 4468 dc
1452 4417 1585 4469 humorib.
1597 4419 1650 4469 111.
1664 4418 1705 4468 17.

415 4504 454 4565 (et
476 4502 615 4553 similibus
638 4503 731 4552 verbis
754 4504 784 4551 in
802 4519 898 4552 comm.
917 4503 946 4552 in
963 4503 1095 4569 Hippocr.
1116 4502 1273 4568 opidcmior.
1287 4503 1336 4553 111„
1348 4502 1386 4565 9.)
1406 4503 1554 4566 „diaetom”
1573 4503 1613 4554 sit
1630 4520 1705 4565 „uon

413 4588 540 4654 intelligo
559 4586 726 4638 comeciam
745 4602 804 4653 quoa
823 4589 852 4637 in
870 4587 1020 4637 esculentis
1038 4588 1245 4653 poculentisquc
1265 4589 1405 4648 consistit,
1425 4588 1473 4638 scd
1491 4587 1519 4636 in
1538 4586 1601 4636 aliis
1621 4586 1704 4638 etiam

415 4674 539 4724 omnibus
557 4678 697 4744 versatur,
718 4677 750 4722 ut
767 4674 797 4722 iu
814 4673 886 4736 otio,
905 4674 1034 4738 negotio,
1050 4672 1175 4736 balneis,
1200 4673 1281 4723 rebus
1299 4673 1440 4734 venereis,
1463 4687 1573 4733 somno,
1596 4670 1704 4738 vigilia,
1755 4705 1757 4710 ,

415 4763 443 4810 et
460 4758 565 4810 ceteris
584 4758 710 4808 omnibns
729 4773 790 4822 quaa
808 4758 837 4806 in
855 4756 993 4808 hominum
1019 4760 1180 4825 corporibus
1205 4758 1301 4824 quovis
1324 4758 1403 4807 modo
1426 4760 1541 4824 possunt
1563 4754 1704 4818 cecidero,

416 4859 475 4910 quas
488 4844 548 4909 ipse
562 4840 772 4910 [Hippocrates]
792 4858 846 4892 nno
864 4827 973 4892 nominc
987 4842 1129 4908 appellare
1143 4844 1276 4893 Instituta
1289 4834 1522 4909 [ἐπιτηδεύματα]
1536 4841 1704 4892 consucvit''.

416 4927 426 4957 ¹
450 4927 582 4994 Galenus]
605 4930 633 4977 iu
650 4929 783 4994 Hippocr.
802 4928 835 4977 de
860 4933 934 4977 ucut.
953 4928 1036 4979 morb.
1055 4928 1157 4979 victl.
1174 4927 1212 4980 17.
1273 4926 1292 4959 ¹¹
1311 4927 1462 4977 .didimnm
1473 4930 1499 4975 3.
1554 4925 1703 4977 ¹¹clex12.

415 5011 435 5044 ¹¹
454 5029 599 5064 saccorum
614 5015 716 5061 1...t.o.
771 5009 823 5043 ¹¹¹¹
841 5028 957 5062 saccaro
977 5015 1082 5063 Lato.
1137 5011 1160 5044 ²¹
1178 5017 1194 5063 t.
1212 5021 1303 5064 utuntt
1322 5025 1415 5064 nomm.
1467 5010 1489 5043 ²⁷
1507 5007 1565 5076 ortt]
1584 5011 1632 5064 nit
1649 5027 1674 5062 a.
