4300 6059
565 705 757 740 consvtstrto
771 704 931 739 annuentes
944 703 1100 738 prorostra
1110 703 1146 738 AB
1160 703 1351 739 snsscronrnvs
1364 704 1397 738 ΕΤ
1410 705 1434 738 C.
1447 704 1475 739 A.
1489 697 1549 738 1517.
1624 669 1695 747 ¹89

415 863 523 936 quidem
553 863 645 918 oneris
673 879 721 917 seu
751 863 888 937 imperatae
919 862 1039 936 pecuniae
1068 862 1138 917 ratio
1166 862 1198 916 ad
1227 861 1254 916 id
1276 861 1466 924 seextendit,
1495 869 1526 916 ut
1548 878 1597 935 per
1619 862 1696 918 iocos

415 946 538 1020 singulos
561 948 616 1003 sive
640 946 754 1003 familias
776 947 895 1004 tlorenus
919 963 988 1003 unus
1011 946 1141 1003 benensis
1165 945 1205 1002 vel
1227 947 1297 1002 circa
1321 947 1437 1020 impendi
1459 947 1584 1003 debeam
1634 951 1637 956 ’
1784 1016 1787 1027 Ι

498 1040 524 1091 t.
547 1033 612 1088 ltem
635 1032 708 1106 quod
730 1039 830 1106 preter
852 1033 1014 1088 ordinariam
1036 1032 1105 1088 hanc
1126 1031 1280 1105 pecuniam,
1310 1048 1370 1104 qum
1396 1047 1447 1104 per
1469 1032 1545 1088 locos
1567 1032 1697 1106 exigenda

414 1118 511 1179 luerit,
540 1117 684 1174 universus
706 1124 793 1173 status
815 1116 965 1190 spiritualis
988 1117 1073 1172 totius
1097 1116 1256 1172 Christiane
1278 1115 1434 1189 reipublicae
1456 1118 1575 1190 exceptis
1597 1118 1697 1175 blendi-

392 1203 533 1259 aenntium
556 1203 702 1259 Ordinibus
725 1203 772 1275 qui
794 1201 887 1258 nullos
908 1202 1007 1258 habent
1029 1202 1150 1258 redditus
1172 1210 1219 1256 aut
1248 1209 1409 1275 proventus,
1439 1203 1594 1276 supradicto
1615 1204 1698 1259 trien·

414 1289 460 1344 uio
481 1305 514 1343 ex
538 1286 663 1343 omnibus
685 1287 742 1344 suis
763 1277 941 1362 proventibus
963 1296 991 1343 et
1014 1286 1166 1343 redditibus
1189 1295 1289 1343 rectam
1310 1286 1440 1342 decimam
1467 1287 1495 1342 in
1511 1287 1592 1344 ‘hanc
1618 1305 1699 1363 expe·

413 1373 545 1429 ditionem
566 1371 712 1446 persolvat.

499 1467 523 1527 5„
546 1457 611 1513 Item
635 1458 723 1513 omnis
745 1465 773 1513 et
795 1458 937 1514 universus
959 1456 1089 1513 secularis
1111 1464 1214 1519 status,
1243 1463 1270 1514 et
1292 1457 1446 1530 praesertim
1469 1457 1515 1530 qui
1538 1457 1634 1514 domos
1656 1474 1699 1514 re·

414 1552 483 1617 gurd
504 1539 560 1598 s'ive
583 1542 692 1598 familiae
714 1551 850 1616 praesunt,
874 1543 1029 1615 vigesimam
1051 1558 1164 1598 snorum
1186 1541 1341 1597 reddituum
1363 1549 1468 1615 partem
1489 1543 1644 1599 exhibeant·

383 1639 408 1680 ao
500 1634 525 1688 ὃ.
548 1628 613 1684 ltem
637 1628 710 1701 quod
732 1645 825 1685 omnes
848 1627 1007 1704 spirituales
1026 1645 1057 1683 ac
1079 1627 1216 1683 seculares
1238 1645 1268 1683 ac
1289 1627 1376 1683 vidue
1403 1625 1547 1689 mulieres,
1577 1629 1624 1702 qni
1652 1645 1699 1685 ne·

415 1730 469 1786 que
492 1713 615 1769 redditus
638 1712 737 1769 habent
758 1731 846 1786 neque
869 1723 1031 1787 proventus,
1060 1712 1108 1767 sed
1137 1729 1298 1785 quacunque
1326 1721 1475 1768 numeratae
1498 1715 1619 1786 pecuniae
1641 1714 1698 1770 sive
1770 1727 1777 1737 ·

415 1796 558 1855 mobilium
579 1797 715 1854 bonorum
737 1798 892 1854 conditione
915 1806 1090 1858 censeantur,
1120 1797 1199 1853 iidem
1230 1797 1317 1853 medio
1341 1797 1505 1876 iuramento,
1529 1809 1635 1854 secreto
1659 1807 1699 1854 ta·

416 1900 490 1945 men,
508 1881 651 1939 facultates
666 1873 729 1939 suas
744 1883 879 1957 pandent,
903 1882 1002 1956 quihus
1018 1883 1050 1938 ad
1065 1882 1274 1938 estimationem
1289 1899 1441 1937 annuorum
1457 1882 1611 1939 reddituum
1625 1887 1698 1940 com·

414 1968 518 2041 putatis
540 1968 621 2024 etiam
643 1968 799 2042 vigesimam
822 1985 900 2041 aeque
921 1976 952 2024 ut
974 1963 1080 2040 priores
1103 1983 1216 2040 erogare
1238 1966 1445 2039 compellantur.

383 2067 408 2106 aa
500 2057 526 2111 7.
555 2054 621 2108 ltem
651 2070 745 2109 omnes
772 2053 935 2108 mercenarii
954 2060 981 2108 et
1003 2052 1049 2125 qui
1074 2051 1299 2125 qualitercunque
1322 2059 1369 2108 aut
1392 2069 1552 2127 quacunque
1575 2055 1698 2110 mercede

414 2145 443 2194 et
465 2137 564 2194 salario
586 2139 704 2206 dominis
727 2137 904 2199 famulantur,
928 2137 1029 2193 viritim
1038 2136 1162 2210 singulo
1185 2137 1339 2193 huiusmodi
1362 2138 1541 2210 expeditionis
1558 2155 1628 2194 arrno
1644 2156 1699 2195 me·

414 2224 488 2279 dium
511 2223 645 2280 lloreuum
667 2224 850 2293 llheueusem,
879 2223 945 2279 adeo
975 2222 1063 2278 tumen
1091 2231 1121 2278 ut
1150 2222 1212 2295 plus
1240 2222 1309 2278 lucri
1332 2238 1380 2278 eos
1404 2224 1448 2295 qui
1473 2225 1561 2279 miuus
1590 2224 1698 2286 habent,

360 2312 362 2326 '
415 2326 493 2382 aeque
515 2305 698 2383 compensatis
720 2309 863 2383 stipendiis
886 2310 1051 2378 sustineant,
1075 2307 1202 2363 exhibere
1226 2317 1377 2363 teneantur.
1421 2308 1449 2363 Si
1473 2309 1518 2381 qui
1542 2325 1605 2364 vero
1627 2310 1699 2365 iuter

415 2394 547 2449 eiusmodi
570 2391 704 2449 famulitio
727 2392 899 2449 dominorum
923 2393 1020 2449 addicti
1043 2393 1227 2454 inveniantur,
1256 2393 1301 2466 qui
1330 2392 1369 2447 vel
1392 2394 1514 2450 redditus
1535 2394 1635 2449 habeut
1659 2393 1698 2449 vel

383 2479 557 2552 aopecuniam
581 2486 608 2534 ct
630 2478 754 2540 mobilia,
785 2478 803 2533 ii
826 2478 897 2536 sicut
919 2479 951 2533 de
974 2478 1081 2533 caeteris
1103 2477 1227 2550 proximo
1249 2477 1366 2533 articulo
1388 2479 1547 2552 pradictum
1570 2486 1627 2541 est,
1655 2497 1699 2535 ea·

415 2564 475 2619 dem
498 2564 605 2619 ratione
628 2573 709 2637 atque
731 2564 886 2620 conditione
909 2571 1080 2620 censeantur.

499 2655 525 2710 8.
548 2648 613 2704 Item
637 2658 739 2723 practer
761 2649 819 2705 haec
842 2649 931 2705 omnia
954 2649 1127 2705 sactissimus
1148 2647 1273 2703 dominus
1295 2657 1400 2703 noster·
1413 2657 1532 2704 sanctam
1547 2649 1698 2705 Cruciatam

416 2735 443 2790 in
466 2740 554 2790 totum
576 2734 758 2790 Christianum
781 2734 874 2790 orbem
897 2735 1015 2790 emittat:
1045 2751 1078 2791 ex
1107 2734 1185 2789 cuius
1209 2733 1336 2788 cruciatae
1358 2733 1502 2789 devotione
1525 2735 1653 2791 inductus
1674 2736 1698 2790 si
1718 2772 1721 2777 ,

418 2821 476 2892 quis
499 2819 566 2880 Rex,
589 2820 718 2893 Princeps
741 2821 797 2876 seu'
810 2819 930 2892 privatus
953 2820 1117 2892 quicumque
1139 2819 1196 2873 suis
1220 2818 1349 2891 impensis
1373 2819 1473 2891 absque
1489 2818 1581 2894 aliquo
1597 2821 1699 2894 stipen-

384 2905 463 2960 asdio
485 2905 513 2958 in
536 2904 606 2961 hanc
627 2913 746 2960 sanctam
770 2904 967 2979 expeditionem
991 2903 1126 2978 proticisci
1150 2902 1280 2965 voluerit,
1310 2904 1332 2958 is
1360 2903 1393 2958 ab
1423 2904 1547 2960 omnibus
1575 2905 1699 2978 supradi-

417 2990 466 3045 ctis
489 2989 619 3045 oneribus
641 2989 711 3045 liber
732 2997 760 3045 et
781 2990 907 3048 immunis
930 2988 1110 3061 intelligatur.
1535 2985 1542 2997 ‘

499 3082 524 3135 9.
547 3073 598 3140 Qui
621 3092 685 3130 vero
708 3074 768 3130 aliis
790 3075 879 3131 causis
901 3075 1044 3148 praepediti
1067 3073 1266 3146 expeditionem
1290 3073 1373 3146 ipsam
1397 3073 1579 3146 personaliter
1594 3075 1699 3149 ingredi

417 3160 604 3234 nequiverint,
627 3159 726 3216 solutis
748 3161 864 3233 primum
888 3160 929 3215 his
953 3160 1020 3215 taxis
1042 3167 1070 3215 et
1093 3158 1236 3219 oneribus,
1266 3167 1401 3231 utsupra
1424 3159 1591 3232 generaliter
1613 3162 1700 3233 impe·

417 3247 489 3307 sitis,
512 3253 644 3319 poterunt
665 3246 746 3301 etiarn
761 3245 893 3314 cruciatae
911 3246 1053 3301 thesauros
1067 3260 1131 3299 *uon
1155 3244 1246 3298 uiiuus
1269 3242 1399 3316 adipisci,
1422 3244 1445 3299 si
1468 3261 1519 3317 pro
1543 3244 1699 3300 conditione
1753 3291 1755 3297 ,

385 3330 576 3386 ttlacultatum
598 3348 708 3386 suarum
731 3329 789 3386 zelo
812 3348 869 3386 sum
891 3330 1042 3386 devotionis
1065 3330 1093 3384 iu
1115 3328 1265 3384 subsidium
1288 3328 1374 3402 ipsius
1397 3338 1497 3385 sanctae
1521 3331 1699 3402 expeditionis

418 3416 559 3489 quicquam
581 3417 762 3488 erogaverint.

502 3509 542 3561 10.
572 3500 704 3557 Numerus
728 3511 817 3557 autem
841 3500 979 3556 hominum
1001 3518 1051 3574 per
1073 3507 1158 3555 totam
1189 3499 1367 3554 Christianam
1396 3499 1590 3572 rempublicam
1620 3499 1699 3556 facile

418 3585 510 3641 haberi
538 3586 656 3660 poterit.
686 3587 708 3642 si
737 3584 968 3660 avspiritualibus
996 3602 1027 3654 ac
1055 3583 1224 3641 secularibus
1252 3584 1437 3658 Principibus,
1467 3585 1644 3642 aPraelectis
1672 3595 1700 3641 et

419 3670 619 3744 blagistratihus
642 3671 700 3727 suis
722 3689 771 3745 per
793 3671 990 3734 Praeiecturas,
1015 3669 1303 3743 Archipresbyteratus
1332 3678 1360 3725 et
1381 3670 1526 3725 Parochias
1553 3669 1700 3743 diligenter
1802 3705 1808 3714 ·

396 3757 516 3812 tviritim
540 3773 633 3812 omnes
656 3774 705 3831 per
727 3758 816 3831 capita
839 3755 972 3812 recenseri
994 3755 1138 3811 curabunt.

503 3849 542 3900 lt.
570 3841 599 3896 ln
623 3842 689 3915 ipsis
711 3859 775 3898 vero
799 3841 942 3898 ordinariis
964 3841 1151 3895 exactionibus
1174 3858 1206 3895 es
1229 3841 1454 3913 quinquagesimo
1470 3857 1634 3914 quocunque
1651 3858 1700 3914 per

418 3925 494 3982 locos
515 3927 572 3983 sive
595 3944 644 4001 per
666 3927 795 3988 familias,
819 3934 850 3982 ut
871 3925 1030 3999 praedictum
1054 3934 1110 3986 est,
1135 3926 1198 3980 item
1221 3943 1252 3980 er
1275 3926 1425 3998 vigesimis,
1448 3927 1559 3982 decimis
1581 3944 1631 3982 sen
1646 3926 1699 3982 alio

485 4193 656 4260 ¹imparutse
675 4200 699 4246 4.
723 4179 877 4261 impetrarim
895 4199 984 4247 ceteri.
1036 4195 1157 4246 ostendit
1176 4198 1200 4244 4.
1249 4193 1657 4247 ²floreuuus-unusrhenensis
1676 4201 1700 4249 4.
1736 4171 1741 4186 Ι

418 4277 483 4347 ι4.]
495 4279 520 4330 u.
534 4285 559 4330 2.
573 4288 597 4330 et
614 4285 652 4331 sic
669 4283 797 4346 deinceps.
833 4280 927 4347 ⁴spir.
942 4288 975 4332 st.
991 4287 1014 4331 4.
1051 4280 1170 4330 ⁵nullas
1185 4283 1208 4329 1.
1250 4281 1353 4330 reditus
1367 4283 1391 4330 4,
1427 4279 1457 4312 δ”
1474 4288 1574 4347 regant
1592 4282 1661 4332 dom.
1675 4286 1700 4334 4.

418 4364 440 4398 ¹⁰
456 4369 516 4428 §um
533 4365 558 4415 6.
571 4382 618 4416 om.
633 4370 659 4417 3.
695 4364 713 4398 ¹¹
734 4368 802 4426 sive]
822 4383 878 4417 suae
892 4371 917 4420 4.
954 4365 974 4398 ¹²
992 4373 1140 4417 censentur
1153 4370 1176 4414 4.
1213 4357 1315 4429 ,idem
1331 4371 1355 4417 4.
1391 4369 1481 4418 media
1494 4372 1517 4418 1.
1554 4369 1700 4418 iuramenti

420 4454 504 4502 1...ss
526 4453 628 4502 secreti
647 4456 705 4501 203.
748 4450 768 4483 ¹³
787 4448 881 4518 paud]
902 4454 1025 4519 gaudent
1044 4456 1068 4503 4.
1106 4452 1335 4501 existimationem
1354 4456 1379 4502 4.
1416 4468 1547 4504 annorum
1561 4457 1584 4503 1.
1622 4451 1699 4503 ¹‘vi-

419 4552 472 4587 ces.
486 4540 511 4586 4.
563 4534 602 4602 ut]
622 4536 668 4587 vel
686 4540 710 4586 4.
764 4538 930 4604 compellant
950 4542 972 4588 4.
994 4538 1199 4603 compelluntur.
1214 4539 1238 4584 4.
1293 4534 1314 4566 ¹⁵
1332 4535 1387 4602 qui]
1407 4553 1459 4602 quo
1478 4543 1502 4589 4.
1551 4535 1609 4602 eut]
1628 4542 1656 4588 et
1674 4542 1698 4588 4.

418 4619 439 4652 ¹⁸
456 4621 606 4672 sellariod.
646 4621 664 4654 ¹⁹
683 4621 807 4674 addictos
820 4640 911 4674 omues.
948 4623 1071 4673 habeant
1083 4627 1109 4672 2.
1144 4620 1167 4653 '⁰
1184 4621 1331 4686 pecuniam
1345 4630 1431 4672 etom.
1446 4627 1469 4674 1.
1504 4610 1701 4674 mobilisbons

418 4707 452 4762 iis
470 4711 495 4758 4.
543 4704 588 4772 de]
614 4712 642 4756 et
660 4711 684 4758 4.
737 4709 766 4758 in
783 4713 993 4774 prox.ert.est‚
1013 4712 1038 4757 4.
1090 4706 1111 4739 ²¹
1130 4707 1237 4757 ratione
1257 4712 1340 4771 atque
1357 4712 1489 4759 om.2...d.
1529 4706 1551 4740 ²²
1570 4709 1640 4774 quod
1658 4724 1698 4774 pr.

418 4794 490 4843 2...4.
536 4791 583 4841 SS.
597 4792 630 4841 D.
645 4792 736 4843 Nostri
755 4797 778 4844 1.
824 4800 936 4844 sanctus
955 4797 979 4842 4.
1015 4791 1036 4824 ²³
1055 4789 1153 4857 amitt]
1174 4792 1307 4851 enuntiat,
1328 4794 1352 4840 4.
1399 4792 1516 4844 indictus
1535 4799 1559 4844 1.
1605 4793 1658 4827 Μ
1675 4795 1699 4844 si

418 4877 534 4941 quim.
568 4874 593 4915 ²⁴
611 4878 759 4943 principes,
774 4881 798 4928 4.
833 4878 854 4911 ²⁹
873 4882 979 4944 poterat
993 4882 1015 4928 1.
1051 4877 1230 4942 ³¹'quidpiam
1244 4881 1269 4928 4.
1305 4874 1701 4930 3’ιιιιὶ.1]οιιι.οπιι.4.,Μι-

417 4961 664 5028 ehipresbiterstus
681 4963 705 5012 dr
723 4963 853 5028 perebius
866 4968 893 5014 2.
911 4963 1220 5028 archipresbyterasque
1239 4969 1267 5012 et
1285 4962 1444 5028 parrochias
1456 4967 1481 5013 4.
1515 4962 1537 4996 ⁸⁶
1555 4965 1595 5025 55.
1611 4964 1650 5016 ll.
1659 4965 1700 5015 12.

419 5042 457 5096 1³.
470 5062 517 5097 om.
534 5049 560 5097 3.
