4300 6059
584 695 706 730 tivrrsrtt
727 696 754 730 ll(
776 697 866 730 bvcrcrt
886 695 1164 730 tvrrr'rrrrtrbutttrxssst
1183 696 1286 731 ΟΒΛΊῚΟ
1305 697 1361 730 ΙΙΙῙ.
1382 697 1408 742 ὶί.
1423 696 1486 732 AVG.
1501 696 1526 732 A.
1541 691 1598 732 1517.
1689 671 1730 739 Ἡ

449 851 506 919 tui,
530 849 610 928 quod
625 818 775 928 publicum
798 857 856 920 est,
879 851 946 911 odio
963 851 1102 911 defensus
1124 852 1193 912 mibi
1217 852 1332 911 uideor:
1357 871 1448 930 quaro
1464 854 1550 913 etiarn
1567 854 1736 915 interlecto-

447 971 514 1015 rcm
537 952 589 1013 tibi
612 952 714 1014 deesse
735 960 821 1032 puto,
846 952 925 1030 quod
949 953 1097 1012 neminem
1120 954 1157 1012 ita
1181 951 1217 1012 ab
1241 953 1421 1013 humanitate
1444 955 1614 1015 derelictum
1639 958 1736 1016 existi·
1798 966 1802 977 ’

449 1073 538 1122 mem,
562 1056 612 1134 qui
635 1072 731 1115 meam
753 1056 950 1115 innocentiam
973 1054 1114 1114 ollcnsam
1140 1053 1214 1115 uelit.
1249 1055 1372 1133 proinde
1395 1062 1506 1116 tanturn
1529 1056 1631 1117 abesse
1655 1065 1722 1136 puta
1740 1073 1805 1123 §aaa

449 1163 482 1216 ut
503 1158 637 1226 timeam,
661 1164 693 1216 ut
709 1158 794 1217 ctiam
810 1173 889 1217 nunc
905 1156 1104 1217 aduersarium
1121 1175 1167 1216 me
1184 1156 1234 1216 tibi
1250 1156 1414 1227 assiduum,
1438 1151 1638 1219 accusatorem
1655 1178 1737 1219 acar-

426 1258 537 1328 ⁵bu1n,
561 1259 710 1319 inimicum
732 1257 860 1318 alacrem
883 1265 912 1318 et
932 1257 1081 1318 insensum
1104 1259 1259 1338 profitear:
1289 1261 1314 1318 si
1341 1276 1458 1336 possem
1487 1262 1551 1338 cogi
1581 1262 1676 1331 cuim,
1706 1264 1738 1321 nt

447 1367 515 1420 tuas
537 1359 641 1430 furias,
666 1370 744 1420 tuam
766 1359 982 1421 inclementiam
1006 1361 1156 1430 timerem,
1179 1378 1275 1439 nuper
1296 1362 1475 1432 timuissem,
1499 1380 1565 1422 cum
1581 1365 1737 1441 sanguino-

384 1478 391 1489 ·
447 1461 562 1523 lentum
584 1461 680 1528 adbuc
702 1469 784 1523 tuum
807 1479 907 1522 ensem
929 1479 984 1541 per
1007 1460 1118 1521 viscera
1141 1464 1309 1522 amicissimi
1332 1463 1458 1523 bominis
1480 1471 1660 1524 transactum
1683 1483 1736 1544 spe
1817 1490 1819 1494 ’

448 1584 539 1634 nova,
571 1581 643 1624 nova
667 1563 843 1625 confidentia
867 1563 959 1624 elatus
981 1582 1015 1622 ao
1038 1564 1214 1625 tumefactus
1236 1565 1378 1625 educeres
1401 1572 1430 1625 ct
1451 1567 1482 1625 in
1510 1574 1644 1625 nostrum
1675 1569 1760 1627 exi.

447 1668 522 1726 tium
543 1664 725 1734 revibrares;
749 1672 833 1734 tuuc,
856 1666 991 1744 inquam,
1016 1684 1083 1726 cum
1107 1667 1189 1744 quasi
1210 1665 1306 1726 subita
1330 1666 1463 1746 quaedam
1486 1674 1644 1747 tempestas
1659 1667 1804 1730 curui-lte.

413 1767 506 1828 roboc
528 1776 709 1828 armatorum
731 1766 820 1845 globo
842 1786 878 1831 ex
896 1775 1115 1840 vtonnentorum
1138 1775 1256 1828 tuorum
1285 1785 1405 1828 carcerc
1433 1766 1621 1848 erumperes,
1652 1770 1738 1832 nobis

447 1872 507 1930 iam
530 1876 593 1949 tum
614 1870 765 1948 imparatis
786 1886 842 1929 nec
865 1869 901 1929 ad
924 1877 1006 1930 tuum
1029 1887 1186 1929 occursum
1209 1871 1278 1929 satis
1299 1871 1464 1940 instructis;
1487 1872 1539 1932 sed
1562 1872 1666 1933 codem
1687 1870 1737 1933 illo

447 1982 583 2050 tempore
604 1972 743 2032 irrvadere
763 1973 794 2031 in
817 1978 883 2032 tuos
905 1973 1031 2049 impetus
1053 1973 1168 2031 animus
1191 1978 1269 2043 erat,
1292 1972 1410 2057 fortuna
1433 1990 1493 2032 non
1511 1981 1588 2043 erat;
1613 1983 1642 2035 et
1657 1958 1736 2036 nunc

448 2082 477 2136 te
501 2082 674 2144 contemno,
698 2091 753 2134 nec
767 2075 838 2134 satis
853 2072 978 2133 validum
995 2072 1107 2142 iudico,
1129 2092 1145 2133 a
1162 2092 1220 2151 quo
1236 2072 1306 2133 mibi
1321 2074 1485 2152 periculum
1501 2077 1643 2153 suspicer.
1681 2074 1724 2136 ud
1737 2089 1803 2139 §.1⁰1-

389 2206 390 2209 ¹
449 2177 506 2237 boc
528 2175 602 2236 nibil
624 2177 758 2236 omittam
780 2175 858 2254 quod
881 2175 917 2235 ad
939 2177 981 2236 tui
996 2176 1254 2254 persequutionem
1270 2177 1395 2236 attinere
1411 2175 1595 2247 arbitrabor,
1618 2178 1737 2239 iaciam-

376 2308 387 2327 ι
416 2291 509 2357 tique
533 2283 566 2338 ut
587 2295 748 2357 cognoscas
770 2281 838 2338 totis
861 2297 908 2338 me
931 2278 1019 2338 animi
1042 2296 1075 2337 ac
1098 2279 1232 2355 corporis
1260 2276 1371 2338 viribus
1400 2287 1502 2339 eontra
1524 2286 1553 2339 te
1575 2282 1736 2342 intentum:

449 2379 528 2460 quod
550 2386 582 2441 tu
603 2379 673 2441 licet
695 2379 792 2440 verbis
815 2379 926 2448 eleves,
950 2381 1039 2441 animi
1060 2388 1158 2439 tamen
1181 2380 1324 2439 sententia
1346 2381 1390 2440 tui
1412 2388 1440 2441 ct
1462 2399 1494 2441 re
1513 2382 1574 2460 ipsa
1589 2401 1649 2443 non
1665 2401 1735 2442 eon-

449 2484 571 2542 temnis:
601 2498 668 2541 nam
690 2489 723 2542 ut
745 2480 824 2542 aliud
846 2480 918 2541 nibil
941 2483 1066 2558 possim,
1090 2498 1189 2542 nonne
1210 2481 1268 2541 boc
1291 2466 1513 2544 acerbissimum
1536 2483 1589 2543 tibi
1611 2485 1723 2554 accidit,
1735 2500 1804 2550 tros

449 2583 529 2663 quod
551 2585 700 2644 neminem
723 2583 801 2645 vides
824 2601 889 2644 esse
912 2584 941 2643 in
964 2583 1122 2645 Germania
1145 2583 1236 2644 literis
1258 2582 1371 2643 clarum
1399 2586 1517 2662 quicum
1548 2604 1606 2645 nou
1635 2589 1737 2646 arctis-

448 2688 522 2746 sima
545 2685 617 2745 mibi
638 2687 765 2746 amicitia
792 2686 1010 2772 intercesserit?
1039 2703 1141 2746 eorum
1172 2703 1338 2765 quenquam
1368 2704 1432 2746 esse
1459 2694 1544 2764 putas
1573 2689 1624 2765 qui
1654 2696 1736 2750 tuum

415 2786 684 2870 arscelussilentio
706 2787 958 2864 pretermissurus
980 2788 1038 2846 sit‘t
1066 2805 1125 2847 non
1153 2796 1211 2848 tam
1240 2789 1309 2867 quia
1332 2789 1374 2847 sic
1397 2788 1454 2847 vixi
1477 2806 1532 2866 ego
1560 2787 1636 2868 (licet
1659 2792 1737 2850 cuim

448 2889 604 2968 magnilica
627 2887 724 2967 loqui,
747 2907 806 2968 quo
829 2896 860 2948 tu
883 2890 977 2967 magis
1000 2889 1138 2971 inrideas)
1162 2892 1246 2967 quia,
1271 2892 1405 2967 inquam,
1429 2891 1472 2950 sie
1488 2891 1545 2950 vixi
1561 2908 1629 2968 ego,
1653 2899 1686 2951 ut
1700 2891 1736 2951 ab

448 2991 588 3053 omnihus
609 2992 729 3070 ingenio
752 3009 786 3050 ac
809 2991 974 3052 eruditione
996 2990 1159 3052 illustribus
1187 2993 1279 3052 amari
1301 3010 1433 3061 merear,
1458 3000 1547 3070 utque
1570 2991 1738 3055 clarissimis

430 3093 619 3174 ⁸botuuinibus
641 3093 928 3153 commendatissima
952 3095 1008 3153 iam
1032 3113 1095 3155 esse
1118 3093 1244 3154 debeant
1266 3094 1360 3154 studia
1383 3112 1463 3160 mea,
1487 3110 1575 3171 quam
1598 3095 1665 3173 quia
1681 3094 1737 3155 ta'lo

449 3205 533 3256 tuum
556 3194 732 3255 factumest
754 3195 831 3273 quod
855 3212 942 3255 nemo
965 3195 1061 3256 bonus
1083 3214 1142 3256 non
1166 3179 1296 3257 extreme
1313 3195 1409 3254 odisse
1425 3193 1543 3264 debeat,
1566 3197 1604 3255 ita
1619 3215 1736 3267 uorum,

341 3378 344 3385 Ι
416 3299 487 3358 reita
510 3296 673 3375 singulare,
695 3304 728 3356 ut
750 3315 782 3357 sc
803 3298 833 3355 in
857 3298 989 3357 omnium
1012 3297 1110 3358 literas
1133 3295 1210 3357 ultro
1232 3299 1367 3358 insinuet.
1413 3297 1579 3357 Posteritati
1602 3304 1659 3359 tuae
1681 3300 1804 3362 in-raoe

449 3399 551 3469 rideo,
575 3398 720 3469 carnifex,
743 3418 758 3458 a
783 3417 841 3477 quo
865 3401 952 3460 etiarn
975 3418 1070 3460 annus
1092 3400 1140 3459 bic
1163 3398 1415 3468 denominabitur,
1445 3399 1528 3458 cuius
1549 3398 1653 3460 sceleri
1676 3401 1738 3461 dies

449 3501 612 3561 tribuetur:
641 3502 683 3562 sic
712 3502 791 3561 enlm
820 3499 918 3579 legent
941 3505 1066 3580 posteri,
1096 3521 1130 3562 eo
1153 3501 1280 3581 aliquem
1303 3517 1379 3561 auno
1402 3507 1517 3568 natum,
1548 3518 1606 3578 quo
1634 3510 1665 3561 tu
1693 3503 1737 3561 in-

449 3601 636 3683 extinguibili
658 3604 847 3667 Germaniam
870 3603 980 3681 probro
1003 3603 1146 3683 polluisti;
1177 3603 1233 3664 ibis
1255 3604 1284 3662 in
1308 3602 1412 3672 lastoS,
1441 3601 1592 3680 improbe,
1616 3603 1738 3679 augebis

449 3707 600 3775 bistorias;
623 3704 788 3766 immortale
811 3713 893 3767 tuurn
914 3705 1023 3766 lactum
1047 3713 1106 3774 est,
1130 3706 1167 3765 ob
1191 3706 1278 3784 idque
1300 3722 1407 3764 nomeu
1423 3705 1452 3763 in
1468 3721 1554 3764 omne
1570 3722 1663 3764 araim
1679 3723 1739 3765 mc·

414 3805 597 3869 umarabile
620 3809 683 3887 ipse
706 3814 881 3868 consecutus
903 3785 982 3886 qnod
1005 3808 1135 3868 voluisti:
1160 3808 1228 3885 quid
1251 3806 1366 3867 voluisti
1389 3814 1486 3866 autem
1509 3825 1597 3885 quam
1614 3808 1739 3885 turpitu-

449 3911 519 3971 dine
540 3910 692 3987 iusignirii
714 3911 757 3969 sio
779 3908 886 3970 faulam
910 3911 1082 3986 quaesivisti,
1106 3911 1148 3969 sic
1169 3912 1211 3970 tui
1227 3910 1399 3970 memoriam
1415 3910 1569 3977 allectasti,
1594 3909 1635 3968 sic
1651 3909 1737 3968 vitam

448 4011 621 4092 prolongari
649 4009 773 4090 placuit;
802 4011 971 4071 scribentur
1004 4011 1039 4071 de
1069 4021 1098 4072 te
1121 4013 1265 4079 carmina,
1300 4015 1437 4071 tenentur
1459 4010 1595 4072 historiae.
1642 4010 1726 4080 Quod
1738 4024 1806 4076 §.ua

449 4133 510 4193 quo
534 4115 627 4191 magis
649 4114 757 4174 iaciant
776 4111 926 4181 homines,
954 4112 1152 4173 movebuntur
1174 4111 1394 4191 incomparabili
1418 4114 1472 4172 isto
1502 4115 1543 4172 tui
1572 4112 1655 4183 odio,
1684 4111 1737 4172 no'-

449 4223 513 4278 stro
536 4215 637 4276 dolore
660 4233 694 4275 ac
716 4214 888 4276 calamitate.
934 4233 1022 4294 quarn
1044 4215 1147 4284 velles,
1172 4218 1245 4275 site
1267 4216 1359 4292 pudet
1380 4216 1437 4285 tui,
1461 4232 1521 4274 non
1545 4233 1608 4274 csse
1624 4213 1737 4283 literas;

415 4319 553 4397 aequanti
577 4334 705 4383 emeres,
728 4315 800 4376 nibil
822 4316 958 4378 didicisse
981 4336 1043 4378 me:
1067 4335 1233 4396 quanquam
1258 4316 1329 4376 nibil
1352 4317 1422 4375 tanti
1446 4325 1504 4383 cst,
1527 4322 1560 4377 ut
1574 4324 1604 4376 tc
1619 4317 1739 4379 sceleris

449 4421 605 4499 peniteat,
636 4437 671 4480 ac
698 4417 825 4480 libenter
848 4426 934 4480 etex
959 4426 1024 4478 roto
1055 4417 1149 4480 malus
1172 4437 1218 4478 es:
1249 4426 1306 4477 tam
1331 4417 1392 4476 iera
1415 4424 1466 4476 tua
1487 4424 1592 4478 natura
1616 4426 1673 4489 cst,
1698 4428 1738 4489 ut,

449 4540 511 4600 quo
536 4520 783 4582 immortalitatem
806 4520 859 4581 tibi
881 4520 1069 4591 conciliares,
1104 4518 1148 4595 rel
1176 4518 1288 4579 scelera
1318 4517 1443 4579 uolueris
1471 4519 1569 4581 clarus
1597 4520 1675 4592 lieri,
1709 4521 1737 4580 id

449 4622 530 4702 quod
553 4625 614 4682 non'
636 4621 793 4682 obscurius
816 4642 846 4683 es
868 4631 1058 4691 consecutus,
1083 4641 1169 4702 quam
1193 4621 1241 4682 ille
1263 4623 1312 4700 qui
1329 4620 1461 4698 Ephesia
1476 4621 1575 4682 Dianae
1597 4621 1738 4700 templum

450 4725 571 4786 exussit.
605 4723 640 4797 0
673 4723 873 4786 detestabilem
903 4726 991 4803 igitur
1020 4732 1100 4785 tuam
1129 4724 1240 4785 rivemli
1270 4723 1524 4794 consuctudinem,
1554 4743 1572 4784 o
1600 4725 1725 4785 immane
1738 4740 1805 4790 §.ut

449 4826 654 4906 propositum!
688 4833 719 4886 tu
746 4827 789 4886 sic
815 4828 846 4886 in
876 4828 951 4887 lama
981 4844 1044 4886 esse
1073 4825 1203 4896 laboras,
1235 4833 1266 4886 tu
1289 4828 1332 4887 sio
1359 4827 1535 4903 posteritatis
1563 4828 1736 4889 memoriam

483 5012 637 5063 ²⁸.Cuius
654 5019 683 5061 Ε.
737 5011 926 5079 ²⁸ibisinf.}
947 5012 1493 5079 ef.H0rat.ep.11.r,ae.Ptinpanegaa.
1540 5011 1612 5063 ”ac
1626 5016 1649 5063 1.
1671 5019 1735 5064 etri.
