4300 6059
468 679 541 752 328
577 707 679 743 LEONI!
692 708 717 742 Χ.
732 703 841 743 coum
855 704 1005 740 LVTBERV!
1019 703 1109 738 RVLLA
1124 703 1186 738 mr.
1196 696 1227 735 15.
1236 702 1296 736 lvii.
1309 702 1335 736 A.
1346 696 1403 756 tito,
1418 702 1441 735 C.
1456 700 1578 736 nurum
1593 698 1685 736 ΙΟΤῙΙ.

466 867 570 927 eadem
592 863 902 925 excommunicationis
922 863 993 920 lutee
1009 863 1161 919 sententia
1177 877 1285 935 pana,
1305 867 1337 918 al
1350 860 1503 919 bareticos
1522 859 1684 933 praedictos
1698 859 1757 919 de-

467 971 598 1029 claratos
618 972 647 1025 et
666 965 888 1036 condemnatos,
911 964 1060 1022 mandatis
1078 967 1185 1024 nostris
1204 980 1262 1022 non
1281 964 1527 1037 obtemperantes,
1549 967 1619 1035 post
1638 963 1757 1035 lapsam

468 1072 586 1130 termini
611 1067 781 1142 supradicti
807 1051 943 1136 *enitenrj
973 1073 1002 1125 et
1026 1073 1167 1140 putantum
1195 1069 1226 1125 in
1252 1068 1294 1125 eis
1321 1072 1377 1134 est,
1407 1066 1515 1123 evitari
1537 1063 1673 1135 saciant,
1701 1081 1758 1123 nec

466 1189 533 1232 eam
555 1171 679 1241 eisdem,
707 1171 753 1228 ael
778 1185 879 1228 eorum
900 1170 999 1243 aliquo
1019 1170 1241 1241 commercium,
1270 1176 1323 1226 aut
1343 1170 1476 1242 aliquam
1496 1168 1755 1232 conversationem,

466 1292 518 1333 seu
536 1274 767 1333 communionem
788 1272 929 1343 babeant,
957 1277 1028 1330 “nec
1052 1273 1095 1330 eis
1116 1274 1286 1330 necessaria
1311 1273 1483 1329 ministrent.
1528 1265 1590 1327 ‘Ad
1615 1272 1779 1330 maiorem-¹»

464 1382 615 1452 praeterea
638 1375 711 1433 dicti
731 1374 869 1448 Martini,
897 1389 1073 1447 suorumque
1095 1376 1283 1447 complicum,
1308 1372 1464 1446 soatorrrm
1490 1381 1519 1432 ct
1540 1372 1756 1443 adherentium,

468 1496 505 1538 ac
525 1483 740 1552 receptatoram
764 1477 980 1551 praedictorum
1004 1477 1048 1534 sic
1071 1484 1142 1550 post
1164 1477 1281 1550 lapsam
1303 1477 1423 1534 termini
1442 1476 1587 1549 praedicti
1611 1476 1758 1535 declara-

468 1589 564 1640 torum
586 1580 806 1648 baereticorum,
836 1587 865 1638 et
883 1578 1144 1641 condemnatorum
1162 1577 1395 1650 ‘confasionem
1421 1574 1570 1636 universio
1586 1589 1615 1637 et
1634 1580 1760 1652 sinpalis

470 1684 620 1756 utriusque
638 1698 728 1741 sexus
748 1679 1006 1756 christifidelibus,
1024 1680 1220 1752 Patriarcbis,
1240 1680 1485 1756 Arcbiepiscopis,
1509 1680 1674 1757 Episcopis,
1694 1697 1759 1756 pa·

471 1784 697 1860 triarcbaliam,
730 1784 1023 1856 metropolitanarum
1050 1789 1079 1841 el
1101 1785 1231 1842 uitiorum
1253 1784 1486 1855 cathedralium,
1520 1785 1756 1856 collepiatorum,
1769 1794 1793 1832 ¹⁰

440 1948 444 1954 ,
471 1905 508 1947 ac
527 1885 704 1958 inferiorum
721 1887 915 1944 ecclesiarum
934 1887 1086 1960 praelatis,
1107 1887 1255 1962 capitalis,
1278 1887 1403 1959 aliisque
1425 1888 1560 1960 personis
1577 1888 1757 1945 ecclesiasti-

470 1993 526 2057 cis,
554 1989 760 2057 soecalaribas,
789 1994 817 2046 el
843 1991 1010 2061 quorumvis
1031 1988 1184 2064 ordinum,
1211 1991 1299 2047 etiam
1322 1987 1552 2048 Mendioaatium
1576 1985 1761 2064 (prasertim

470 2095 532 2150 elius
552 2092 803 2164 conprepalionis,
825 2092 909 2148 culros
927 2091 1022 2148 dictus
1044 2089 1195 2149 Martinus
1216 2097 1259 2150 est
1273 2090 1443 2169 professus,
1464 2099 1493 2151 et
1514 2093 1544 2150 in
1563 2107 1622 2166 qua
1643 2093 1761 2166 depere,

471 2196 516 2252 uel
535 2195 650 2253 morari
667 2190 790 2270 dicitur)
805 2188 1007 2265 repuleribas,
1026 2195 1184 2268 exemplis,
1207 2200 1235 2252 et
1252 2209 1310 2252 noa
1331 2196 1483 2268 exemptis,
1503 2210 1615 2254 necnon
1638 2196 1762 2254 uniuer-

470 2298 510 2356 sis
529 2305 558 2355 et
575 2298 699 2371 siapalis
712 2295 908 2371 Principibus,
931 2312 1107 2370 quocunque
1120 2297 1317 2355 ecclesiastica
1338 2298 1383 2354 uel
1402 2297 1557 2356 mundana
1575 2296 1761 2371 srdpentibas
1774 2308 1797 2347 ¹⁵

471 2400 628 2472 dipuitate,
654 2398 796 2473 liepibas,
823 2397 1019 2471 Imperatoris
1040 2398 1237 2471 Electoribas,
1265 2398 1412 2467 Ilueibus,
1440 2397 1678 2472 Marcbiouibas,
1704 2399 1762 2459 Co-

472 2501 601 2574 mitibas,
626 2500 809 2573 Bnronibas,
832 2499 1016 2574 Capitoneis,
1036 2501 1276 2572 conductoribus,
1302 2501 1477 2574 domicellis,
1499 2503 1762 2576 communitatibus,

472 2603 719 2674 universitatibus,
735 2602 941 2678 potentatibus,
965 2603 1148 2677 ciuitatibus,
1166 2604 1269 2674 terris,
1292 2605 1413 2674 castris,
1435 2610 1464 2662 et
1483 2606 1569 2678 loeis,
1587 2622 1638 2664 seu
1660 2621 1763 2664 eoram

473 2707 698 2775 habitatoribus,
729 2707 839 2765 ciuibus
865 2713 894 2767 et
916 2707 1033 2777 incolis,
1065 2706 1254 2779 orantibusque
1280 2706 1349 2764 aliis
1375 2711 1405 2764 el
1428 2707 1552 2780 siapalis
1580 2707 1764 2780 supradictis

469 2826 527 2883 per
548 2811 716 2868 uniuersam
737 2809 844 2882 orbem,
862 2810 1031 2884 prasertim
1046 2810 1077 2866 in
1092 2809 1195 2867 eadem
1208 2808 1364 2866 Alemania
1382 2810 1551 2880 constitutis,
1573 2810 1798 2882 maudunensis

471 2917 615 2986 pantania
634 2911 702 2970 ‘sab
713 2912 872 2985 praedictis
893 2912 1026 2971 omnibus
1046 2893 1080 2970 et
1093 2911 1219 2982 sinoalis
1233 2913 1345 2986 panis,
1365 2912 1435 2985 ipsi,
1458 2914 1503 2970 ud
1520 2928 1621 2970 eoram
1643 2911 1765 2987 quilibet

467 3012 636 3089 preafatam
650 3013 824 3091 Martinam,
847 3017 1019 3089 complices,
1043 3014 1233 3085 adimentes,
1256 3020 1468 3090 receptatores,
1491 3020 1520 3073 el
1530 3014 1668 3087 fautores
1682 3031 1764 3090 per-

556 3265 636 3327 ‘Soli
652 3285 761 3328 sitinus.
828 3267 940 3328 ‘Etiam
956 3266 1093 3328 motulam
1117 3285 1176 3327 non
1199 3268 1369 3346 porrigent?
1434 3265 1605 3329 'Brachium
1621 3267 1766 3329 saeculace

473 3369 609 3430 suscitabit
630 3367 677 3429 hic
698 3371 820 3448 rugitus.
905 3369 1148 3430 ‘Coninndontnr
1171 3387 1274 3430 omnes
1301 3370 1399 3448 inique
1422 3378 1542 3448 agentes
1569 3387 1763 3448 supervacue.

472 3471 560 3532 ⁸vnlo
583 3472 730 3550 quioniodo
753 3471 913 3533 Ecclesiam
936 3491 995 3533 tion
1019 3491 1135 3540 amore,
1165 3479 1196 3530 ut
1218 3471 1365 3541 Christus,
1388 3473 1494 3542 societ,
1523 3472 1574 3533 scd
1598 3474 1623 3532 vi
1645 3491 1680 3533 aa
1703 3478 1798 3534 ter-²⁵

473 3592 557 3642 rore,
581 3582 614 3635 ut
628 3576 759 3653 tyranni,
784 3582 879 3651 cogat.
914 3574 985 3644 Quis
1008 3577 1099 3634 torret
1120 3574 1207 3635 talem
1231 3579 1396 3654 pastorem?

474 3733 675 3758 .'-....—--

473 3852 517 3895 tur
537 3847 689 3910 ‘Principes
709 3847 813 3897 sinsin
833 3863 867 3897 es
885 3848 959 3897 sicut
976 3847 1070 3897 leones
1089 3846 1250 3912 rugientos',
1276 3848 1334 3897 scio
1353 3847 1518 3898 offensurum
1538 3865 1580 3898 me
1598 3840 1661 3898 essa
1680 3849 1765 3912 pluri-

473 3946 543 3992 mos,
569 3931 640 3996 qnod
664 3946 746 3996 snper
769 3932 907 3997 episcopis
932 3938 960 3982 ot
982 3933 1152 3999 presbyteris
1174 3933 1234 3983 haec
1259 3933 1436 3999 interpreter,
1467 3949 1526 3981 cnm
1556 3940 1584 3982 et
1607 3935 1765 3998 presbyteri

474 4015 539 4066 mali
557 4017 603 4081 qui
621 4017 772 4066 Susannam
791 4017 896 4068 violare
916 4020 1073 4083 cupierunt,
1094 4025 1201 4068 ceteros
1220 4019 1394 4083 [siesbytoros
1413 4019 1459 4082 qui
1472 4019 1542 4068 bone
1556 4019 1690 4080 vixerint,
1710 4035 1765 4068 non

473 4101 654 4151 condemnent
667 4137 757 4154 .....
759 4104 774 4126 ”

540 4185 561 4216 ¹⁶
580 4185 804 4252 Imperatoribns,
823 4186 864 4236 El.
879 4191 935 4236 1.2.
955 4196 980 4238 et
998 4191 1057 4239 alite
1075 4191 1134 4238 edd.
1153 4191 1201 4239 scd
1217 4195 1243 4237 ul
1260 4205 1341 4253 supro
1353 4191 1530 4253 imperatoris
1544 4190 1586 4239 ΕΙ.
1606 4193 1688 4253 positi.
1709 4195 1769 4255 plu.

472 4288 516 4321 res
534 4272 711 4335 Imperatores
729 4286 777 4321 uon
796 4278 897 4336 apuooit
916 4275 970 4325 Leo
991 4275 1033 4331 X,
1053 4290 1133 4339 neque
1148 4281 1208 4337 pasl
1221 4276 1312 4338 Reges
1330 4291 1374 4324 eas
1391 4283 1554 4325 niemorassel
1571 4276 1645 4325 ballue
1663 4285 1763 4326 aneton

473 4355 494 4387 ²³
513 4354 691 4421 Soli-sumus]
711 4356 729 4405 i.
744 4357 961 4411 e.cvitabi1nur:
980 4375 1043 4409 nam
1062 4359 1198 4409 mansistis
1217 4361 1271 4409 tuis
1289 4376 1344 4409 non
1356 4360 1630 4424 obtemperabimus&
1676 4362 1765 4411 Intor-

474 4440 588 4505 rogaudi
606 4441 715 4506 signnm
735 4457 786 4506 ogo
811 4443 937 4508 adposui:
962 4442 1094 4492 matulam
1118 4446 1260 4509 porrigere
1279 4444 1510 4506 (micturientibus
1528 4461 1578 4496 vus
1596 4451 1707 4509 tenere)
1725 4448 1764 4497 in-

475 4525 528 4574 fimi
548 4525 692 4575 ministerii
713 4532 764 4576 ost.
782 4526 902 4578 Martiol.
916 4529 949 4578 X.
966 4528 1003 4577 tl.

760 4612 923 4678 Disperaum
941 4615 965 4663 si
983 4620 1012 4663 tu
1030 4613 1129 4676 Pyladi
1147 4620 1281 4679 proestaro
1302 4616 1441 4665 matellam

808 4698 916 4763 Dignus
935 4714 964 4748 es
983 4705 1031 4748 aut
1048 4715 1146 4764 porcos
1164 4716 1279 4764 pascere
1297 4701 1424 4751 Pirithoi.

474 4782 510 4831 of.
524 4782 683 4845 Hieronym.
698 4782 732 4831 ud
744 4782 892 4846 Nepotinn.
907 4798 949 4848 ep.
966 4783 1022 4832 117.
1041 4785 1079 4834 11⁰.
1092 4786 1117 4834 8.
1138 4784 1174 4833 Ut
1193 4802 1236 4850 ap.
1250 4788 1335 4835 Marc.
1350 4787 1370 4834 1.
1385 4786 1409 4835 7.
1429 4788 1495 4837 Lno.
1509 4788 1558 4837 111.
1582 4787 1689 4848 „Cuius
1708 4805 1764 4838 non

473 4882 531 4916 sum
550 4866 648 4931 dignus
666 4866 847 4932 procumbens
866 4866 971 4918 solvero
990 4871 1138 4935 corrigium
1156 4871 1429 4921 calceamentorum&
1466 4872 1587 4922 ilntaliae
1611 4887 1704 4922 niireae
1723 4878 1764 4923 bo·

473 4950 570 5001 nendae
589 4952 712 5016 dignitas
731 4950 785 5000 fuit
802 4952 831 5000 in
844 4953 978 5004 Ludovici
992 4956 1081 5005 Xllll.
1096 4955 1168 5005 uuila.
1227 4955 1249 4986 ²⁸
1266 4956 1367 5005 l‘salm.
1381 4957 1478 5006 XXIV.
1491 4958 1515 5006 4.
1574 4957 1670 5022 iniqua
1687 4959 1765 5008 babet

474 5035 576 5086 Psalm.
598 5049 654 5086 seo.
674 5035 748 5101 vulg.
