4300 6059
507 675 579 748 126
599 704 720 742 nonnam
730 705 767 740 an
777 705 923 741 eerneresa
936 704 1062 741 naamvr
1075 704 1186 739 aaanvir
1199 703 1297 738 rracrs
1311 703 1450 739 ruraaann
1462 703 1687 739 axnoaranoam.
1701 686 1785 750 (tart.)

433 898 438 912 ι
504 867 537 921 ιιι
556 859 700 949 habeatur
720 861 795 920 ratio
817 859 995 927 Germaniae,
1017 858 1097 918 ratio.
1115 857 1244 936 imperii,
1267 858 1341 919 ratio
1363 859 1527 919 communis
1548 857 1714 937 religionis;
1742 866 1785 920 at·

504 978 561 1040 que
582 961 654 1022 inibi
682 980 756 1040 opus
779 968 823 1021 est
846 958 986 1030 consiliis,
1016 957 1184 1029 sedulitate,
1213 953 1371 1037 vigilaritia,
1401 958 1523 1029 labore,
1550 958 1723 1031 sobrietate,
1755 963 1785 1022 in

502 1047 632 1132 summa,
654 1079 730 1140 opus
751 1067 795 1122 est
816 1061 923 1143 nequid
946 1064 976 1145 iu
998 1059 1081 1122 robis
1102 1060 1263 1139 discrepet,
1292 1060 1343 1122 sed
1367 1069 1399 1122 ut
1419 1061 1517 1122 omnia
1539 1063 1724 1141 conteniaut,
1756 1072 1785 1124 et

380 1232 389 1246 .
502 1163 687 1243 concorditer
708 1169 740 1223 ut
761 1180 871 1224 rerum·
884 1181 984 1224 coram
1006 1162 1170 1243 suscipiatis
1191 1163 1378 1224 acunanimi
1400 1180 1545 1225 consensu
1568 1164 1604 1224 ad
1626 1164 1715 1225 tinem
1737 1183 1785 1226 us·

501 1283 559 1345 gne
580 1265 761 1344 perduretis;
783 1282 842 1325 non
864 1270 991 1334 temere;
1015 1282 1081 1325 nam
1104 1266 1129 1324 si
1151 1266 1180 1324 iu
1202 1283 1235 1325 re
1256 1263 1369 1326 ludicra
1392 1266 1494 1327 musici
1514 1264 1694 1326 chordarum
1715 1283 1807 1327 con-o

501 1362 627 1448 centnm‘
642 1367 777 1443 erigunt,
800 1375 829 1427 ct
850 1368 875 1428 si
897 1367 965 1446 qnid
989 1368 1148 1444 discrepet,
1171 1367 1295 1443 gratiam
1317 1366 1490 1445 desperant,
1520 1368 1550 1428 in
1572 1368 1655 1428 seriis
1676 1377 1786 1447 quanto

502 1469 595 1545 magis
617 1485 691 1546 opus
713 1485 777 1529 esse
800 1468 973 1539 concordia,
1001 1487 1076 1547 opus
1098 1485 1161 1529 esse
1184 1467 1294 1544 indere
1316 1475 1345 1529 et
1368 1470 1571 1557 coniunctione
1594 1470 1714 1531 muno
1736 1472 1785 1530 tir·

436 1571 640 1638 §.tamasim
662 1570 840 1648 potandum?
868 1568 952 1640 Quod
975 1558 1108 1649 proxime
1137 1569 1195 1630 buc
1216 1572 1358 1649 pertinet,
1388 1570 1628 1651 quondoquidem
1650 1589 1709 1632 uon
1731 1573 1786 1632 mi·

502 1673 583 1734 noris
605 1672 633 1733 id
656 1673 795 1732 momenti
817 1680 876 1742 est,
905 1690 940 1732 eo
968 1689 1069 1733 ornnes
1097 1671 1274 1744 adnitimini,
1294 1680 1337 1733 ut
1366 1673 1403 1733 sit
1422 1675 1480 1753 >qui
1503 1692 1569 1734 cum
1592 1673 1701 1752 ubique
1722 1681 1785 1735 tum

503 1774 547 1837 rel
569 1772 795 1855 praecipue'boc
817 1773 846 1832 iu
875 1772 952 1834 bello
980 1791 1056 1834 unns
1086 1774 1200 1851 praesit,
1229 1792 1305 1835 unus
1332 1774 1435 1857 ducat,
1464 1793 1540 1835 unus
1568 1777 1709 1854 imperet,
1736 1777 1819 1837 cniro

427 1939 428 1942 ,
504 1895 607 1939 omnes
628 1881 764 1956 pareant,
787 1892 889 1935 omnes
910 1875 1061 1936 audientes
1083 1876 1155 1944 siut;
1178 1861 1265 1955 quiem
1288 1868 1390 1938 omnes
1412 1884 1584 1949 vereantur,
1607 1896 1710 1938 omnes
1737 1895 1786 1938 sn·

437 1980 640 2060 conspiciant,
662 1979 777 2039 acuius
791 1978 940 2054 imperatis
960 1976 1057 2037 nullus
1080 1976 1124 2037 rel
1146 1976 1287 2039 tantillum
1308 1977 1448 2040 discedat.
1492 1986 1580 2057 atque
1602 1981 1626 2040 is
1648 1988 1692 2042 est
1707 1997 1785 2041 com-

504 2081 702 2143 monbrestro
724 2097 883 2148 consensu,
905 2078 991 2139 simul
1014 2081 1103 2140 totins
1124 2080 1288 2141 Germania
1309 2079 1456 2142 voluntate
1478 2100 1513 2142 ac
1534 2081 1636 2143 studiis
1658 2083 1712 2142 iste
1726 2081 1786 2142 bla-

412 2234 418 2241 .
503 2182 668 2244 ximilianos
689 2180 800 2250 Caesam
827 2198 915 2258 quem
941 2182 1008 2260 quia
1036 2181 1108 2242 deus
1130 2183 1258 2259 optimus
1280 2183 1423 2243 inarimos
1443 2183 1479 2244 ad
1501 2183 1559 2244 boc
1586 2184 1681 2243 evexit
1706 2184 1786 2243 lasti·

504 2285 599 2363 giurn,
629 2290 658 2344 et
685 2282 766 2343 robis
794 2290 921 2343 mentem
944 2282 1045 2343 indidit
1067 2290 1100 2345 nt
1117 2283 1149 2371 'id
1172 2282 1242 2345 boni
1264 2282 1471 2364 consuleretis,
1501 2286 1706 2364 suffragiisque
1734 2305 1782 2345 re·
1796 2300 1820 2339 ιτ»

503 2387 572 2447 stris
594 2384 778 2446 corrcorditcr
800 2379 1006 2464 imperatorem
1029 2384 1112 2446 robis
1133 2376 1294 2462 delegistis,
1317 2394 1405 2465 atque
1428 2385 1476 2447 ille
1498 2387 1536 2448 ita
1565 2387 1705 2448 bacteuus
1731 2387 1784 2446 iur-

503 2489 586 2568 perio
602 2487 725 2565 praefuit,
750 2495 782 2547 ut
796 2489 859 2549 eius
880 2488 978 2547 omnia
1001 2506 1105 2567 magna
1129 2507 1163 2548 ac
1184 2486 1271 2566 plane
1293 2487 1414 2549 heroica
1437 2496 1466 2549 et
1486 2489 1622 2566 generosi
1637 2472 1784 2551 antumn-

504 2589 594 2660 dieia,
618 2588 811 2666 imperatoriae
832 2588 1029 2668 amplitudinis
1051 2597 1406 2669 argumentaperspecta
1434 2591 1507 2661 siut,
1539 2608 1638 2668 quaeso
1660 2591 1785 2668 impera·

503 2697 597 2752 torem
620 2694 784 2769 agnoscite;
813 2700 841 2752 et
867 2693 891 2753 si
913 2691 983 2771 qnid
1005 2691 1148 2765 lracteuus
1170 2710 1230 2752 non
1251 2704 1306 2771 pro
1329 2693 1584 2771 officiocontigit,
1612 2712 1647 2755 nc
1670 2711 1720 2753 ros
1742 2693 1785 2753 in·

505 2792 653 2856 tellexistis
676 2795 873 2874 cuiuscunque
895 2795 923 2854 id
947 2760 1133 2873 culpastouti
1172 2796 1223 2862 rit,
1254 2812 1275 2857 e.
1292 2812 1325 2854 re
1347 2801 1442 2857 vestra
1465 2811 1524 2867 non
1552 2794 1656 2865 inisse,
1685 2811 1820 2857 emen-eo

437 2895 574 2961 insudate
595 2913 743 2964 errorem,
771 2897 883 2974 expiate
906 2895 1030 2975 culpam.
1075 2812 1236 2957 Nilrllsine
1258 2896 1334 2957 duce
1355 2898 1481 2975 geritur,
1497 2895 1624 2983 ,nubum
1646 2897 1739 2957 sine‘
1774 2929 1785 2942 -
1835 2953 1837 2956 .

503 3005 639 3097 pepulere
661 2996 778 3058 bellum.
823 3016 856 3058 ac
883 3014 989 3074 magno
1016 3006 1147 3076 emptum
1175 2997 1230 3059 sibi
1257 2998 1325 3059 relit
1346 2999 1457 3069 anca,
1486 3006 1598 3060 ut·vos
1625 2914 1785 3114 ab*

503 3102 575 3160 reiu'
589 3106 697 3160 tantam
719 3099 943 3177 aggrediamini,
973 3107 1005 3160 ut
1026 3101 1089 3160 sine
1111 3101 1205 3179 capite
1227 3100 1359 3162 membra
1383 3108 1569 3170 rnoreautuar
1598 3102 1661 3162 sine
1683 3110 1784 3178 auriga

504 3219 625 3273 currus,
648 3203 712 3263 siue
732 3201 930 3279 gubernatore
950 3203 1032 3263 navis
1053 3209 1114 3270 eat;
1144 3200 1253 3262 scilicet
1279 3210 1312 3262 ut
1340 3220 1390 3262 ros
1418 3204 1663 3291 rectorqacuos
1685 3203 1784 3280 oppri-

437 3312 570 3373 r.ua.rnat
591 3302 730 3381 singulos,
753 3321 827 3382 quos
847 3321 906 3365 nou
926 3305 1022 3383 potuit
1043 3305 1204 3369 novenos.
1248 3303 1345 3365 Nostis
1366 3303 1436 3366 ibud
1451 3305 1481 3365 in
1497 3304 1655 3367 evellendis
1669 3306 1818 3383 equinaers

406 3420 411 3427 ·
441 3442 443 3446 ⁴
503 3407 603 3469 caudae
623 3405 690 3485 pilis
712 3405 834 3467 Sertorii
855 3405 979 3468 Romani
1001 3404 1154 3469 eonsilium
1177 3405 1246 3484 quid
1270 3404 1351 3467 velit:
1375 3408 1413 3467 ita
1436 3413 1480 3476 est
1494 3407 1586 3468 enim:
1609 3407 1634 3468 si
1648 3424 1699 3467 vos
1714 3424 1783 3467 cou-

503 3503 608 3571 coldes
629 3509 711 3571 critis
732 3527 766 3568 ac
788 3507 842 3569 sub
865 3508 940 3570 duce
961 3509 1057 3577 eritis,
1081 3510 1136 3569 nisi
1150 3510 1213 3586 ipse
1228 3529 1244 3568 a
1260 3507 1345 3570 uobis
1359 3509 1448 3578 deus,
1472 3511 1567 3572 omnis
1581 3507 1698 3570 fortuna
1713 3526 1783 3571 oco·

502 3610 547 3672 los
568 3629 602 3684 ap
625 3628 677 3671 cor
698 3616 823 3678 avertat,
852 3609 1006 3693 nibii4pro
1029 3629 1081 3670 sua
1103 3627 1155 3689 spe
1178 3610 1304 3672 efficient
1325 3610 1444 3683 larem
1473 3612 1523 3690 qni
1553 3618 1655 3672 conon
1677 3612 1702 3673 si
1725 3610 1783 3670 dis·
1828 3651 1833 3662 ·

502 3731 606 3792 perses
628 3717 657 3772 et
677 3713 741 3772 sina
761 3713 954 3791 imperatore,
982 3721 1032 3773 aut
1058 3720 1124 3773 curn
1152 3714 1333 3792 imperatore
1357 3713 1475 3792 quidem
1506 3713 1558 3775 sed
1580 3712 1627 3775 cui
1649 3729 1709 3772 non
1732 3731 1782 3791 pa·

502 3821 588 3877 reant
609 3831 711 3876 omnes
733 3822 762 3875 ot
782 3814 865 3876 cuius
886 3812 949 3874 vilis
970 3814 1047 3911 apud
1069 3833 1139 3877 suos
1160 3817 1196 3877 sit
1211 3815 1384 3884 autboritaS,
1408 3832 1461 3875 uos
1476 3815 1661 3901 offenderint,
1685 3822 1818 3875 actumst

436 3921 568 3987 nunant,
590 3918 741 3997 periimus.
785 3916 850 3976 Nou
872 3934 990 3995 possum
1014 3918 1091 3978 eninr
1115 3913 1304 3979 contemnere
1326 3935 1408 3985 euru,
1439 3936 1455 3977 a
1484 3936 1542 3997 quo
1564 3918 1652 3978 etiarn
1675 3915 1725 3995 qui
1747 3916 1783 3977 ti·

502 4019 621 4081 mebant
642 4020 770 4100 superati
791 4025 868 4079 sunt.
913 4027 943 4079 et
963 4020 1038 4080 sicut
1059 4019 1096 4080 ad
1111 4020 1266 4081 Asiaticam
1289 4018 1438 4079 mollitiem
1460 4036 1645 4098 nequaquam
1666 4017 1784 4078 nostros

503 4140 641 4204 comparo
665 4122 812 4189 bomines,
841 4108 938 4200 neque
961 4139 1027 4181 cum
1050 4119 1098 4181 illa
1121 4121 1230 4182 imbelli
1252 4120 1384 4182 Sultbani
1407 4120 1506 4182 militia
1529 4123 1692 4183 Germanos
1713 4137 1783 4180 cou-

503 4223 565 4285 laro
588 4224 747 4294 exercitus,
770 4225 809 4285 ita
831 4241 890 4284 uon
912 4241 1031 4301 possum
1054 4222 1206 4301 despicere
1227 4227 1295 4285 'eum
1318 4224 1369 4302 qui
1391 4223 1608 4302 qualescunque
1630 4223 1688 4283 siut
1709 4214 1784 4301 qno's

503 4327 584 4396 vicit,
612 4328 736 4388 maxima
764 4331 844 4388 certe
871 4343 906 4387 ac
934 4324 1152 4404 opulentissima
1179 4325 1295 4402 subegit
1322 4342 1428 4402 regna,
1457 4333 1485 4386 et
1511 4325 1656 4387 indefesse
1684 4325 1817 4385 omniane

502 4431 574 4508 agit,
597 4447 692 4507 neque
714 4435 826 4499 cessat,
847 4427 975 4489 terendis
996 4425 1147 4488 laboribus
1168 4428 1298 4506 patiens,
1320 4425 1465 4488 obeundis
1487 4428 1608 4505 negotiis
1629 4432 1784 4506 promptus

434 4539 538 4593 §.raet
559 4531 720 4606 exercitum
749 4531 799 4609 qui
820 4511 878 4591 irim
906 4531 1031 4591 assuerit
1053 4531 1183 4600 vincere,
1212 4547 1299 4607 quom
1322 4536 1351 4590 et
1372 4528 1472 4606 glorian
1494 4528 1603 4589 stimuli
1626 4537 1656 4589 et
1675 4527 1783 4609 praedae

502 4631 626 4695 dulcedo
648 4632 685 4694 ad
707 4633 804 4694 omnia
828 4631 895 4695 belli
924 4631 1109 4693 incommoda
1137 4630 1256 4693 serenda
1287 4631 1510 4700 induraverunt,
1543 4650 1624 4701 eum,
1653 4630 1782 4708 inquam,

548 4852 570 4886 ²⁶
587 4857 630 4905 Do
644 4855 676 4916 Q.
690 4853 809 4925 Sertorio
829 4840 891 4918 eqni
911 4851 1026 4902 calidam
1044 4850 1188 4917 paullatim
1207 4852 1284 4918 carpi
1303 4851 1415 4901 iubente
1434 4852 1470 4901 cf.
1485 4851 1625 4901 Plutarch.
1638 4850 1667 4899 in
1681 4849 1716 4900 ei.
1730 4850 1780 4900 vit.

406 4998 414 5012 .
442 4992 450 5006 ,
502 4926 867 5000 ld.Valer.Mnx.”V11.3,o.
902 4936 1098 4987 ''omnesam
1112 4938 1151 4987 dii
1163 4941 1220 4987 Li.
1233 4954 1301 4987 corr.
1315 4940 1344 4987 11,
1378 4933 1400 4966 ²⁶³
1414 4952 1446 4986 ae
1461 4939 1514 4988 m.
1535 4943 1563 4987 et
1574 4940 1605 4984 11.
1639 4933 1783 4986 ⁸⁰sitales

500 5030 558 5074 anie
576 5041 625 5074 uos
642 5026 721 5075 deleo.
739 5028 768 5071 Η.
821 5021 842 5055 ³²
860 5026 897 5082 etl
916 5023 960 5073 At.
973 5025 999 5072 2.
1011 5024 1059 5072 red
1074 5039 1143 5074 corr.
1156 5024 1173 5072 i.
1183 5023 1205 5086 s.
1257 5021 1279 5053 ⁸⁶
1297 5024 1454 5086 promtuad.
1510 5019 1532 5053 ³⁸
1550 5022 1660 5086 inquam
1678 5021 1783 5074 adds.
