<?xml version="1.0" encoding="UTF-8"?>
<!DOCTYPE html PUBLIC "-//W3C//DTD XHTML 1.0 Transitional//EN"
    "http://www.w3.org/TR/xhtml1/DTD/xhtml1-transitional.dtd">
<html xmlns="http://www.w3.org/1999/xhtml" xml:lang="en" lang="en">
 <head>
  <title>
</title>
<meta http-equiv="Content-Type" content="text/html;charset=utf-8" />
  <meta name='ocr-system' content='tesseract 3.04.00' />
  <meta name='ocr-capabilities' content='ocr_page ocr_carea ocr_par ocr_line ocrx_word'/>
</head>
<body>
  <div class='ocr_page' id='page_1' title='image "./ulrichihuttenie01huttgoog/ulrichihuttenie01huttgoog_0245.png"; bbox 0 0 4300 6059; ppageno 0'>
   <div class='ocr_carea' id='block_1_1' title="bbox 535 671 1707 747">
    <p class='ocr_par' dir='ltr' id='par_1_1' title="bbox 535 671 1707 747">
     <span class='ocr_line' id='line_1_1' title="bbox 535 671 1707 747; baseline -0.008 0"><span class='ocrx_word' id='word_1_1' title='bbox 535 707 758 747; x_wconf 68' lang='grc' dir='ltr'><strong>ΟΟΙΙΙΙΤᾸΙΠΙ</strong></span> <span class='ocrx_word' id='word_1_2' title='bbox 771 709 806 744; x_wconf 67' lang='lat' dir='ltr'><strong>D!</strong></span> <span class='ocrx_word' id='word_1_3' title='bbox 819 708 933 744; x_wconf 74' lang='lat' dir='ltr'>TVBOIOI</span> <span class='ocrx_word' id='word_1_4' title='bbox 947 708 1057 743; x_wconf 67' lang='grc' dir='ltr'>ΙΙΡΕΙΠ</span> <span class='ocrx_word' id='word_1_5' title='bbox 1071 705 1292 743; x_wconf 72' lang='lat' dir='ltr'><strong>oossrsrvuton</strong></span> <span class='ocrx_word' id='word_1_6' title='bbox 1306 705 1342 741; x_wconf 71' lang='lat' dir='ltr'><strong>Al)</strong></span> <span class='ocrx_word' id='word_1_7' title='bbox 1353 703 1565 740; x_wconf 68' lang='grc' dir='ltr'><strong>ΙΔΧῙΙῙΒῙΔΠΙ</strong></span> <span class='ocrx_word' id='word_1_8' title='bbox 1578 703 1598 739; x_wconf 90' lang='lat'><strong>1.</strong></span> <span class='ocrx_word' id='word_1_9' title='bbox 1634 671 1707 745; x_wconf 75' lang='grc'><strong>235</strong></span> 
     </span>
    </p>
   </div>
   <div class='ocr_carea' id='block_1_2' title="bbox 387 863 1779 2385">
    <p class='ocr_par' dir='ltr' id='par_1_2' title="bbox 387 863 1779 2385">
     <span class='ocr_line' id='line_1_2' title="bbox 420 863 1709 944; baseline -0.005 -18"><span class='ocrx_word' id='word_1_10' title='bbox 420 868 528 944; x_wconf 87' lang='lat' dir='ltr'><strong>eligunt</strong></span> <span class='ocrx_word' id='word_1_11' title='bbox 554 867 646 926; x_wconf 90' lang='lat' dir='ltr'><strong>locum</strong></span> <span class='ocrx_word' id='word_1_12' title='bbox 674 866 808 942; x_wconf 76' lang='lat' dir='ltr'>aptiorem</span> <span class='ocrx_word' id='word_1_13' title='bbox 835 884 887 941; x_wconf 90' lang='lat' dir='ltr'><strong>pro</strong></span> <span class='ocrx_word' id='word_1_14' title='bbox 914 867 1024 930; x_wconf 85' lang='lat' dir='ltr'><strong>castris,</strong></span> <span class='ocrx_word' id='word_1_15' title='bbox 1055 867 1101 940; x_wconf 89' lang='lat' dir='ltr'><strong>qui</strong></span> <span class='ocrx_word' id='word_1_16' title='bbox 1130 873 1206 923; x_wconf 90' lang='lat' dir='ltr'><strong>tutus</strong></span> <span class='ocrx_word' id='word_1_17' title='bbox 1233 865 1270 922; x_wconf 91' lang='lat' dir='ltr'><strong>sit</strong></span> <span class='ocrx_word' id='word_1_18' title='bbox 1298 864 1331 922; x_wconf 88' lang='lat' dir='ltr'><strong>ab</strong></span> <span class='ocrx_word' id='word_1_19' title='bbox 1354 865 1426 921; x_wconf 91' lang='lat' dir='ltr'><strong>omni</strong></span> <span class='ocrx_word' id='word_1_20' title='bbox 1450 864 1552 938; x_wconf 86' lang='lat' dir='ltr'><strong>impetu</strong></span> <span class='ocrx_word' id='word_1_21' title='bbox 1579 863 1709 927; x_wconf 86' lang='lat' dir='ltr'><strong>hostium.</strong></span> 
     </span>
     <span class='ocr_line' id='line_1_3' title="bbox 420 946 1775 1028; baseline -0.004 -17"><span class='ocrx_word' id='word_1_22' title='bbox 420 971 453 1011; x_wconf 82' lang='lat' dir='ltr'><strong>ea</strong></span> <span class='ocrx_word' id='word_1_23' title='bbox 477 953 589 1028; x_wconf 86' lang='lat' dir='ltr'><strong>quode</strong></span> <span class='ocrx_word' id='word_1_24' title='bbox 611 950 683 1007; x_wconf 79' lang='lat' dir='ltr'><strong>facili</strong></span> <span class='ocrx_word' id='word_1_25' title='bbox 705 952 800 1008; x_wconf 89' lang='lat' dir='ltr'><strong>hostes</strong></span> <span class='ocrx_word' id='word_1_26' title='bbox 822 969 978 1025; x_wconf 79' lang='lat' dir='ltr'><strong>expugnare</strong></span> <span class='ocrx_word' id='word_1_27' title='bbox 1001 952 1118 1025; x_wconf 80' lang='lat' dir='ltr'><strong>possint.</strong></span> <span class='ocrx_word' id='word_1_28' title='bbox 1155 950 1261 1025; x_wconf 86' lang='lat' dir='ltr'><strong>eligunt</strong></span> <span class='ocrx_word' id='word_1_29' title='bbox 1288 949 1384 1024; x_wconf 87' lang='lat' dir='ltr'><strong>itaque</strong></span> <span class='ocrx_word' id='word_1_30' title='bbox 1410 949 1482 1023; x_wconf 88' lang='lat' dir='ltr'><strong>quod</strong></span> <span class='ocrx_word' id='word_1_31' title='bbox 1510 946 1608 1006; x_wconf 86' lang='lat' dir='ltr'><strong>habeat</strong></span> <span class='ocrx_word' id='word_1_32' title='bbox 1633 966 1710 1006; x_wconf 92' lang='lat' dir='ltr'><strong>mon·</strong></span> <span class='ocrx_word' id='word_1_33' title='bbox 1771 975 1775 981; x_wconf 80' lang='lat'>-</span> 
     </span>
     <span class='ocr_line' id='line_1_4' title="bbox 421 1034 1709 1111; baseline -0.005 -15"><span class='ocrx_word' id='word_1_34' title='bbox 421 1047 478 1096; x_wconf 86' lang='lat' dir='ltr'><strong>tem</strong></span> <span class='ocrx_word' id='word_1_35' title='bbox 498 1037 540 1095; x_wconf 85' lang='lat' dir='ltr'><strong>vel</strong></span> <span class='ocrx_word' id='word_1_36' title='bbox 562 1037 674 1094; x_wconf 83' lang='lat' dir='ltr'><strong>durium</strong></span> <span class='ocrx_word' id='word_1_37' title='bbox 696 1035 737 1092; x_wconf 84' lang='lat' dir='ltr'><strong>vel</strong></span> <span class='ocrx_word' id='word_1_38' title='bbox 759 1034 897 1111; x_wconf 77' lang='lat' dir='ltr'><strong>paludem,</strong></span> <span class='ocrx_word' id='word_1_39' title='bbox 921 1036 1020 1110; x_wconf 90' lang='lat' dir='ltr'><strong>quihus</strong></span> <span class='ocrx_word' id='word_1_40' title='bbox 1043 1037 1175 1094; x_wconf 77' lang='lat' dir='ltr'><strong>munitior</strong></span> <span class='ocrx_word' id='word_1_41' title='bbox 1197 1036 1246 1098; x_wconf 89' lang='lat' dir='ltr'><strong>sit;</strong></span> <span class='ocrx_word' id='word_1_42' title='bbox 1275 1052 1355 1109; x_wconf 87' lang='lat' dir='ltr'><strong>quem</strong></span> <span class='ocrx_word' id='word_1_43' title='bbox 1377 1034 1468 1092; x_wconf 91' lang='lat' dir='ltr'><strong>locum</strong></span> <span class='ocrx_word' id='word_1_44' title='bbox 1494 1034 1633 1108; x_wconf 84' lang='lat' dir='ltr'><strong>descripto</strong></span> <span class='ocrx_word' id='word_1_45' title='bbox 1655 1048 1709 1090; x_wconf 82' lang='lat' dir='ltr'><strong>am·</strong></span> 
     </span>
     <span class='ocr_line' id='line_1_5' title="bbox 419 1119 1775 1196; baseline -0.002 -16"><span class='ocrx_word' id='word_1_46' title='bbox 419 1123 481 1180; x_wconf 87' lang='lat' dir='ltr'><strong>bitu</strong></span> <span class='ocrx_word' id='word_1_47' title='bbox 501 1131 654 1180; x_wconf 86' lang='lat' dir='ltr'><strong>castrorum</strong></span> <span class='ocrx_word' id='word_1_48' title='bbox 677 1121 788 1179; x_wconf 76' lang='lat' dir='ltr'><strong>fossatis</strong></span> <span class='ocrx_word' id='word_1_49' title='bbox 809 1120 949 1178; x_wconf 75' lang='lat' dir='ltr'><strong>altissimis</strong></span> <span class='ocrx_word' id='word_1_50' title='bbox 971 1122 1105 1178; x_wconf 89' lang='lat' dir='ltr'><strong>muniunt</strong></span> <span class='ocrx_word' id='word_1_51' title='bbox 1142 1129 1205 1196; x_wconf 85' lang='lat' dir='ltr'><strong>post</strong></span> <span class='ocrx_word' id='word_1_52' title='bbox 1233 1137 1294 1194; x_wconf 88' lang='lat' dir='ltr'><strong>qnae</strong></span> <span class='ocrx_word' id='word_1_53' title='bbox 1322 1128 1476 1194; x_wconf 90' lang='lat' dir='ltr'><strong>sequuntur</strong></span> <span class='ocrx_word' id='word_1_54' title='bbox 1501 1120 1581 1177; x_wconf 88' lang='lat' dir='ltr'><strong>cunei</strong></span> <span class='ocrx_word' id='word_1_55' title='bbox 1607 1119 1775 1185; x_wconf 75' lang='lat' dir='ltr'><strong>acutis-§.ae</strong></span> 
     </span>
     <span class='ocr_line' id='line_1_6' title="bbox 396 1199 1711 1281; baseline -0.005 -15"><span class='ocrx_word' id='word_1_56' title='bbox 396 1208 484 1266; x_wconf 71' lang='lat' dir='ltr'><strong>taini</strong></span> <span class='ocrx_word' id='word_1_57' title='bbox 505 1209 534 1264; x_wconf 92' lang='lat' dir='ltr'><strong>in</strong></span> <span class='ocrx_word' id='word_1_58' title='bbox 554 1207 678 1264; x_wconf 65' lang='lat' dir='ltr'><strong>circuitux</strong></span> <span class='ocrx_word' id='word_1_59' title='bbox 693 1205 816 1264; x_wconf 82' lang='lat' dir='ltr'><strong>cathenis</strong></span> <span class='ocrx_word' id='word_1_60' title='bbox 837 1207 956 1280; x_wconf 80' lang='lat' dir='ltr'><strong>desuper</strong></span> <span class='ocrx_word' id='word_1_61' title='bbox 977 1205 1125 1281; x_wconf 84' lang='lat' dir='ltr'><strong>colligatis.</strong></span> <span class='ocrx_word' id='word_1_62' title='bbox 1162 1206 1287 1280; x_wconf 88' lang='lat' dir='ltr'><strong>sequitur</strong></span> <span class='ocrx_word' id='word_1_63' title='bbox 1314 1214 1410 1280; x_wconf 88' lang='lat' dir='ltr'><strong>postea</strong></span> <span class='ocrx_word' id='word_1_64' title='bbox 1440 1199 1711 1267; x_wconf 74' lang='lat' dir='ltr'><strong>orno·cametorum,</strong></span> 
     </span>
     <span class='ocr_line' id='line_1_7' title="bbox 420 1288 1712 1368; baseline -0.005 -18"><span class='ocrx_word' id='word_1_65' title='bbox 420 1292 469 1368; x_wconf 91' lang='lat' dir='ltr'><strong>qni</strong></span> <span class='ocrx_word' id='word_1_66' title='bbox 490 1301 671 1350; x_wconf 87' lang='lat' dir='ltr'><strong>commeatum</strong></span> <span class='ocrx_word' id='word_1_67' title='bbox 692 1299 722 1348; x_wconf 89' lang='lat' dir='ltr'><strong>ct</strong></span> <span class='ocrx_word' id='word_1_68' title='bbox 743 1291 933 1365; x_wconf 86' lang='lat' dir='ltr'><strong>impedimenta</strong></span> <span class='ocrx_word' id='word_1_69' title='bbox 956 1309 1007 1366; x_wconf 90' lang='lat' dir='ltr'><strong>pro</strong></span> <span class='ocrx_word' id='word_1_70' title='bbox 1029 1309 1082 1349; x_wconf 92' lang='lat' dir='ltr'><strong>usu</strong></span> <span class='ocrx_word' id='word_1_71' title='bbox 1103 1299 1255 1349; x_wconf 87' lang='lat' dir='ltr'><strong>castrorum</strong></span> <span class='ocrx_word' id='word_1_72' title='bbox 1278 1290 1412 1354; x_wconf 86' lang='lat' dir='ltr'><strong>baiulant;</strong></span> <span class='ocrx_word' id='word_1_73' title='bbox 1440 1298 1505 1364; x_wconf 92' lang='lat' dir='ltr'><strong>post</strong></span> <span class='ocrx_word' id='word_1_74' title='bbox 1531 1306 1600 1362; x_wconf 91' lang='lat' dir='ltr'><strong>quos</strong></span> <span class='ocrx_word' id='word_1_75' title='bbox 1622 1288 1712 1345; x_wconf 89' lang='lat' dir='ltr'><strong>minor</strong></span> 
     </span>
     <span class='ocr_line' id='line_1_8' title="bbox 419 1372 1711 1451; baseline -0.005 -16"><span class='ocrx_word' id='word_1_76' title='bbox 419 1377 507 1436; x_wconf 83' lang='lat' dir='ltr'><strong>altera</strong></span> <span class='ocrx_word' id='word_1_77' title='bbox 535 1377 610 1434; x_wconf 83' lang='lat' dir='ltr'><strong>iussa</strong></span> <span class='ocrx_word' id='word_1_78' title='bbox 638 1377 742 1433; x_wconf 82' lang='lat' dir='ltr'><strong>foditur</strong></span> <span class='ocrx_word' id='word_1_79' title='bbox 769 1376 797 1432; x_wconf 89' lang='lat' dir='ltr'><strong>io</strong></span> <span class='ocrx_word' id='word_1_80' title='bbox 826 1376 928 1432; x_wconf 91' lang='lat' dir='ltr'><strong>ambitu</strong></span> <span class='ocrx_word' id='word_1_81' title='bbox 956 1394 1016 1435; x_wconf 86' lang='lat' dir='ltr'><strong>curn</strong></span> <span class='ocrx_word' id='word_1_82' title='bbox 1045 1377 1131 1433; x_wconf 85' lang='lat' dir='ltr'><strong>hastis</strong></span> <span class='ocrx_word' id='word_1_83' title='bbox 1158 1394 1209 1451; x_wconf 86' lang='lat' dir='ltr'><strong>pro</strong></span> <span class='ocrx_word' id='word_1_84' title='bbox 1237 1375 1333 1434; x_wconf 88' lang='lat' dir='ltr'><strong>maiori</strong></span> <span class='ocrx_word' id='word_1_85' title='bbox 1360 1375 1511 1432; x_wconf 88' lang='lat' dir='ltr'><strong>munitione</strong></span> <span class='ocrx_word' id='word_1_86' title='bbox 1538 1374 1565 1429; x_wconf 89' lang='lat' dir='ltr'><strong>in</strong></span> <span class='ocrx_word' id='word_1_87' title='bbox 1595 1372 1711 1431; x_wconf 86' lang='lat' dir='ltr'><strong>circuitu</strong></span> 
     </span>
     <span class='ocr_line' id='line_1_9' title="bbox 419 1451 1711 1540; baseline -0.005 -20"><span class='ocrx_word' id='word_1_88' title='bbox 419 1463 523 1525; x_wconf 75' lang='lat' dir='ltr'><strong>allisis,</strong></span> <span class='ocrx_word' id='word_1_89' title='bbox 546 1479 601 1536; x_wconf 93' lang='lat' dir='ltr'><strong>quo</strong></span> <span class='ocrx_word' id='word_1_90' title='bbox 624 1461 652 1517; x_wconf 91' lang='lat' dir='ltr'><strong>in</strong></span> <span class='ocrx_word' id='word_1_91' title='bbox 667 1461 729 1517; x_wconf 91' lang='lat' dir='ltr'><strong>loco</strong></span> <span class='ocrx_word' id='word_1_92' title='bbox 744 1460 886 1522; x_wconf 67' lang='lat' dir='ltr'><strong>Sar-mori,</strong></span> <span class='ocrx_word' id='word_1_93' title='bbox 909 1461 969 1534; x_wconf 87' lang='lat' dir='ltr'><strong>laya</strong></span> <span class='ocrx_word' id='word_1_94' title='bbox 993 1460 1180 1535; x_wconf 83' lang='lat' dir='ltr'><strong>etttusselym</strong></span> <span class='ocrx_word' id='word_1_95' title='bbox 1201 1460 1355 1518; x_wconf 78' lang='lat' dir='ltr'><strong>mansiones</strong></span> <span class='ocrx_word' id='word_1_96' title='bbox 1378 1468 1406 1516; x_wconf 89' lang='lat' dir='ltr'><strong>et</strong></span> <span class='ocrx_word' id='word_1_97' title='bbox 1426 1462 1472 1516; x_wconf 92' lang='lat' dir='ltr'><strong>ha·</strong></span> <span class='ocrx_word' id='word_1_98' title='bbox 1487 1459 1494 1528; x_wconf 91' lang='grc' dir='ltr'>Ι</span> <span class='ocrx_word' id='word_1_99' title='bbox 1509 1451 1711 1540; x_wconf 55' lang='lat' dir='ltr'><strong>lsslfflffif&#39;·</strong></span> 
     </span>
     <span class='ocr_line' id='line_1_10' title="bbox 415 1542 1712 1621; baseline -0.006 -15"><span class='ocrx_word' id='word_1_100' title='bbox 415 1547 571 1610; x_wconf 32' lang='lat' dir='ltr'><strong>*biutiones</strong></span> <span class='ocrx_word' id='word_1_101' title='bbox 593 1563 656 1602; x_wconf 86' lang='lat' dir='ltr'><strong>suas</strong></span> <span class='ocrx_word' id='word_1_102' title='bbox 677 1545 787 1601; x_wconf 89' lang='lat' dir='ltr'><strong>habent.</strong></span> <span class='ocrx_word' id='word_1_103' title='bbox 824 1553 889 1619; x_wconf 90' lang='lat' dir='ltr'><strong>post</strong></span> <span class='ocrx_word' id='word_1_104' title='bbox 911 1555 952 1602; x_wconf 87' lang='lat' dir='ltr'><strong>tot</strong></span> <span class='ocrx_word' id='word_1_105' title='bbox 975 1545 1075 1603; x_wconf 88' lang='lat' dir='ltr'><strong>validas</strong></span> <span class='ocrx_word' id='word_1_106' title='bbox 1097 1546 1263 1602; x_wconf 79' lang='lat' dir='ltr'><strong>munitiones</strong></span> <span class='ocrx_word' id='word_1_107' title='bbox 1284 1545 1403 1621; x_wconf 82' lang='lat' dir='ltr'><strong>pedites,</strong></span> <span class='ocrx_word' id='word_1_108' title='bbox 1427 1543 1597 1619; x_wconf 87' lang='lat' dir='ltr'><strong>quilaniaari</strong></span> <span class='ocrx_word' id='word_1_109' title='bbox 1619 1542 1712 1600; x_wconf 92' lang='lat' dir='ltr'><strong>dicun·</strong></span> 
     </span>
     <span class='ocr_line' id='line_1_11' title="bbox 387 1627 1711 1707; baseline -0.005 -16"><span class='ocrx_word' id='word_1_110' title='bbox 387 1640 488 1696; x_wconf 69' lang='lat' dir='ltr'><strong>ratur,</strong></span> <span class='ocrx_word' id='word_1_111' title='bbox 504 1649 555 1707; x_wconf 88' lang='lat' dir='ltr'><strong>per</strong></span> <span class='ocrx_word' id='word_1_112' title='bbox 575 1629 740 1705; x_wconf 89' lang='lat' dir='ltr'><strong>multiplices</strong></span> <span class='ocrx_word' id='word_1_113' title='bbox 762 1629 879 1686; x_wconf 78' lang='lat' dir='ltr'><strong>ambitus</strong></span> <span class='ocrx_word' id='word_1_114' title='bbox 902 1630 1052 1705; x_wconf 74' lang='lat' dir='ltr'><strong>papiliones</strong></span> <span class='ocrx_word' id='word_1_115' title='bbox 1075 1639 1104 1688; x_wconf 91' lang='lat' dir='ltr'><strong>et</strong></span> <span class='ocrx_word' id='word_1_116' title='bbox 1125 1631 1245 1687; x_wconf 87' lang='lat' dir='ltr'><strong>tentoria</strong></span> <span class='ocrx_word' id='word_1_117' title='bbox 1259 1649 1308 1699; x_wconf 76' lang='lat' dir='ltr'><strong>sua</strong></span> <span class='ocrx_word' id='word_1_118' title='bbox 1322 1629 1423 1704; x_wconf 80' lang='lat' dir='ltr'><strong>figunt,</strong></span> <span class='ocrx_word' id='word_1_119' title='bbox 1437 1633 1474 1686; x_wconf 78' lang='lat' dir='ltr'><strong>&#39;in</strong></span> <span class='ocrx_word' id='word_1_120' title='bbox 1489 1645 1606 1703; x_wconf 91' lang='lat' dir='ltr'><strong>quorum</strong></span> <span class='ocrx_word' id='word_1_121' title='bbox 1622 1627 1711 1686; x_wconf 84' lang='lat' dir='ltr'><strong>medio</strong></span> 
     </span>
     <span class='ocr_line' id='line_1_12' title="bbox 419 1713 1779 1793; baseline -0.002 -20"><span class='ocrx_word' id='word_1_122' title='bbox 419 1718 571 1793; x_wconf 79' lang='lat' dir='ltr'><strong>imperator</strong></span> <span class='ocrx_word' id='word_1_123' title='bbox 592 1717 652 1790; x_wconf 89' lang='lat' dir='ltr'><strong>ipso</strong></span> <span class='ocrx_word' id='word_1_124' title='bbox 672 1733 735 1772; x_wconf 86' lang='lat' dir='ltr'><strong>curn</strong></span> <span class='ocrx_word' id='word_1_125' title='bbox 757 1715 815 1772; x_wconf 90' lang='lat' dir='ltr'><strong>suis</strong></span> <span class='ocrx_word' id='word_1_126' title='bbox 837 1717 931 1789; x_wconf 90' lang='lat' dir='ltr'><strong>pueris</strong></span> <span class='ocrx_word' id='word_1_127' title='bbox 953 1725 981 1773; x_wconf 88' lang='lat' dir='ltr'><strong>et</strong></span> <span class='ocrx_word' id='word_1_128' title='bbox 1004 1715 1135 1772; x_wconf 83' lang='lat' dir='ltr'><strong>ministris</strong></span> <span class='ocrx_word' id='word_1_129' title='bbox 1157 1716 1330 1773; x_wconf 89' lang='lat' dir='ltr'><strong>ornatissima</strong></span> <span class='ocrx_word' id='word_1_130' title='bbox 1359 1715 1478 1772; x_wconf 89' lang='lat' dir='ltr'><strong>tentoria</strong></span> <span class='ocrx_word' id='word_1_131' title='bbox 1505 1713 1595 1770; x_wconf 81' lang='lat' dir='ltr'><strong>habet</strong></span> <span class='ocrx_word' id='word_1_132' title='bbox 1639 1713 1779 1776; x_wconf 61' lang='lat' dir='ltr'><strong>Emi-snt.</strong></span> 
     </span>
     <span class='ocr_line' id='line_1_13' title="bbox 419 1799 1709 1877; baseline -0.002 -14"><span class='ocrx_word' id='word_1_133' title='bbox 419 1810 487 1863; x_wconf 80' lang='lat' dir='ltr'><strong>sent</strong></span> <span class='ocrx_word' id='word_1_134' title='bbox 507 1810 642 1877; x_wconf 75' lang='lat' dir='ltr'><strong>praeterea</strong></span> <span class='ocrx_word' id='word_1_135' title='bbox 664 1800 718 1858; x_wconf 92' lang='lat' dir='ltr'><strong>duo</strong></span> <span class='ocrx_word' id='word_1_136' title='bbox 741 1799 854 1858; x_wconf 83' lang='lat' dir='ltr'><strong>maxima</strong></span> <span class='ocrx_word' id='word_1_137' title='bbox 877 1818 979 1858; x_wconf 87' lang='lat' dir='ltr'><strong>cornua</strong></span> <span class='ocrx_word' id='word_1_138' title='bbox 1000 1809 1097 1857; x_wconf 86' lang='lat' dir='ltr'><strong>eontra</strong></span> <span class='ocrx_word' id='word_1_139' title='bbox 1119 1801 1229 1864; x_wconf 88' lang='lat' dir='ltr'><strong>hostes.</strong></span> <span class='ocrx_word' id='word_1_140' title='bbox 1252 1810 1348 1858; x_wconf 90' lang='lat' dir='ltr'><strong>contra</strong></span> <span class='ocrx_word' id='word_1_141' title='bbox 1370 1817 1441 1875; x_wconf 91' lang='lat' dir='ltr'><strong>qnos</strong></span> <span class='ocrx_word' id='word_1_142' title='bbox 1456 1799 1637 1875; x_wconf 9' lang='lat' dir='ltr'><strong>&#39;pugnandum</strong></span> <span class='ocrx_word' id='word_1_143' title='bbox 1658 1807 1709 1861; x_wconf 81' lang='lat' dir='ltr'><strong>est.</strong></span> 
     </span>
     <span class='ocr_line' id='line_1_14' title="bbox 418 1883 1713 1963; baseline -0.004 -19"><span class='ocrx_word' id='word_1_144' title='bbox 418 1887 588 1963; x_wconf 81' lang='lat' dir='ltr'><strong>adhaerentia</strong></span> <span class='ocrx_word' id='word_1_145' title='bbox 609 1884 714 1942; x_wconf 91' lang='lat' dir='ltr'><strong>circulo</strong></span> <span class='ocrx_word' id='word_1_146' title='bbox 736 1891 902 1948; x_wconf 87' lang='lat' dir='ltr'><strong>castrorum,</strong></span> <span class='ocrx_word' id='word_1_147' title='bbox 930 1885 958 1942; x_wconf 92' lang='lat' dir='ltr'><strong>in</strong></span> <span class='ocrx_word' id='word_1_148' title='bbox 985 1885 1085 1961; x_wconf 92' lang='lat' dir='ltr'><strong>quibus</strong></span> <span class='ocrx_word' id='word_1_149' title='bbox 1106 1883 1233 1943; x_wconf 88' lang='lat' dir='ltr'><strong>collocati</strong></span> <span class='ocrx_word' id='word_1_150' title='bbox 1261 1894 1326 1942; x_wconf 93' lang='lat' dir='ltr'><strong>sunt</strong></span> <span class='ocrx_word' id='word_1_151' title='bbox 1353 1885 1460 1959; x_wconf 85' lang='lat' dir='ltr'><strong>equites</strong></span> <span class='ocrx_word' id='word_1_152' title='bbox 1482 1901 1543 1941; x_wconf 91' lang='lat' dir='ltr'><strong>cum</strong></span> <span class='ocrx_word' id='word_1_153' title='bbox 1564 1884 1622 1941; x_wconf 88' lang='lat' dir='ltr'><strong>suis</strong></span> <span class='ocrx_word' id='word_1_154' title='bbox 1643 1899 1713 1958; x_wconf 78' lang='lat' dir='ltr'><strong>pre·</strong></span> 
     </span>
     <span class='ocr_line' id='line_1_15' title="bbox 419 1969 1713 2045; baseline -0.005 -14"><span class='ocrx_word' id='word_1_155' title='bbox 419 1972 539 2031; x_wconf 88' lang='lat' dir='ltr'><strong>sidihus:</strong></span> <span class='ocrx_word' id='word_1_156' title='bbox 564 1970 591 2026; x_wconf 95' lang='lat' dir='ltr'><strong>in</strong></span> <span class='ocrx_word' id='word_1_157' title='bbox 614 1988 670 2027; x_wconf 92' lang='lat' dir='ltr'><strong>uno</strong></span> <span class='ocrx_word' id='word_1_158' title='bbox 692 1969 764 2026; x_wconf 90' lang='lat' dir='ltr'><strong>euim</strong></span> <span class='ocrx_word' id='word_1_159' title='bbox 785 1986 870 2026; x_wconf 91' lang='lat' dir='ltr'><strong>cornu</strong></span> <span class='ocrx_word' id='word_1_160' title='bbox 893 1979 958 2026; x_wconf 90' lang='lat' dir='ltr'><strong>sunt</strong></span> <span class='ocrx_word' id='word_1_161' title='bbox 979 1970 1080 2026; x_wconf 85' lang='lat' dir='ltr'><strong>milites</strong></span> <span class='ocrx_word' id='word_1_162' title='bbox 1103 1970 1265 2032; x_wconf 86' lang='lat' dir='ltr'><strong>Thimarcii.</strong></span> <span class='ocrx_word' id='word_1_163' title='bbox 1288 1971 1334 2045; x_wconf 91' lang='lat' dir='ltr'><strong>qui</strong></span> <span class='ocrx_word' id='word_1_164' title='bbox 1357 1987 1438 2045; x_wconf 86' lang='lat' dir='ltr'><strong>agros</strong></span> <span class='ocrx_word' id='word_1_165' title='bbox 1460 1969 1600 2044; x_wconf 87' lang='lat' dir='ltr'><strong>possident</strong></span> <span class='ocrx_word' id='word_1_166' title='bbox 1616 1969 1643 2025; x_wconf 91' lang='lat' dir='ltr'><strong>in</strong></span> <span class='ocrx_word' id='word_1_167' title='bbox 1659 1969 1713 2024; x_wconf 85' lang='lat' dir='ltr'><strong>llo·</strong></span> 
     </span>
     <span class='ocr_line' id='line_1_16' title="bbox 388 2053 1712 2130; baseline -0.001 -19"><span class='ocrx_word' id='word_1_168' title='bbox 388 2057 525 2119; x_wconf 74' lang='lat' dir='ltr'><strong>romania.</strong></span> <span class='ocrx_word' id='word_1_169' title='bbox 549 2055 576 2111; x_wconf 90' lang='lat' dir='ltr'><strong>in</strong></span> <span class='ocrx_word' id='word_1_170' title='bbox 599 2055 686 2112; x_wconf 89' lang='lat' dir='ltr'><strong>altero</strong></span> <span class='ocrx_word' id='word_1_171' title='bbox 708 2071 773 2111; x_wconf 90' lang='lat' dir='ltr'><strong>vero</strong></span> <span class='ocrx_word' id='word_1_172' title='bbox 796 2055 842 2127; x_wconf 91' lang='lat' dir='ltr'><strong>qui</strong></span> <span class='ocrx_word' id='word_1_173' title='bbox 866 2071 947 2129; x_wconf 86' lang='lat' dir='ltr'><strong>agros</strong></span> <span class='ocrx_word' id='word_1_174' title='bbox 969 2055 1111 2130; x_wconf 89' lang='lat' dir='ltr'><strong>possident</strong></span> <span class='ocrx_word' id='word_1_175' title='bbox 1133 2055 1160 2111; x_wconf 90' lang='lat' dir='ltr'><strong>in</strong></span> <span class='ocrx_word' id='word_1_176' title='bbox 1182 2054 1303 2119; x_wconf 85' lang='lat' dir='ltr'><strong>Natolia;</strong></span> <span class='ocrx_word' id='word_1_177' title='bbox 1326 2055 1353 2111; x_wconf 92' lang='lat' dir='ltr'><strong>in</strong></span> <span class='ocrx_word' id='word_1_178' title='bbox 1374 2055 1464 2129; x_wconf 89' lang='lat' dir='ltr'><strong>capite</strong></span> <span class='ocrx_word' id='word_1_179' title='bbox 1486 2071 1549 2110; x_wconf 85' lang='lat' dir='ltr'><strong>vero</strong></span> <span class='ocrx_word' id='word_1_180' title='bbox 1565 2053 1712 2111; x_wconf 89' lang='lat' dir='ltr'><strong>cuiuslibet</strong></span> 
     </span>
     <span class='ocr_line' id='line_1_17' title="bbox 418 2138 1710 2218; baseline -0.005 -17"><span class='ocrx_word' id='word_1_181' title='bbox 418 2142 550 2218; x_wconf 80' lang='lat' dir='ltr'><strong>praesirlet</strong></span> <span class='ocrx_word' id='word_1_182' title='bbox 572 2140 698 2216; x_wconf 90' lang='lat' dir='ltr'><strong>princeps</strong></span> <span class='ocrx_word' id='word_1_183' title='bbox 720 2138 880 2213; x_wconf 85' lang='lat' dir='ltr'><strong>praesidum,</strong></span> <span class='ocrx_word' id='word_1_184' title='bbox 904 2140 930 2197; x_wconf 92' lang='lat' dir='ltr'><strong>id</strong></span> <span class='ocrx_word' id='word_1_185' title='bbox 951 2149 993 2197; x_wconf 86' lang='lat' dir='ltr'><strong>cst</strong></span> <span class='ocrx_word' id='word_1_186' title='bbox 1014 2139 1198 2215; x_wconf 77' lang='lat' dir='ltr'><strong>lleglerbegh:</strong></span> <span class='ocrx_word' id='word_1_187' title='bbox 1226 2148 1253 2197; x_wconf 85' lang='lat' dir='ltr'><strong>at</strong></span> <span class='ocrx_word' id='word_1_188' title='bbox 1282 2141 1309 2197; x_wconf 91' lang='lat' dir='ltr'><strong>in</strong></span> <span class='ocrx_word' id='word_1_189' title='bbox 1337 2140 1426 2197; x_wconf 90' lang='lat' dir='ltr'><strong>medio</strong></span> <span class='ocrx_word' id='word_1_190' title='bbox 1453 2140 1550 2197; x_wconf 85' lang='lat' dir='ltr'><strong>horum</strong></span> <span class='ocrx_word' id='word_1_191' title='bbox 1578 2155 1710 2196; x_wconf 89' lang='lat' dir='ltr'><strong>cornuum</strong></span> 
     </span>
     <span class='ocr_line' id='line_1_18' title="bbox 404 2223 1710 2301; baseline -0.005 -16"><span class='ocrx_word' id='word_1_192' title='bbox 404 2227 548 2285; x_wconf 69' lang='lat' dir='ltr'><strong>locantur</strong></span> <span class='ocrx_word' id='word_1_193' title='bbox 569 2242 664 2282; x_wconf 91' lang='lat' dir='ltr'><strong>omnes</strong></span> <span class='ocrx_word' id='word_1_194' title='bbox 685 2224 814 2283; x_wconf 87' lang='lat' dir='ltr'><strong>custodes</strong></span> <span class='ocrx_word' id='word_1_195' title='bbox 836 2225 961 2300; x_wconf 88' lang='lat' dir='ltr'><strong>corporis</strong></span> <span class='ocrx_word' id='word_1_196' title='bbox 976 2225 1166 2301; x_wconf 82' lang='lat' dir='ltr'><strong>lmperatoris‚</strong></span> <span class='ocrx_word' id='word_1_197' title='bbox 1189 2226 1242 2283; x_wconf 90' lang='lat' dir='ltr'><strong>hoc</strong></span> <span class='ocrx_word' id='word_1_198' title='bbox 1261 2234 1304 2283; x_wconf 90' lang='lat' dir='ltr'><strong>est</strong></span> <span class='ocrx_word' id='word_1_199' title='bbox 1319 2224 1509 2300; x_wconf 89' lang='lat' dir='ltr'><strong>Spahioglani.</strong></span> <span class='ocrx_word' id='word_1_200' title='bbox 1533 2223 1710 2299; x_wconf 87' lang='lat' dir='ltr'><strong>Soluphtarii,</strong></span> 
     </span>
     <span class='ocr_line' id='line_1_19' title="bbox 418 2307 1712 2385; baseline -0.003 -16"><span class='ocrx_word' id='word_1_201' title='bbox 418 2310 556 2370; x_wconf 76' lang='lat' dir='ltr'><strong>Ssslacclsii</strong></span> <span class='ocrx_word' id='word_1_202' title='bbox 579 2317 608 2367; x_wconf 90' lang='lat' dir='ltr'><strong>et</strong></span> <span class='ocrx_word' id='word_1_203' title='bbox 628 2309 722 2368; x_wconf 82' lang='lat' dir='ltr'><strong>creteri</strong></span> <span class='ocrx_word' id='word_1_204' title='bbox 744 2307 842 2373; x_wconf 88' lang='lat' dir='ltr'><strong>aulici;</strong></span> <span class='ocrx_word' id='word_1_205' title='bbox 870 2319 934 2385; x_wconf 88' lang='lat' dir='ltr'><strong>post</strong></span> <span class='ocrx_word' id='word_1_206' title='bbox 956 2328 1025 2383; x_wconf 85' lang='lat' dir='ltr'><strong>quos</strong></span> <span class='ocrx_word' id='word_1_207' title='bbox 1053 2311 1153 2368; x_wconf 91' lang='lat' dir='ltr'><strong>situata</strong></span> <span class='ocrx_word' id='word_1_208' title='bbox 1176 2319 1241 2368; x_wconf 90' lang='lat' dir='ltr'><strong>suot</strong></span> <span class='ocrx_word' id='word_1_209' title='bbox 1262 2310 1333 2368; x_wconf 88' lang='lat' dir='ltr'><strong>varia</strong></span> <span class='ocrx_word' id='word_1_210' title='bbox 1355 2328 1456 2384; x_wconf 86' lang='lat' dir='ltr'><strong>genera</strong></span> <span class='ocrx_word' id='word_1_211' title='bbox 1478 2309 1661 2366; x_wconf 85' lang='lat' dir='ltr'><strong>machinarum</strong></span> <span class='ocrx_word' id='word_1_212' title='bbox 1683 2317 1712 2365; x_wconf 88' lang='lat' dir='ltr'><strong>et</strong></span> 
     </span>
    </p>
   </div>
   <div class='ocr_carea' id='block_1_3' title="bbox 417 2387 1871 2476">
    <p class='ocr_par' dir='ltr' id='par_1_3' title="bbox 417 2387 1871 2476">
     <span class='ocr_line' id='line_1_20' title="bbox 417 2387 1871 2476; baseline -0.002 -24"><span class='ocrx_word' id='word_1_213' title='bbox 417 2404 630 2454; x_wconf 87' lang='lat' dir='ltr'><strong>tormentorum.</strong></span> <span class='ocrx_word' id='word_1_214' title='bbox 673 2395 739 2451; x_wconf 87' lang='lat' dir='ltr'><strong>Cum</strong></span> <span class='ocrx_word' id='word_1_215' title='bbox 761 2394 847 2467; x_wconf 86' lang='lat' dir='ltr'><strong>igitur</strong></span> <span class='ocrx_word' id='word_1_216' title='bbox 867 2397 1043 2469; x_wconf 86' lang='lat' dir='ltr'><strong>pugnandum</strong></span> <span class='ocrx_word' id='word_1_217' title='bbox 1065 2402 1120 2459; x_wconf 87' lang='lat' dir='ltr'><strong>est,</strong></span> <span class='ocrx_word' id='word_1_218' title='bbox 1143 2395 1171 2451; x_wconf 92' lang='lat' dir='ltr'><strong>in</strong></span> <span class='ocrx_word' id='word_1_219' title='bbox 1195 2413 1247 2470; x_wconf 90' lang='lat' dir='ltr'><strong>qua</strong></span> <span class='ocrx_word' id='word_1_220' title='bbox 1270 2404 1347 2471; x_wconf 88' lang='lat' dir='ltr'><strong>parte</strong></span> <span class='ocrx_word' id='word_1_221' title='bbox 1368 2394 1475 2470; x_wconf 87' lang='lat' dir='ltr'><strong>imperii</strong></span> <span class='ocrx_word' id='word_1_222' title='bbox 1503 2393 1560 2451; x_wconf 89' lang='lat' dir='ltr'><strong>bel·</strong></span> <span class='ocrx_word' id='word_1_223' title='bbox 1580 2388 1589 2460; x_wconf 93' lang='grc' dir='ltr'>Ι</span> <span class='ocrx_word' id='word_1_224' title='bbox 1609 2387 1778 2476; x_wconf 47' lang='lat' dir='ltr'><strong>mpero.</strong></span> <span class='ocrx_word' id='word_1_225' title='bbox 1865 2399 1871 2419; x_wconf 77' lang='lat'>⁸</span> 
     </span>
    </p>
   </div>
   <div class='ocr_carea' id='block_1_4' title="bbox 383 2477 1780 4934">
    <p class='ocr_par' dir='ltr' id='par_1_4' title="bbox 383 2477 1780 4934">
     <span class='ocr_line' id='line_1_21' title="bbox 391 2477 1712 2556; baseline -0.002 -19"><span class='ocrx_word' id='word_1_226' title='bbox 391 2481 477 2540; x_wconf 84' lang='lat' dir='ltr'><strong>aslum</strong></span> <span class='ocrx_word' id='word_1_227' title='bbox 500 2480 651 2556; x_wconf 89' lang='lat' dir='ltr'><strong>gerendum</strong></span> <span class='ocrx_word' id='word_1_228' title='bbox 673 2488 729 2543; x_wconf 91' lang='lat' dir='ltr'><strong>est,</strong></span> <span class='ocrx_word' id='word_1_229' title='bbox 752 2477 921 2554; x_wconf 83' lang='lat' dir='ltr'><strong>Reglerbegh</strong></span> <span class='ocrx_word' id='word_1_230' title='bbox 944 2479 1018 2537; x_wconf 90' lang='lat' dir='ltr'><strong>illius</strong></span> <span class='ocrx_word' id='word_1_231' title='bbox 1040 2480 1127 2556; x_wconf 89' lang='lat' dir='ltr'><strong>partis</strong></span> <span class='ocrx_word' id='word_1_232' title='bbox 1148 2497 1208 2537; x_wconf 85' lang='lat' dir='ltr'><strong>cum</strong></span> <span class='ocrx_word' id='word_1_233' title='bbox 1232 2481 1289 2538; x_wconf 90' lang='lat' dir='ltr'><strong>suis</strong></span> <span class='ocrx_word' id='word_1_234' title='bbox 1311 2480 1472 2555; x_wconf 73' lang='lat' dir='ltr'><strong>praesidibus</strong></span> <span class='ocrx_word' id='word_1_235' title='bbox 1500 2496 1617 2553; x_wconf 86' lang='lat' dir='ltr'><strong>pugnam</strong></span> <span class='ocrx_word' id='word_1_236' title='bbox 1646 2479 1712 2535; x_wconf 92' lang='lat' dir='ltr'><strong>inci·</strong></span> 
     </span>
     <span class='ocr_line' id='line_1_22' title="bbox 418 2562 1710 2642; baseline -0.003 -19"><span class='ocrx_word' id='word_1_237' title='bbox 418 2568 475 2642; x_wconf 87' lang='lat' dir='ltr'><strong>pit:</strong></span> <span class='ocrx_word' id='word_1_238' title='bbox 506 2565 626 2640; x_wconf 92' lang='lat' dir='ltr'><strong>quodsi</strong></span> <span class='ocrx_word' id='word_1_239' title='bbox 649 2564 797 2638; x_wconf 88' lang='lat' dir='ltr'><strong>contigerit</strong></span> <span class='ocrx_word' id='word_1_240' title='bbox 819 2562 920 2620; x_wconf 89' lang='lat' dir='ltr'><strong>milites</strong></span> <span class='ocrx_word' id='word_1_241' title='bbox 951 2564 1024 2621; x_wconf 92' lang='lat' dir='ltr'><strong>illins</strong></span> <span class='ocrx_word' id='word_1_242' title='bbox 1052 2582 1139 2621; x_wconf 90' lang='lat' dir='ltr'><strong>cornu</strong></span> <span class='ocrx_word' id='word_1_243' title='bbox 1168 2564 1201 2621; x_wconf 88' lang='lat' dir='ltr'><strong>ab</strong></span> <span class='ocrx_word' id='word_1_244' title='bbox 1229 2565 1354 2622; x_wconf 89' lang='lat' dir='ltr'><strong>hostibus</strong></span> <span class='ocrx_word' id='word_1_245' title='bbox 1383 2564 1519 2639; x_wconf 86' lang='lat' dir='ltr'><strong>superari,</strong></span> <span class='ocrx_word' id='word_1_246' title='bbox 1554 2581 1617 2620; x_wconf 77' lang='lat' dir='ltr'><strong>mor</strong></span> <span class='ocrx_word' id='word_1_247' title='bbox 1638 2562 1710 2620; x_wconf 90' lang='lat' dir='ltr'><strong>aliud</strong></span> 
     </span>
     <span class='ocr_line' id='line_1_23' title="bbox 417 2649 1711 2724; baseline -0.004 -15"><span class='ocrx_word' id='word_1_248' title='bbox 417 2669 506 2709; x_wconf 85' lang='lat' dir='ltr'><strong>cornu</strong></span> <span class='ocrx_word' id='word_1_249' title='bbox 530 2668 611 2724; x_wconf 89' lang='lat' dir='ltr'><strong>opem</strong></span> <span class='ocrx_word' id='word_1_250' title='bbox 634 2650 695 2706; x_wconf 86' lang='lat' dir='ltr'><strong>lert.</strong></span> <span class='ocrx_word' id='word_1_251' title='bbox 739 2649 874 2723; x_wconf 90' lang='lat' dir='ltr'><strong>superatis</strong></span> <span class='ocrx_word' id='word_1_252' title='bbox 897 2649 1028 2707; x_wconf 91' lang='lat' dir='ltr'><strong>ambobus</strong></span> <span class='ocrx_word' id='word_1_253' title='bbox 1050 2649 1187 2707; x_wconf 90' lang='lat' dir='ltr'><strong>cornubus</strong></span> <span class='ocrx_word' id='word_1_254' title='bbox 1210 2659 1347 2724; x_wconf 87' lang='lat' dir='ltr'><strong>pugnatur</strong></span> <span class='ocrx_word' id='word_1_255' title='bbox 1362 2650 1435 2707; x_wconf 88' lang='lat' dir='ltr'><strong>omni</strong></span> <span class='ocrx_word' id='word_1_256' title='bbox 1451 2666 1551 2723; x_wconf 87' lang='lat' dir='ltr'><strong>genere</strong></span> <span class='ocrx_word' id='word_1_257' title='bbox 1566 2649 1711 2723; x_wconf 80' lang='lat' dir='ltr'><strong>llusselym</strong></span> 
     </span>
     <span class='ocr_line' id='line_1_24' title="bbox 419 2734 1710 2810; baseline -0.002 -16"><span class='ocrx_word' id='word_1_258' title='bbox 419 2744 447 2794; x_wconf 85' lang='lat' dir='ltr'><strong>et</strong></span> <span class='ocrx_word' id='word_1_259' title='bbox 469 2744 685 2799; x_wconf 89' lang='lat' dir='ltr'><strong>tormentorum;</strong></span> <span class='ocrx_word' id='word_1_260' title='bbox 706 2735 835 2809; x_wconf 87' lang='lat' dir='ltr'><strong>deinceps</strong></span> <span class='ocrx_word' id='word_1_261' title='bbox 857 2735 986 2792; x_wconf 85' lang='lat' dir='ltr'><strong>custodes</strong></span> <span class='ocrx_word' id='word_1_262' title='bbox 1008 2736 1133 2810; x_wconf 86' lang='lat' dir='ltr'><strong>corporis</strong></span> <span class='ocrx_word' id='word_1_263' title='bbox 1156 2753 1251 2793; x_wconf 87' lang='lat' dir='ltr'><strong>manus</strong></span> <span class='ocrx_word' id='word_1_264' title='bbox 1277 2744 1439 2798; x_wconf 89' lang='lat' dir='ltr'><strong>conserunt;</strong></span> <span class='ocrx_word' id='word_1_265' title='bbox 1470 2734 1566 2790; x_wconf 87' lang='lat' dir='ltr'><strong>ultimo</strong></span> <span class='ocrx_word' id='word_1_266' title='bbox 1589 2734 1710 2791; x_wconf 88' lang='lat' dir='ltr'><strong>laniaarii</strong></span> 
     </span>
     <span class='ocr_line' id='line_1_25' title="bbox 419 2820 1712 2897; baseline -0.002 -18"><span class='ocrx_word' id='word_1_267' title='bbox 419 2821 616 2897; x_wconf 87' lang='lat' dir='ltr'><strong>imperatorem</strong></span> <span class='ocrx_word' id='word_1_268' title='bbox 639 2820 728 2893; x_wconf 89' lang='lat' dir='ltr'><strong>ipsum</strong></span> <span class='ocrx_word' id='word_1_269' title='bbox 751 2820 777 2875; x_wconf 91' lang='lat' dir='ltr'><strong>io</strong></span> <span class='ocrx_word' id='word_1_270' title='bbox 800 2820 888 2877; x_wconf 90' lang='lat' dir='ltr'><strong>medio</strong></span> <span class='ocrx_word' id='word_1_271' title='bbox 910 2820 1024 2877; x_wconf 87' lang='lat' dir='ltr'><strong>duorum</strong></span> <span class='ocrx_word' id='word_1_272' title='bbox 1047 2838 1180 2877; x_wconf 88' lang='lat' dir='ltr'><strong>cornuum</strong></span> <span class='ocrx_word' id='word_1_273' title='bbox 1202 2821 1351 2882; x_wconf 88' lang='lat' dir='ltr'><strong>collocant,</strong></span> <span class='ocrx_word' id='word_1_274' title='bbox 1374 2820 1501 2876; x_wconf 82' lang='lat' dir='ltr'><strong>neforto</strong></span> <span class='ocrx_word' id='word_1_275' title='bbox 1524 2827 1630 2875; x_wconf 88' lang='lat' dir='ltr'><strong>vertens</strong></span> <span class='ocrx_word' id='word_1_276' title='bbox 1653 2820 1712 2894; x_wconf 90' lang='lat' dir='ltr'><strong>ipse</strong></span> 
     </span>
     <span class='ocr_line' id='line_1_26' title="bbox 384 2903 1547 2981; baseline -0.003 -20"><span class='ocrx_word' id='word_1_277' title='bbox 384 2915 499 2981; x_wconf 79' lang='lat' dir='ltr'><strong>asterga</strong></span> <span class='ocrx_word' id='word_1_278' title='bbox 521 2904 648 2962; x_wconf 83' lang='lat' dir='ltr'><strong>hostibus</strong></span> <span class='ocrx_word' id='word_1_279' title='bbox 669 2922 765 2961; x_wconf 85' lang='lat' dir='ltr'><strong>caussa</strong></span> <span class='ocrx_word' id='word_1_280' title='bbox 787 2903 981 2962; x_wconf 86' lang='lat' dir='ltr'><strong>internecionis</strong></span> <span class='ocrx_word' id='word_1_281' title='bbox 1004 2906 1091 2963; x_wconf 89' lang='lat' dir='ltr'><strong>totius</strong></span> <span class='ocrx_word' id='word_1_282' title='bbox 1113 2905 1247 2965; x_wconf 81' lang='lat' dir='ltr'><strong>exercitus</strong></span> <span class='ocrx_word' id='word_1_283' title='bbox 1269 2914 1395 2963; x_wconf 84' lang='lat' dir='ltr'><strong>constare</strong></span> <span class='ocrx_word' id='word_1_284' title='bbox 1417 2905 1547 2960; x_wconf 83' lang='lat' dir='ltr'><strong>rideatur.</strong></span> 
     </span>
     <span class='ocr_line' id='line_1_27' title="bbox 505 2988 1780 3065; baseline -0.002 -18"><span class='ocrx_word' id='word_1_285' title='bbox 505 2990 567 3047; x_wconf 88' lang='lat' dir='ltr'><strong>llaec</strong></span> <span class='ocrx_word' id='word_1_286' title='bbox 589 2996 654 3045; x_wconf 90' lang='lat' dir='ltr'><strong>sunt</strong></span> <span class='ocrx_word' id='word_1_287' title='bbox 682 3006 743 3062; x_wconf 81' lang='lat' dir='ltr'><strong>quae</strong></span> <span class='ocrx_word' id='word_1_288' title='bbox 769 2989 803 3045; x_wconf 90' lang='lat' dir='ltr'><strong>de</strong></span> <span class='ocrx_word' id='word_1_289' title='bbox 831 2989 945 3064; x_wconf 89' lang='lat' dir='ltr'><strong>imperio</strong></span> <span class='ocrx_word' id='word_1_290' title='bbox 972 2991 1120 3047; x_wconf 85' lang='lat' dir='ltr'><strong>ancarum</strong></span> <span class='ocrx_word' id='word_1_291' title='bbox 1146 2988 1237 3064; x_wconf 89' lang='lat' dir='ltr'><strong>longis</strong></span> <span class='ocrx_word' id='word_1_292' title='bbox 1265 2988 1533 3065; x_wconf 79' lang='lat' dir='ltr'><strong>peregrinationibus</strong></span> <span class='ocrx_word' id='word_1_293' title='bbox 1562 2988 1780 3063; x_wconf 67' lang='lat' dir='ltr'><strong>suttittqnerar.</strong></span> 
     </span>
     <span class='ocr_line' id='line_1_28' title="bbox 418 3074 1712 3150; baseline -0.004 -17"><span class='ocrx_word' id='word_1_294' title='bbox 418 3075 596 3150; x_wconf 76' lang='lat' dir='ltr'><strong>indagatione</strong></span> <span class='ocrx_word' id='word_1_295' title='bbox 617 3075 813 3148; x_wconf 87' lang='lat' dir='ltr'><strong>comperimus,</strong></span> <span class='ocrx_word' id='word_1_296' title='bbox 837 3075 937 3150; x_wconf 87' lang='lat' dir='ltr'><strong>quippe</strong></span> <span class='ocrx_word' id='word_1_297' title='bbox 959 3094 1019 3132; x_wconf 89' lang='lat' dir='ltr'><strong>cum</strong></span> <span class='ocrx_word' id='word_1_298' title='bbox 1042 3075 1136 3132; x_wconf 86' lang='lat' dir='ltr'><strong>civitas</strong></span> <span class='ocrx_word' id='word_1_299' title='bbox 1159 3084 1253 3131; x_wconf 90' lang='lat' dir='ltr'><strong>nostra</strong></span> <span class='ocrx_word' id='word_1_300' title='bbox 1274 3076 1438 3150; x_wconf 88' lang='lat' dir='ltr'><strong>llagusinm,</strong></span> <span class='ocrx_word' id='word_1_301' title='bbox 1468 3091 1528 3148; x_wconf 73' lang='lat' dir='ltr'><strong>cquae</strong></span> <span class='ocrx_word' id='word_1_302' title='bbox 1551 3074 1578 3128; x_wconf 94' lang='lat' dir='ltr'><strong>in</strong></span> <span class='ocrx_word' id='word_1_303' title='bbox 1600 3074 1712 3130; x_wconf 87' lang='lat' dir='ltr'><strong>conlini-</strong></span> 
     </span>
     <span class='ocr_line' id='line_1_29' title="bbox 418 3158 1711 3234; baseline -0.002 -17"><span class='ocrx_word' id='word_1_304' title='bbox 418 3161 471 3218; x_wconf 92' lang='lat' dir='ltr'><strong>bus</strong></span> <span class='ocrx_word' id='word_1_305' title='bbox 494 3162 618 3234; x_wconf 82' lang='lat' dir='ltr'><strong>ipsomm</strong></span> <span class='ocrx_word' id='word_1_306' title='bbox 640 3159 691 3215; x_wconf 90' lang='lat' dir='ltr'><strong>sita</strong></span> <span class='ocrx_word' id='word_1_307' title='bbox 714 3167 768 3221; x_wconf 88' lang='lat' dir='ltr'><strong>est.</strong></span> <span class='ocrx_word' id='word_1_308' title='bbox 792 3159 989 3234; x_wconf 88' lang='lat' dir='ltr'><strong>quamplurima</strong></span> <span class='ocrx_word' id='word_1_309' title='bbox 1010 3159 1173 3217; x_wconf 85' lang='lat' dir='ltr'><strong>commercia</strong></span> <span class='ocrx_word' id='word_1_310' title='bbox 1194 3178 1255 3217; x_wconf 89' lang='lat' dir='ltr'><strong>curn</strong></span> <span class='ocrx_word' id='word_1_311' title='bbox 1277 3160 1406 3232; x_wconf 88' lang='lat' dir='ltr'><strong>gentibus</strong></span> <span class='ocrx_word' id='word_1_312' title='bbox 1435 3158 1488 3215; x_wconf 91' lang='lat' dir='ltr'><strong>illis</strong></span> <span class='ocrx_word' id='word_1_313' title='bbox 1515 3158 1627 3220; x_wconf 88' lang='lat' dir='ltr'><strong>habeat,</strong></span> <span class='ocrx_word' id='word_1_314' title='bbox 1657 3177 1711 3215; x_wconf 91' lang='lat' dir='ltr'><strong>non</strong></span> 
     </span>
     <span class='ocr_line' id='line_1_30' title="bbox 417 3242 1712 3321; baseline -0.003 -18"><span class='ocrx_word' id='word_1_315' title='bbox 417 3248 521 3303; x_wconf 78' lang='lat' dir='ltr'><strong>desum</strong></span> <span class='ocrx_word' id='word_1_316' title='bbox 542 3244 622 3301; x_wconf 89' lang='lat' dir='ltr'><strong>nobis</strong></span> <span class='ocrx_word' id='word_1_317' title='bbox 651 3243 794 3300; x_wconf 77' lang='lat' dir='ltr'><strong>facultates</strong></span> <span class='ocrx_word' id='word_1_318' title='bbox 823 3244 930 3318; x_wconf 86' lang='lat' dir='ltr'><strong>singula</strong></span> <span class='ocrx_word' id='word_1_319' title='bbox 960 3246 1152 3320; x_wconf 80' lang='lat' dir='ltr'><strong>perquirendi;</strong></span> <span class='ocrx_word' id='word_1_320' title='bbox 1181 3264 1241 3320; x_wconf 86' lang='lat' dir='ltr'><strong>quae</strong></span> <span class='ocrx_word' id='word_1_321' title='bbox 1270 3246 1377 3320; x_wconf 90' lang='lat' dir='ltr'><strong>quidem</strong></span> <span class='ocrx_word' id='word_1_322' title='bbox 1396 3242 1501 3321; x_wconf 15' lang='lat' dir='ltr'><strong>‘humili</strong></span> <span class='ocrx_word' id='word_1_323' title='bbox 1530 3261 1655 3300; x_wconf 85' lang='lat' dir='ltr'><strong>sermone</strong></span> <span class='ocrx_word' id='word_1_324' title='bbox 1681 3252 1712 3301; x_wconf 79' lang='lat' dir='ltr'><strong>&#39;et</strong></span> 
     </span>
     <span class='ocr_line' id='line_1_31' title="bbox 383 3328 1712 3405; baseline -0.002 -18"><span class='ocrx_word' id='word_1_325' title='bbox 383 3332 480 3388; x_wconf 79' lang='lat' dir='ltr'><strong>sosine</strong></span> <span class='ocrx_word' id='word_1_326' title='bbox 502 3329 559 3387; x_wconf 91' lang='lat' dir='ltr'><strong>ullo</strong></span> <span class='ocrx_word' id='word_1_327' title='bbox 582 3328 725 3402; x_wconf 80' lang='lat' dir='ltr'><strong>elegantiae</strong></span> <span class='ocrx_word' id='word_1_328' title='bbox 749 3329 810 3386; x_wconf 88' lang='lat' dir='ltr'><strong>luco</strong></span> <span class='ocrx_word' id='word_1_329' title='bbox 833 3330 1006 3405; x_wconf 88' lang='lat' dir='ltr'><strong>scripsimus,</strong></span> <span class='ocrx_word' id='word_1_330' title='bbox 1029 3349 1085 3388; x_wconf 93' lang='lat' dir='ltr'><strong>non</strong></span> <span class='ocrx_word' id='word_1_331' title='bbox 1108 3331 1139 3388; x_wconf 91' lang='lat' dir='ltr'><strong>ad</strong></span> <span class='ocrx_word' id='word_1_332' title='bbox 1163 3347 1207 3387; x_wconf 88' lang='lat' dir='ltr'><strong>res</strong></span> <span class='ocrx_word' id='word_1_333' title='bbox 1223 3332 1370 3388; x_wconf 79' lang='lat' dir='ltr'><strong>Tuscorum</strong></span> <span class='ocrx_word' id='word_1_334' title='bbox 1391 3328 1559 3387; x_wconf 78' lang='lat' dir='ltr'><strong>extollendos</strong></span> <span class='ocrx_word' id='word_1_335' title='bbox 1582 3337 1609 3385; x_wconf 91' lang='lat' dir='ltr'><strong>et</strong></span> <span class='ocrx_word' id='word_1_336' title='bbox 1624 3330 1656 3385; x_wconf 93' lang='lat' dir='ltr'><strong>ad</strong></span> <span class='ocrx_word' id='word_1_337' title='bbox 1673 3329 1712 3385; x_wconf 93' lang='lat' dir='ltr'><strong>in-</strong></span> 
     </span>
     <span class='ocr_line' id='line_1_32' title="bbox 417 3413 1710 3490; baseline -0.003 -16"><span class='ocrx_word' id='word_1_338' title='bbox 417 3415 577 3474; x_wconf 87' lang='lat' dir='ltr'><strong>cutiendum</strong></span> <span class='ocrx_word' id='word_1_339' title='bbox 600 3421 733 3470; x_wconf 89' lang='lat' dir='ltr'><strong>terrorem</strong></span> <span class='ocrx_word' id='word_1_340' title='bbox 761 3413 893 3471; x_wconf 86' lang='lat' dir='ltr'><strong>llaiestati</strong></span> <span class='ocrx_word' id='word_1_341' title='bbox 922 3426 1018 3473; x_wconf 84' lang='lat' dir='ltr'><strong>vestras</strong></span> <span class='ocrx_word' id='word_1_342' title='bbox 1048 3424 1076 3473; x_wconf 90' lang='lat' dir='ltr'><strong>et</strong></span> <span class='ocrx_word' id='word_1_343' title='bbox 1105 3415 1212 3472; x_wconf 83' lang='lat' dir='ltr'><strong>caeteris</strong></span> <span class='ocrx_word' id='word_1_344' title='bbox 1241 3415 1409 3490; x_wconf 89' lang='lat' dir='ltr'><strong>principibus</strong></span> <span class='ocrx_word' id='word_1_345' title='bbox 1437 3414 1610 3476; x_wconf 83' lang='lat' dir='ltr'><strong>Christianis,</strong></span> <span class='ocrx_word' id='word_1_346' title='bbox 1646 3416 1710 3489; x_wconf 91' lang='lat' dir='ltr'><strong>quin</strong></span> 
     </span>
     <span class='ocr_line' id='line_1_33' title="bbox 418 3498 1710 3576; baseline 0 -20"><span class='ocrx_word' id='word_1_347' title='bbox 418 3501 515 3576; x_wconf 91' lang='lat' dir='ltr'><strong>potins</strong></span> <span class='ocrx_word' id='word_1_348' title='bbox 535 3508 566 3555; x_wconf 91' lang='lat' dir='ltr'><strong>ut</strong></span> <span class='ocrx_word' id='word_1_349' title='bbox 587 3498 688 3556; x_wconf 89' lang='lat' dir='ltr'><strong>clarius</strong></span> <span class='ocrx_word' id='word_1_350' title='bbox 710 3498 769 3556; x_wconf 90' lang='lat' dir='ltr'><strong>solo</strong></span> <span class='ocrx_word' id='word_1_351' title='bbox 790 3501 1054 3565; x_wconf 86' lang='lat' dir='ltr'><strong>demonstraremus,</strong></span> <span class='ocrx_word' id='word_1_352' title='bbox 1084 3501 1106 3557; x_wconf 94' lang='lat' dir='ltr'><strong>si</strong></span> <span class='ocrx_word' id='word_1_353' title='bbox 1136 3501 1187 3575; x_wconf 87' lang='lat' dir='ltr'><strong>ipsi</strong></span> <span class='ocrx_word' id='word_1_354' title='bbox 1210 3501 1354 3557; x_wconf 86' lang='lat' dir='ltr'><strong>Christiani</strong></span> <span class='ocrx_word' id='word_1_355' title='bbox 1383 3499 1532 3575; x_wconf 87' lang='lat' dir='ltr'><strong>potentiam</strong></span> <span class='ocrx_word' id='word_1_356' title='bbox 1563 3499 1710 3556; x_wconf 82' lang='lat' dir='ltr'><strong>Turcarum</strong></span> 
     </span>
     <span class='ocr_line' id='line_1_34' title="bbox 419 3584 1709 3660; baseline -0.002 -17"><span class='ocrx_word' id='word_1_357' title='bbox 419 3595 497 3643; x_wconf 85' lang='lat' dir='ltr'><strong>recto</strong></span> <span class='ocrx_word' id='word_1_358' title='bbox 520 3584 621 3641; x_wconf 89' lang='lat' dir='ltr'><strong>iudicio</strong></span> <span class='ocrx_word' id='word_1_359' title='bbox 643 3585 851 3658; x_wconf 85' lang='lat' dir='ltr'><strong>perpendissent</strong></span> <span class='ocrx_word' id='word_1_360' title='bbox 879 3588 1003 3660; x_wconf 85' lang='lat' dir='ltr'><strong>viresqne</strong></span> <span class='ocrx_word' id='word_1_361' title='bbox 1032 3603 1096 3642; x_wconf 86' lang='lat' dir='ltr'><strong>snas</strong></span> <span class='ocrx_word' id='word_1_362' title='bbox 1119 3586 1308 3660; x_wconf 83' lang='lat' dir='ltr'><strong>agnovissent.</strong></span> <span class='ocrx_word' id='word_1_363' title='bbox 1339 3584 1516 3660; x_wconf 88' lang='lat' dir='ltr'><strong>iampridem</strong></span> <span class='ocrx_word' id='word_1_364' title='bbox 1538 3585 1571 3640; x_wconf 91' lang='lat' dir='ltr'><strong>de</strong></span> <span class='ocrx_word' id='word_1_365' title='bbox 1595 3585 1709 3658; x_wconf 88' lang='lat' dir='ltr'><strong>imperio</strong></span> 
     </span>
     <span class='ocr_line' id='line_1_35' title="bbox 419 3666 1780 3749; baseline -0.004 -21"><span class='ocrx_word' id='word_1_366' title='bbox 419 3671 569 3749; x_wconf 74' lang='lat' dir='ltr'><strong>Terrarum</strong></span> <span class='ocrx_word' id='word_1_367' title='bbox 590 3677 679 3727; x_wconf 87' lang='lat' dir='ltr'><strong>actum</strong></span> <span class='ocrx_word' id='word_1_368' title='bbox 701 3686 771 3725; x_wconf 91' lang='lat' dir='ltr'><strong>esse.</strong></span> <span class='ocrx_word' id='word_1_369' title='bbox 814 3669 890 3728; x_wconf 87' lang='lat' dir='ltr'><strong>Nunc</strong></span> <span class='ocrx_word' id='word_1_370' title='bbox 912 3666 1005 3745; x_wconf 82' lang='lat' dir='ltr'><strong>quaeso</strong></span> <span class='ocrx_word' id='word_1_371' title='bbox 1028 3671 1223 3727; x_wconf 87' lang='lat' dir='ltr'><strong>animadvertat</strong></span> <span class='ocrx_word' id='word_1_372' title='bbox 1244 3672 1367 3728; x_wconf 85' lang='lat' dir='ltr'><strong>llaisstas</strong></span> <span class='ocrx_word' id='word_1_373' title='bbox 1396 3678 1500 3732; x_wconf 87' lang='lat' dir='ltr'><strong>vestra,</strong></span> <span class='ocrx_word' id='word_1_374' title='bbox 1530 3669 1576 3744; x_wconf 94' lang='lat' dir='ltr'><strong>qni</strong></span> <span class='ocrx_word' id='word_1_375' title='bbox 1607 3669 1780 3726; x_wconf 72' lang='lat' dir='ltr'><strong>[uerteren-</strong></span> 
     </span>
     <span class='ocr_line' id='line_1_36' title="bbox 384 3754 1713 3830; baseline -0.003 -17"><span class='ocrx_word' id='word_1_376' title='bbox 384 3765 485 3813; x_wconf 80' lang='lat' dir='ltr'><strong>aaante</strong></span> <span class='ocrx_word' id='word_1_377' title='bbox 507 3771 593 3830; x_wconf 87' lang='lat' dir='ltr'><strong>pauca</strong></span> <span class='ocrx_word' id='word_1_378' title='bbox 616 3763 739 3827; x_wconf 87' lang='lat' dir='ltr'><strong>tempora</strong></span> <span class='ocrx_word' id='word_1_379' title='bbox 762 3755 868 3816; x_wconf 80' lang='lat' dir='ltr'><strong>l&#39;nrcae.</strong></span> <span class='ocrx_word' id='word_1_380' title='bbox 893 3774 972 3830; x_wconf 89' lang='lat' dir='ltr'><strong>quam</strong></span> <span class='ocrx_word' id='word_1_381' title='bbox 996 3754 1117 3812; x_wconf 83' lang='lat' dir='ltr'><strong>imbelles</strong></span> <span class='ocrx_word' id='word_1_382' title='bbox 1140 3764 1237 3829; x_wconf 79' lang='lat' dir='ltr'><strong>gentes</strong></span> <span class='ocrx_word' id='word_1_383' title='bbox 1259 3757 1421 3820; x_wconf 86' lang='lat' dir='ltr'><strong>devicerint,</strong></span> <span class='ocrx_word' id='word_1_384' title='bbox 1444 3762 1472 3812; x_wconf 90' lang='lat' dir='ltr'><strong>et</strong></span> <span class='ocrx_word' id='word_1_385' title='bbox 1495 3772 1574 3828; x_wconf 89' lang='lat' dir='ltr'><strong>quarn</strong></span> <span class='ocrx_word' id='word_1_386' title='bbox 1595 3755 1670 3810; x_wconf 88' lang='lat' dir='ltr'><strong>vanis</strong></span> <span class='ocrx_word' id='word_1_387' title='bbox 1685 3762 1713 3810; x_wconf 91' lang='lat' dir='ltr'><strong>et</strong></span> 
     </span>
     <span class='ocr_line' id='line_1_37' title="bbox 420 3838 1712 3916; baseline -0.002 -19"><span class='ocrx_word' id='word_1_388' title='bbox 420 3840 497 3899; x_wconf 77' lang='lat' dir='ltr'><strong>falsis</strong></span> <span class='ocrx_word' id='word_1_389' title='bbox 520 3838 679 3896; x_wconf 85' lang='lat' dir='ltr'><strong>terroribus.</strong></span> <span class='ocrx_word' id='word_1_390' title='bbox 698 3838 840 3913; x_wconf 89' lang='lat' dir='ltr'><strong>imperinm</strong></span> <span class='ocrx_word' id='word_1_391' title='bbox 864 3859 943 3897; x_wconf 92' lang='lat' dir='ltr'><strong>suum</strong></span> <span class='ocrx_word' id='word_1_392' title='bbox 965 3841 1106 3897; x_wconf 82' lang='lat' dir='ltr'><strong>auxerint:</strong></span> <span class='ocrx_word' id='word_1_393' title='bbox 1138 3843 1256 3915; x_wconf 88' lang='lat' dir='ltr'><strong>reperiet</strong></span> <span class='ocrx_word' id='word_1_394' title='bbox 1285 3858 1381 3916; x_wconf 88' lang='lat' dir='ltr'><strong>nempe</strong></span> <span class='ocrx_word' id='word_1_395' title='bbox 1410 3841 1566 3897; x_wconf 81' lang='lat' dir='ltr'><strong>coaluisse</strong></span> <span class='ocrx_word' id='word_1_396' title='bbox 1590 3839 1712 3895; x_wconf 87' lang='lat' dir='ltr'><strong>hominos</strong></span> 
     </span>
     <span class='ocr_line' id='line_1_38' title="bbox 419 3924 1712 4009; baseline -0.001 -28"><span class='ocrx_word' id='word_1_397' title='bbox 419 3933 543 4009; x_wconf 67' lang='lat' dir='ltr'><strong>pgrestes</strong></span> <span class='ocrx_word' id='word_1_398' title='bbox 565 3932 593 3980; x_wconf 90' lang='lat' dir='ltr'><strong>et</strong></span> <span class='ocrx_word' id='word_1_399' title='bbox 615 3924 746 3987; x_wconf 88' lang='lat' dir='ltr'><strong>inermes,</strong></span> <span class='ocrx_word' id='word_1_400' title='bbox 775 3925 864 3999; x_wconf 90' lang='lat' dir='ltr'><strong>inopia</strong></span> <span class='ocrx_word' id='word_1_401' title='bbox 894 3926 1013 3982; x_wconf 89' lang='lat' dir='ltr'><strong>omniurn</strong></span> <span class='ocrx_word' id='word_1_402' title='bbox 1043 3942 1134 3982; x_wconf 89' lang='lat' dir='ltr'><strong>rerum</strong></span> <span class='ocrx_word' id='word_1_403' title='bbox 1163 3926 1196 3983; x_wconf 92' lang='lat' dir='ltr'><strong>ad</strong></span> <span class='ocrx_word' id='word_1_404' title='bbox 1224 3926 1367 3983; x_wconf 89' lang='lat' dir='ltr'><strong>latrocinia</strong></span> <span class='ocrx_word' id='word_1_405' title='bbox 1395 3934 1423 3983; x_wconf 89' lang='lat' dir='ltr'><strong>et</strong></span> <span class='ocrx_word' id='word_1_406' title='bbox 1451 3924 1560 3999; x_wconf 89' lang='lat' dir='ltr'><strong>rapinas</strong></span> <span class='ocrx_word' id='word_1_407' title='bbox 1588 3932 1712 3987; x_wconf 86' lang='lat' dir='ltr'><strong>coactos;</strong></span> 
     </span>
     <span class='ocr_line' id='line_1_39' title="bbox 419 4003 1712 4085; baseline -0.002 -19"><span class='ocrx_word' id='word_1_408' title='bbox 419 4010 563 4085; x_wconf 89' lang='lat' dir='ltr'><strong>perquirat</strong></span> <span class='ocrx_word' id='word_1_409' title='bbox 584 4007 731 4082; x_wconf 87' lang='lat' dir='ltr'><strong>diligenter</strong></span> <span class='ocrx_word' id='word_1_410' title='bbox 753 4008 882 4066; x_wconf 87' lang='lat' dir='ltr'><strong>historias</strong></span> <span class='ocrx_word' id='word_1_411' title='bbox 904 4011 1038 4068; x_wconf 83' lang='lat' dir='ltr'><strong>variarum</strong></span> <span class='ocrx_word' id='word_1_412' title='bbox 1062 4011 1200 4083; x_wconf 88' lang='lat' dir='ltr'><strong>gentium.</strong></span> <span class='ocrx_word' id='word_1_413' title='bbox 1229 4012 1410 4068; x_wconf 87' lang='lat' dir='ltr'><strong>Romanorum</strong></span> <span class='ocrx_word' id='word_1_414' title='bbox 1439 4017 1612 4066; x_wconf 90' lang='lat' dir='ltr'><strong>monumenta</strong></span> <span class='ocrx_word' id='word_1_415' title='bbox 1641 4003 1712 4064; x_wconf 87' lang='lat' dir='ltr'><strong>evol·</strong></span> 
     </span>
     <span class='ocr_line' id='line_1_40' title="bbox 420 4092 1713 4168; baseline 0.002 -21"><span class='ocrx_word' id='word_1_416' title='bbox 420 4103 478 4156; x_wconf 82' lang='lat' dir='ltr'><strong>vat,</strong></span> <span class='ocrx_word' id='word_1_417' title='bbox 502 4093 621 4150; x_wconf 85' lang='lat' dir='ltr'><strong>inveniet</strong></span> <span class='ocrx_word' id='word_1_418' title='bbox 643 4111 751 4168; x_wconf 90' lang='lat' dir='ltr'><strong>semper</strong></span> <span class='ocrx_word' id='word_1_419' title='bbox 772 4094 905 4153; x_wconf 77' lang='lat' dir='ltr'><strong>Asiaticos</strong></span> <span class='ocrx_word' id='word_1_420' title='bbox 929 4096 1013 4153; x_wconf 87' lang='lat' dir='ltr'><strong>luisse</strong></span> <span class='ocrx_word' id='word_1_421' title='bbox 1036 4094 1133 4151; x_wconf 89' lang='lat' dir='ltr'><strong>molles</strong></span> <span class='ocrx_word' id='word_1_422' title='bbox 1155 4104 1183 4152; x_wconf 92' lang='lat' dir='ltr'><strong>et</strong></span> <span class='ocrx_word' id='word_1_423' title='bbox 1206 4096 1329 4158; x_wconf 89' lang='lat' dir='ltr'><strong>timidos,</strong></span> <span class='ocrx_word' id='word_1_424' title='bbox 1360 4105 1389 4152; x_wconf 95' lang='lat' dir='ltr'><strong>ut</strong></span> <span class='ocrx_word' id='word_1_425' title='bbox 1416 4103 1490 4151; x_wconf 84' lang='lat' dir='ltr'><strong>extat</strong></span> <span class='ocrx_word' id='word_1_426' title='bbox 1518 4094 1644 4167; x_wconf 86' lang='lat' dir='ltr'><strong>vulgatus</strong></span> <span class='ocrx_word' id='word_1_427' title='bbox 1667 4092 1713 4150; x_wconf 88' lang='lat' dir='ltr'><strong>ille</strong></span> 
     </span>
     <span class='ocr_line' id='line_1_41' title="bbox 387 4177 1712 4255; baseline -0.001 -20"><span class='ocrx_word' id='word_1_428' title='bbox 387 4179 482 4236; x_wconf 83' lang='lat' dir='ltr'><strong>snlulii</strong></span> <span class='ocrx_word' id='word_1_429' title='bbox 505 4178 622 4238; x_wconf 71' lang='lat' dir='ltr'><strong>Cesaris</strong></span> <span class='ocrx_word' id='word_1_430' title='bbox 645 4177 741 4235; x_wconf 90' lang='lat' dir='ltr'><strong>titulus</strong></span> <span class='ocrx_word' id='word_1_431' title='bbox 764 4195 842 4252; x_wconf 89' lang='lat' dir='ltr'><strong>quern</strong></span> <span class='ocrx_word' id='word_1_432' title='bbox 866 4181 894 4237; x_wconf 91' lang='lat' dir='ltr'><strong>in</strong></span> <span class='ocrx_word' id='word_1_433' title='bbox 916 4198 1012 4243; x_wconf 86' lang='lat' dir='ltr'><strong>curru.</strong></span> <span class='ocrx_word' id='word_1_434' title='bbox 1036 4198 1097 4237; x_wconf 90' lang='lat' dir='ltr'><strong>cnm</strong></span> <span class='ocrx_word' id='word_1_435' title='bbox 1121 4198 1135 4236; x_wconf 87' lang='lat' dir='ltr'><strong>a</strong></span> <span class='ocrx_word' id='word_1_436' title='bbox 1158 4181 1297 4255; x_wconf 86' lang='lat' dir='ltr'><strong>triumpho</strong></span> <span class='ocrx_word' id='word_1_437' title='bbox 1319 4180 1433 4238; x_wconf 89' lang='lat' dir='ltr'><strong>Pontico</strong></span> <span class='ocrx_word' id='word_1_438' title='bbox 1455 4179 1572 4242; x_wconf 89' lang='lat' dir='ltr'><strong>rediret,</strong></span> <span class='ocrx_word' id='word_1_439' title='bbox 1602 4179 1712 4235; x_wconf 87' lang='lat' dir='ltr'><strong>inscribi</strong></span> 
     </span>
     <span class='ocr_line' id='line_1_42' title="bbox 421 4263 1713 4339; baseline -0.001 -19"><span class='ocrx_word' id='word_1_440' title='bbox 421 4266 539 4321; x_wconf 88' lang='lat' dir='ltr'><strong>iusserat</strong></span> <span class='ocrx_word' id='word_1_441' title='bbox 561 4278 638 4321; x_wconf 82' lang='lat' dir='ltr'><strong>vent</strong></span> <span class='ocrx_word' id='word_1_442' title='bbox 663 4278 732 4319; x_wconf 82' lang='lat' dir='ltr'><strong>vini</strong></span> <span class='ocrx_word' id='word_1_443' title='bbox 761 4279 843 4326; x_wconf 82' lang='lat' dir='ltr'><strong>sicr.</strong></span> <span class='ocrx_word' id='word_1_444' title='bbox 873 4265 1007 4322; x_wconf 90' lang='lat' dir='ltr'><strong>imbellem</strong></span> <span class='ocrx_word' id='word_1_445' title='bbox 1037 4264 1110 4321; x_wconf 90' lang='lat' dir='ltr'><strong>illam</strong></span> <span class='ocrx_word' id='word_1_446' title='bbox 1140 4275 1248 4339; x_wconf 87' lang='lat' dir='ltr'><strong>gentem</strong></span> <span class='ocrx_word' id='word_1_447' title='bbox 1278 4263 1434 4339; x_wconf 88' lang='lat' dir='ltr'><strong>nulliusque</strong></span> <span class='ocrx_word' id='word_1_448' title='bbox 1462 4264 1593 4321; x_wconf 89' lang='lat' dir='ltr'><strong>momenti</strong></span> <span class='ocrx_word' id='word_1_449' title='bbox 1621 4264 1713 4320; x_wconf 79' lang='lat' dir='ltr'><strong>existi·</strong></span> 
     </span>
     <span class='ocr_line' id='line_1_43' title="bbox 420 4348 1712 4424; baseline 0 -19"><span class='ocrx_word' id='word_1_450' title='bbox 420 4364 512 4412; x_wconf 88' lang='lat' dir='ltr'><strong>mans;</strong></span> <span class='ocrx_word' id='word_1_451' title='bbox 537 4348 671 4422; x_wconf 87' lang='lat' dir='ltr'><strong>siqnidem</strong></span> <span class='ocrx_word' id='word_1_452' title='bbox 694 4348 821 4411; x_wconf 81' lang='lat' dir='ltr'><strong>Romani,</strong></span> <span class='ocrx_word' id='word_1_453' title='bbox 845 4351 920 4407; x_wconf 89' lang='lat' dir='ltr'><strong>orbis</strong></span> <span class='ocrx_word' id='word_1_454' title='bbox 942 4351 999 4407; x_wconf 88' lang='lat' dir='ltr'><strong>lere</strong></span> <span class='ocrx_word' id='word_1_455' title='bbox 1022 4351 1158 4424; x_wconf 89' lang='lat' dir='ltr'><strong>quondam</strong></span> <span class='ocrx_word' id='word_1_456' title='bbox 1180 4351 1299 4412; x_wconf 87' lang='lat' dir='ltr'><strong>domini,</strong></span> <span class='ocrx_word' id='word_1_457' title='bbox 1322 4368 1372 4423; x_wconf 92' lang='lat' dir='ltr'><strong>per</strong></span> <span class='ocrx_word' id='word_1_458' title='bbox 1393 4348 1487 4424; x_wconf 91' lang='lat' dir='ltr'><strong>plures</strong></span> <span class='ocrx_word' id='word_1_459' title='bbox 1508 4367 1594 4405; x_wconf 89' lang='lat' dir='ltr'><strong>annos</strong></span> <span class='ocrx_word' id='word_1_460' title='bbox 1616 4358 1712 4406; x_wconf 86' lang='lat' dir='ltr'><strong>contra</strong></span> 
     </span>
     <span class='ocr_line' id='line_1_44' title="bbox 419 4432 1780 4511; baseline 0 -21"><span class='ocrx_word' id='word_1_461' title='bbox 419 4432 589 4490; x_wconf 79' lang='lat' dir='ltr'><strong>Numantiam</strong></span> <span class='ocrx_word' id='word_1_462' title='bbox 612 4449 691 4488; x_wconf 91' lang='lat' dir='ltr'><strong>unam</strong></span> <span class='ocrx_word' id='word_1_463' title='bbox 714 4433 809 4490; x_wconf 90' lang='lat' dir='ltr'><strong>urbem</strong></span> <span class='ocrx_word' id='word_1_464' title='bbox 832 4434 966 4510; x_wconf 82' lang='lat' dir='ltr'><strong>llispnnire</strong></span> <span class='ocrx_word' id='word_1_465' title='bbox 989 4453 1156 4511; x_wconf 81' lang='lat' dir='ltr'><strong>pugnavere,</strong></span> <span class='ocrx_word' id='word_1_466' title='bbox 1181 4452 1260 4508; x_wconf 89' lang='lat' dir='ltr'><strong>quam</strong></span> <span class='ocrx_word' id='word_1_467' title='bbox 1282 4444 1376 4492; x_wconf 90' lang='lat' dir='ltr'><strong>contra</strong></span> <span class='ocrx_word' id='word_1_468' title='bbox 1400 4443 1484 4490; x_wconf 89' lang='lat' dir='ltr'><strong>totam</strong></span> <span class='ocrx_word' id='word_1_469' title='bbox 1505 4433 1604 4489; x_wconf 75' lang='lat' dir='ltr'><strong>Asiam.</strong></span> <span class='ocrx_word' id='word_1_470' title='bbox 1642 4432 1780 4501; x_wconf 64' lang='lat' dir='ltr'><strong>Quorsus</strong></span> 
     </span>
     <span class='ocr_line' id='line_1_45' title="bbox 418 4518 1710 4593; baseline -0.001 -19"><span class='ocrx_word' id='word_1_471' title='bbox 418 4536 487 4592; x_wconf 87' lang='lat' dir='ltr'><strong>ergo</strong></span> <span class='ocrx_word' id='word_1_472' title='bbox 510 4527 564 4574; x_wconf 70' lang='lat' dir='ltr'><strong>nm</strong></span> <span class='ocrx_word' id='word_1_473' title='bbox 587 4533 714 4590; x_wconf 86' lang='lat' dir='ltr'><strong>magnum</strong></span> <span class='ocrx_word' id='word_1_474' title='bbox 737 4526 834 4591; x_wconf 86' lang='lat' dir='ltr'><strong>gentes</strong></span> <span class='ocrx_word' id='word_1_475' title='bbox 857 4521 988 4579; x_wconf 78' lang='lat' dir='ltr'><strong>Asiaticas</strong></span> <span class='ocrx_word' id='word_1_476' title='bbox 1016 4518 1139 4576; x_wconf 87' lang='lat' dir='ltr'><strong>imbelles</strong></span> <span class='ocrx_word' id='word_1_477' title='bbox 1168 4528 1195 4575; x_wconf 86' lang='lat' dir='ltr'><strong>et</strong></span> <span class='ocrx_word' id='word_1_478' title='bbox 1224 4536 1332 4593; x_wconf 88' lang='lat' dir='ltr'><strong>semper</strong></span> <span class='ocrx_word' id='word_1_479' title='bbox 1360 4519 1460 4575; x_wconf 86' lang='lat' dir='ltr'><strong>servire</strong></span> <span class='ocrx_word' id='word_1_480' title='bbox 1490 4526 1611 4575; x_wconf 85' lang='lat' dir='ltr'><strong>assuetas</strong></span> <span class='ocrx_word' id='word_1_481' title='bbox 1638 4518 1710 4575; x_wconf 85' lang='lat' dir='ltr'><strong>devi-</strong></span> 
     </span>
     <span class='ocr_line' id='line_1_46' title="bbox 388 4602 1711 4676; baseline -0.002 -15"><span class='ocrx_word' id='word_1_482' title='bbox 388 4603 511 4661; x_wconf 81' lang='lat' dir='ltr'><strong>ascisse‘t</strong></span> <span class='ocrx_word' id='word_1_483' title='bbox 534 4602 598 4676; x_wconf 87' lang='lat' dir='ltr'><strong>quid</strong></span> <span class='ocrx_word' id='word_1_484' title='bbox 623 4609 676 4657; x_wconf 89' lang='lat' dir='ltr'><strong>tam</strong></span> <span class='ocrx_word' id='word_1_485' title='bbox 699 4603 813 4660; x_wconf 89' lang='lat' dir='ltr'><strong>arduum</strong></span> <span class='ocrx_word' id='word_1_486' title='bbox 835 4604 972 4662; x_wconf 73' lang='lat' dir='ltr'><strong>Graculos</strong></span> <span class='ocrx_word' id='word_1_487' title='bbox 995 4606 1189 4668; x_wconf 81' lang='lat' dir='ltr'><strong>ellreminatos,</strong></span> <span class='ocrx_word' id='word_1_488' title='bbox 1214 4604 1349 4660; x_wconf 89' lang='lat' dir='ltr'><strong>intestinis</strong></span> <span class='ocrx_word' id='word_1_489' title='bbox 1373 4603 1442 4659; x_wconf 91' lang='lat' dir='ltr'><strong>odiis</strong></span> <span class='ocrx_word' id='word_1_490' title='bbox 1457 4620 1565 4676; x_wconf 87' lang='lat' dir='ltr'><strong>semper</strong></span> <span class='ocrx_word' id='word_1_491' title='bbox 1579 4602 1711 4659; x_wconf 90' lang='lat' dir='ltr'><strong>dissiden-</strong></span> 
     </span>
     <span class='ocr_line' id='line_1_47' title="bbox 420 4686 1711 4764; baseline 0 -19"><span class='ocrx_word' id='word_1_492' title='bbox 420 4696 463 4745; x_wconf 88' lang='lat' dir='ltr'><strong>tes</strong></span> <span class='ocrx_word' id='word_1_493' title='bbox 484 4686 655 4745; x_wconf 78' lang='lat' dir='ltr'><strong>debellasso?</strong></span> <span class='ocrx_word' id='word_1_494' title='bbox 679 4688 742 4761; x_wconf 87' lang='lat' dir='ltr'><strong>qnid</strong></span> <span class='ocrx_word' id='word_1_495' title='bbox 767 4696 819 4745; x_wconf 87' lang='lat' dir='ltr'><strong>tam</strong></span> <span class='ocrx_word' id='word_1_496' title='bbox 843 4690 945 4764; x_wconf 88' lang='lat' dir='ltr'><strong>grande</strong></span> <span class='ocrx_word' id='word_1_497' title='bbox 967 4689 1113 4746; x_wconf 82' lang='lat' dir='ltr'><strong>llascianos</strong></span> <span class='ocrx_word' id='word_1_498' title='bbox 1136 4699 1163 4747; x_wconf 89' lang='lat' dir='ltr'><strong>et</strong></span> <span class='ocrx_word' id='word_1_499' title='bbox 1178 4689 1324 4762; x_wconf 80' lang='lat' dir='ltr'><strong>bulgaros,</strong></span> <span class='ocrx_word' id='word_1_500' title='bbox 1348 4689 1471 4745; x_wconf 89' lang='lat' dir='ltr'><strong>homines</strong></span> <span class='ocrx_word' id='word_1_501' title='bbox 1486 4688 1617 4750; x_wconf 89' lang='lat' dir='ltr'><strong>inenncs,</strong></span> <span class='ocrx_word' id='word_1_502' title='bbox 1640 4688 1711 4745; x_wconf 87' lang='lat' dir='ltr'><strong>circa</strong></span> 
     </span>
     <span class='ocr_line' id='line_1_48' title="bbox 419 4771 1713 4849; baseline 0 -19"><span class='ocrx_word' id='word_1_503' title='bbox 419 4771 528 4830; x_wconf 71' lang='lat' dir='ltr'><strong>meua</strong></span> <span class='ocrx_word' id='word_1_504' title='bbox 549 4781 578 4829; x_wconf 86' lang='lat' dir='ltr'><strong>ot</strong></span> <span class='ocrx_word' id='word_1_505' title='bbox 600 4772 716 4846; x_wconf 80' lang='lat' dir='ltr'><strong>pecudes</strong></span> <span class='ocrx_word' id='word_1_506' title='bbox 739 4786 901 4849; x_wconf 82' lang='lat' dir='ltr'><strong>occupatos.</strong></span> <span class='ocrx_word' id='word_1_507' title='bbox 929 4774 1101 4831; x_wconf 78' lang='lat' dir='ltr'><strong>subdidisse?</strong></span> <span class='ocrx_word' id='word_1_508' title='bbox 1130 4775 1193 4848; x_wconf 89' lang='lat' dir='ltr'><strong>qnid</strong></span> <span class='ocrx_word' id='word_1_509' title='bbox 1224 4783 1276 4831; x_wconf 92' lang='lat' dir='ltr'><strong>tam</strong></span> <span class='ocrx_word' id='word_1_510' title='bbox 1308 4791 1471 4848; x_wconf 86' lang='lat' dir='ltr'><strong>generosum</strong></span> <span class='ocrx_word' id='word_1_511' title='bbox 1495 4773 1644 4830; x_wconf 83' lang='lat' dir='ltr'><strong>besuenses</strong></span> <span class='ocrx_word' id='word_1_512' title='bbox 1667 4774 1713 4830; x_wconf 90' lang='lat' dir='ltr'><strong>de·</strong></span> 
     </span>
     <span class='ocr_line' id='line_1_49' title="bbox 419 4855 1711 4934; baseline -0.001 -19"><span class='ocrx_word' id='word_1_513' title='bbox 419 4857 581 4915; x_wconf 62' lang='lat' dir='ltr'><strong>umentes</strong></span> <span class='ocrx_word' id='word_1_514' title='bbox 602 4855 798 4916; x_wconf 87' lang='lat' dir='ltr'><strong>dissidentibus</strong></span> <span class='ocrx_word' id='word_1_515' title='bbox 821 4861 892 4916; x_wconf 88' lang='lat' dir='ltr'><strong>inter</strong></span> <span class='ocrx_word' id='word_1_516' title='bbox 914 4877 943 4916; x_wconf 91' lang='lat' dir='ltr'><strong>se</strong></span> <span class='ocrx_word' id='word_1_517' title='bbox 966 4858 1136 4934; x_wconf 91' lang='lat' dir='ltr'><strong>principibus</strong></span> <span class='ocrx_word' id='word_1_518' title='bbox 1152 4858 1297 4934; x_wconf 81' lang='lat' dir='ltr'><strong>llungariae</strong></span> <span class='ocrx_word' id='word_1_519' title='bbox 1320 4860 1346 4915; x_wconf 93' lang='lat' dir='ltr'><strong>in</strong></span> <span class='ocrx_word' id='word_1_520' title='bbox 1368 4859 1534 4915; x_wconf 89' lang='lat' dir='ltr'><strong>deditionem</strong></span> <span class='ocrx_word' id='word_1_521' title='bbox 1556 4860 1711 4934; x_wconf 81' lang='lat' dir='ltr'><strong>accepisse?</strong></span> 
     </span>
    </p>
   </div>
   <div class='ocr_carea' id='block_1_5' title="bbox 486 5037 1575 5108">
    <p class='ocr_par' dir='ltr' id='par_1_5' title="bbox 486 5037 1575 5108">
     <span class='ocr_line' id='line_1_50' title="bbox 486 5037 1575 5108; baseline 0.002 -18"><span class='ocrx_word' id='word_1_522' title='bbox 486 5039 603 5092; x_wconf 80' lang='lat' dir='ltr'><strong>&#39;hostis</strong></span> <span class='ocrx_word' id='word_1_523' title='bbox 616 5044 649 5088; x_wconf 75' lang='grc' dir='ltr'><strong>Ι.</strong></span> <span class='ocrx_word' id='word_1_524' title='bbox 702 5037 724 5072; x_wconf 81' lang='lat'><strong>¹⁸</strong></span> <span class='ocrx_word' id='word_1_525' title='bbox 741 5043 856 5102; x_wconf 81' lang='lat' dir='ltr'><strong>situata]</strong></span> <span class='ocrx_word' id='word_1_526' title='bbox 875 5044 893 5095; x_wconf 85' lang='grc' dir='ltr'><strong>ι’.</strong></span> <span class='ocrx_word' id='word_1_527' title='bbox 906 5043 1034 5108; x_wconf 47' lang='lat' dir='ltr'><strong>sponsa,</strong></span> <span class='ocrx_word' id='word_1_528' title='bbox 1054 5043 1196 5092; x_wconf 81' lang='lat' dir='ltr'><strong>conlocata.</strong></span> <span class='ocrx_word' id='word_1_529' title='bbox 1244 5038 1265 5072; x_wconf 85' lang='lat'><strong>⁴¹</strong></span> <span class='ocrx_word' id='word_1_530' title='bbox 1285 5040 1396 5092; x_wconf 86' lang='lat' dir='ltr'><strong>Sueton.</strong></span> <span class='ocrx_word' id='word_1_531' title='bbox 1411 5040 1575 5092; x_wconf 73' lang='lat' dir='ltr'><strong>inlnliobS.</strong></span> 
     </span>
    </p>
   </div>
   <div class='ocr_carea' id='block_1_6' title="bbox 0 0 2154 6057">
    <p class='ocr_par' dir='ltr' id='par_1_6' title="bbox 0 0 2154 6057">
     <span class='ocr_line' id='line_1_51' title="bbox 0 0 2154 6057; baseline 0 0"><span class='ocrx_word' id='word_1_532' title='bbox 0 0 2154 6057; x_wconf 95' lang='lat' dir='ltr'><strong> </strong></span> 
     </span>
    </p>
   </div>
  </div>
 </body>
</html>
