4300 6059
516 674 591 747 226
610 705 643 742 11.
655 704 867 748 'subm-PARTH-
879 705 1034 740 annuentct
1048 703 1157 739 cotim
1170 705 1296 740 'ruvncts
1310 705 1412 741 ORATIO
1425 705 1461 738 An
1473 703 1621 740 esulanus
1634 703 1698 740 uun.
1713 703 1738 741 Δ.
1745 697 1805 742 15¹8·

516 863 700 938 populabundi
723 869 896 928 excurrentes
919 861 945 917 iu
969 862 1025 935 ipsa
1055 861 1111 918 lere
1139 863 1254 918 tentoria
1285 862 1405 918 hostium
1432 871 1615 936 penetrarent.
1649 862 1804 936 implorato

518 950 626 1005 tandem
649 948 836 1021 Hungarorum
860 945 959 1003 anxilio
982 966 1012 1003 ac
1036 946 1149 1003 'l'bnroae
1173 964 1223 1022 per
1246 947 1315 1003 idem
1337 955 1444 1022 tempus
1472 947 1584 1003 interitu
1612 946 1739 1016 nunciato
1762 964 1805 1002 re-

448 1039 508 1089 nn.
519 1034 674 1108 linquentes
696 1039 825 1088 vastatam
847 1032 1012 1105 provinciam
1035 1030 1184 1088 incolumes
1205 1033 1313 1088 douram
1329 1050 1360 1087 ex
1375 1041 1454 1106 pacto
1470 1032 1616 1088 redierunt.
1644 1031 1702 1087 Non
1718 1029 1805 1088 multo

516 1139 616 1173 rmum
643 1136 705 1182 van·
770 1125 835 1190 post
857 1117 1035 1190 quadraginta
1058 1116 1179 1173 millibus
1202 1117 1367 1173 Tbnrcarum
1389 1135 1439 1191 per
1462 1117 1633 1173 tributariam
1647 1117 1750 1174 ltaciam
1777 1118 1806 1172 in

516 1179 717 1268 iiiwiiiiiei'd'.
769 1191 909 1257 l'oloniain
932 1201 1099 1258 irruentibus
1122 1202 1272 1275 positisque
1294 1219 1348 1259 non
1370 1202 1452 1276 longe
1474 1202 1629 1258 adracovia
1651 1203 1748 1258 castris
1764 1203 1829 1258 itas

518 1288 604 1344 territi
628 1296 692 1344 sunt
713 1285 825 1348 Poloni,
857 1295 886 1342 ut
914 1304 948 1342 nc
976 1287 1113 1361 principes
1142 1287 1251 1360 quidem
1280 1287 1343 1360 quid
1371 1287 1477 1373 consilii
1500 1295 1628 1360 caperent
1650 1286 1804 1343 habuerint.

517 1390 600 1447 quum
623 1379 712 1428 tamen
734 1371 920 1427 consedissent
945 1371 1038 1427 hostes
1062 1372 1208 1427 interduo
1232 1372 1354 1432 llurnina,
1386 1381 1459 1428 tanta
1482 1380 1593 1446 repente
1616 1371 1741 1428 imbrium
1764 1372 1806 1427 ni·

516 1450 700 1529 ᾗξξῐξζᾞξῖοζῖξξῐ·
754 1455 848 1529 visque
871 1477 883 1509 t·
898 1455 947 1528 vpia
971 1455 1080 1518 cecidit,
1106 1464 1179 1511 tanta
1202 1457 1242 1511 vis
1265 1456 1376 1528 trigoris
1398 1456 1567 1531 supervenit,
1591 1464 1621 1512 ut
1643 1455 1689 1512 ille
1711 1456 1805 1512 lormi-

517 1543 596 1598 datus
619 1541 754 1597 exercitus
777 1540 875 1615 partim
898 1542 968 1595 lanne
991 1541 1089 1614 partini
1112 1541 1230 1613 frigore,
1264 1557 1318 1596 non
1348 1541 1449 1597 virtute
1478 1550 1586 1603 nostra,
1622 1559 1699 1616 paene
1727 1549 1804 1597 totus

448 1630 695 1700 §.inconsumptus
722 1626 768 1680 sit.
812 1624 992 1698 Expectabitis
1022 1626 1107 1699 igitur
1133 1625 1219 1681 donec
1248 1633 1338 1681 tantus
1366 1626 1453 1683 bostis
1480 1627 1553 1682 domi
1576 1643 1624 1682 vos
1646 1626 1837 1701 opprimatlro

514 1713 601 1768 donec
623 1711 754 1767 machinis
777 1710 882 1783 quatiat
912 1728 1021 1785 ruuros,
1051 1711 1150 1766 vestris
1179 1710 1252 1783 agris
1280 1711 1427 1771 exercitum
1455 1711 1514 1767 eius
1543 1710 1696 1768 alentibus?
1729 1710 1804 1768 Nun·

513 1788 672 1875 fflffllp
695 1813 776 1868 quam
804 1795 887 1851 horna
916 1804 1056 1851 instaverat
1086 1794 1180 1851 maiori
1208 1795 1362 1852 discrimine
1390 1804 1452 1852 aute
1479 1795 1606 1852 dallimm
1633 1795 1805 1853 obsidionem

515 1872 743 1952 ffiil'l't’ffl‘md
766 1878 993 1953 llunnibalemqne
1015 1881 1046 1936 ad
1070 1880 1181 1936 tertium
1203 1879 1236 1933 ab
1265 1879 1331 1935 urbe
1360 1879 1474 1953 lapidem
1506 1897 1696 1955 progressum:
1735 1898 1804 1937 nun-

557 1918 580 1952 m
591 1917 663 1954 urben.

513 1926 604 2002 ΜΟ
617 1968 628 1993 ”
640 1959 709 2001 “tlh
722 1958 762 1992 ⁵⁰¹·
778 1970 785 2041 Ι
800 1962 889 2037 'quain
912 1964 950 2019 sic
974 1965 1136 2041 trepidatum
1158 1973 1201 2020 est
1216 1964 1390 2037 Cartbagine,
1416 1965 1638 2038 quemadmodum
1654 1965 1742 2022 Marco
1758 1969 1805 2022 nt-

549 2002 581 2036 nm
629 2001 721 2036 sternia.

447 2002 704 2123 bttiiiiouiluegulo
727 2049 953 2122 Scipionibusqne
975 2049 1026 2104 sub
1049 2050 1117 2124 ipsis
1139 2048 1213 2104 urbis
1236 2048 1323 2105 oculis
1344 2059 1431 2105 castra
1453 2049 1625 2105 metantibus.
1668 2050 1840 2107 praetereare

516 2134 590 2191 nulla
613 2152 677 2207 spes
701 2132 821 2188 habenda
844 2142 887 2188 cst
909 2135 937 2188 in
960 2151 1035 2190 mora
1051 2143 1166 2208 propter
1179 2134 1339 2207 gravitatem
1354 2136 1502 2196 exercitus,
1525 2136 1658 2208 siquidem
1673 2136 1702 2191 in
1718 2136 1805 2192 Thur·

514 2212 651 2291 {mmm}
673 2235 765 2274 carum
787 2218 884 2274 castris
897 2228 1010 2291 ,arctum
1033 2237 1120 2292 genus
1143 2217 1294 2292 disciplinae
1316 2219 1486 2275 servantibus
1502 2237 1555 2275 non
1571 2220 1724 2283 institores,
1748 2238 1804 2277 non

512 2293 723 2376 lfflfflgffffild
745 2302 826 2365 lixas,
850 2302 955 2359 nullutn
978 2313 1115 2365 scortum,
1140 2322 1170 2360 ac
1192 2320 1267 2359 tinore
1290 2305 1541 2377 Carthaginensium
1570 2322 1603 2360 ne
1631 2305 1720 2361 vinum
1744 2306 1804 2380 qui·

513 2389 574 2444 dem
596 2388 716 2448 videbis,
739 2405 840 2461 paucos
863 2406 973 2461 (puroque
996 2389 1105 2444 calones
1127 2406 1158 2445 ac
1181 2406 1240 2444 rara
1263 2389 1467 2462 impedinicnta;
1495 2388 1552 2444 sola
1580 2407 1644 2445 cura
1674 2389 1702 2445 iu
1723 2407 1804 2464 erpe-

498 2473 580 2529 'uitis
602 2473 680 2546 equis
704 2479 732 2528 et
755 2471 922 2545 fulgentibus
945 2473 1040 2535 armis,
1064 2473 1135 2529 unde
1157 2491 1212 2529 non
1235 2490 1303 2546 opus
1325 2482 1367 2530 est
1390 2474 1534 2530 mutaturis
1555 2472 1645 2530 loeunr
1661 2491 1723 2529 vasa
1738 2486 1840 2530 con-ao

516 2557 640 2614 clamari:
663 2557 754 2631 itaque
776 2558 854 2630 prius
876 2557 1002 2614 advolant
1024 2576 1105 2632 quam
1127 2559 1286 2619 audiantur,
1316 2558 1431 2614 celerius
1459 2559 1617 2633 opprimunt
1639 2577 1720 2633 quam
1743 2577 1804 2615 sen·

446 2643 627 2703 sotiantur.
672 2642 743 2697 lnter
764 2650 862 2698 cetera
885 2642 951 2698 illud
975 2660 1084 2717 qnoque
1107 2643 1307 2699 memorandum
1331 2653 1386 2706 est,
1415 2645 1485 2717 apud
1509 2643 1629 2700 l'hurcas
1659 2647 1732 2717 quod
1755 2662 1805 2719 per

517 2737 559 2784 tot
580 2744 665 2783 annos
688 2744 795 2801 semper
817 2727 844 2782 in
869 2745 964 2801 inagna
986 2727 1120 2784 bellorum
1144 2726 1215 2784 molo
1238 2746 1316 2784 nemo
1344 2727 1529 2790 rebellaverit,
1559 2728 1650 2784 nullus
1677 2730 1805 2804 proditor

515 2820 642 2888 repertus
665 2811 716 2874 sit;
739 2812 805 2884 quin
827 2829 922 2868 orirncs
945 2813 972 2868 in
995 2811 1073 2869 fidem
1096 2830 1190 2881 eorum
1213 2831 1243 2868 ac
1266 2830 1364 2870 nomen
1386 2821 1537 2870 transeunt.
1582 2814 1618 2869 lbi
1648 2813 1803 2887 praecipuus

514 2890 577 2970 Ἠ
585 2889 708 2978 &porin-
754 2897 848 2952 virtuti
871 2897 946 2953 locus
970 2915 999 2953 ac
1014 2907 1089 2977 certa
1104 2898 1255 2953 redduntur
1269 2898 1395 2971 premia:
1419 2898 1471 2954 vidi
1492 2898 1624 2972 quosdam
1639 2899 1710 2972 apud
1727 2899 1803 2955 Chri·
1812 2913 1838 2952 es

447 2983 622 3048 §.anstianos
645 2980 747 3037 nullius
771 2982 936 3038 conditionis
959 2983 1029 3056 apud
1053 2982 1173 3038 Thomas
1196 2983 1227 3038 ad
1250 2999 1371 3038 summos
1393 2982 1512 3039 honores
1539 2991 1693 3057 provectos.
1737 2984 1804 3040 Pro·

515 3067 575 3123 inde
598 3066 767 3122 considerate
790 3067 812 3121 si
835 3066 882 3121 diu
904 3071 1067 3139 regnaturos
1090 3066 1238 3123 tirncndnm
1262 3067 1311 3129 sit,
1342 3067 1475 3141 siquidem
1497 3085 1529 3123 en
1551 3067 1664 3142 captivis
1686 3068 1805 3141 pruden-

515 3153 553 3209 n'a
575 3170 606 3207 ae
627 3151 788 3207 tortitudine
810 3151 979 3224 insignibus,
1003 3152 1155 3227 Scythicam
1177 3152 1269 3208 adbaee
1292 3152 1457 3226 impietatem
1473 3152 1712 3227 amplectentibus,
1735 3152 1804 3209 fiunt

513 3230 740 3308 'fflssfffisst'
760 3229 766 3296 l
789 3235 827 3291 illi
851 3237 942 3309 magni
963 3237 1058 3299 duces,
1083 3237 1259 3311 quo‘sbassas
1282 3245 1393 3301 vocant;
1415 3238 1486 3293 unde
1508 3255 1591 3311 quum
1614 3236 1688 3294 Gotti
1710 3239 1803 3294 statim

470 3379 474 3388 ,
514 3314 646 3393 ξβῐξςῗξζζ
667 3326 674 3396 Ι
696 3328 760 3394 post
788 3323 984 3395 sexagesimum
1012 3339 1112 3378 annum
1141 3321 1168 3378 in
1194 3317 1308 3395 patriam
1338 3321 1443 3394 (relicta
1470 3321 1555 3394 ltalia)
1586 3323 1838 3395 remigraverintso

513 3399 713 3486 {ffi‘ffiffffffl⁰'·
737 3402 874 3472 lTburcae
897 3424 961 3463 vero
984 3407 1199 3481 quadringentos
1216 3406 1271 3462 lere
1287 3425 1335 3481 per
1351 3424 1436 3463 annos
1459 3407 1485 3462 in
1508 3407 1570 3463 Asia
1593 3416 1675 3481 atque
1696 3406 1804 3481 Europa

515 3490 700 3552 dominantes,
724 3490 751 3544 in
774 3491 831 3547 dies
853 3509 965 3565 quoque
987 3499 1170 3566 propagantes
1193 3491 1336 3566 imperium
1358 3492 1513 3548 inllammati
1541 3499 1605 3548 sunt
1634 3490 1666 3548 ad
1689 3510 1804 3566 pessun-

446 3576 632 3634 §.sedandum
654 3574 775 3649 reliquos
799 3576 982 3638 Christianos,
997 3578 1103 3633 'nedum
1127 3577 1199 3649 quod
1222 3584 1298 3650 parta
1321 3577 1373 3633 iarn
1394 3577 1532 3633 dimittere
1554 3575 1646 3633 velint.
1680 3576 1802 3644 Quorum

514 3676 603 3733 neque
625 3659 741 3720 viribus,
771 3678 859 3734 neque
883 3662 1011 3735 ingeniis,
1041 3678 1130 3735 neque
1160 3661 1257 3716 animis
1285 3662 1470 3718 deficientibus
1493 3662 1558 3736 quid
1585 3661 1658 3718 aliud
1680 3661 1803 3719 futurum

513 3762 655 3821 speramus
678 3763 766 3819 quarn,
789 3745 811 3801 si
828 3754 887 3802 toto
903 3746 1116 3803 Christianorum
1131 3754 1231 3803 conam
1247 3764 1301 3802 non
1317 3743 1472 3808 resistatur,
1496 3746 1650 3821 quibusque
1670 3748 1838 3820 proximiore

512 3829 649 3904 correptis
671 3847 722 3904 per
743 3828 837 3887 littora
860 3830 995 3904 llispanici
1018 3839 1046 3886 et
1068 3830 1163 3888 Gallici
1187 3831 1278 3888 oceani
1303 3831 1426 3896 victrices
1441 3833 1533 3905 copias
1548 3832 1801 3889 circumducturos?

514 3912 601 3982 Quare
631 3913 791 3988 compositis
821 3915 958 3971 intestinis
992 3915 1086 3979 bellis,
1117 3914 1280 3973 oblitteratis
1307 3916 1538 3979 dissensionibus,
1574 3916 1705 3973 revocatis
1739 3918 1802 3973 vitae

513 3999 612 4073 preciis
636 4016 696 4073 quae
719 4017 829 4073 pessum
851 4000 953 4062 ierant,
983 4002 1143 4057 restauratis
1171 4000 1274 4056 artibus
1303 3998 1459 4057 liberalibus
1486 4019 1547 4075 quae
1578 4000 1604 4057 in
1633 4001 1802 4058 contrarium

514 4084 678 4147 ceciderant,
702 4084 729 4139 in
751 4083 811 4169 sola
833 4083 997 4141 conscientia
1022 4085 1227 4143 benefactorum
1248 4103 1279 4142 ac
1293 4085 1400 4141 Christo
1423 4094 1630 4159 propugnatore
1651 4088 1802 4143 contractis

445 4169 636 4242 §.tnundique
657 4169 745 4243 copiis
765 4170 921 4227 adoriamur
947 4171 1113 4227 saevissimos
1136 4171 1264 4227 l'hurcas.
1307 4170 1403 4226 Parata
1431 4180 1473 4226 est
1499 4180 1597 4243 potens
1625 4170 1716 4234 ltalia,
1745 4185 1838 4227 nonio

516 4255 603 4311 deerit
624 4253 754 4330 bellicosa
776 4255 918 4328 Hispania,
941 4273 996 4311 non
1018 4273 1127 4329 pugnax
1149 4254 1248 4317 Gallia,
1278 4271 1332 4310 non
1354 4255 1412 4328 pari
1435 4255 1515 4311 animi
1538 4255 1722 4328 magnitudine
1747 4256 1803 4312 nn-

516 4339 622 4401 tannia,
645 4338 770 4395 llohemis
792 4339 899 4397 adhoc
921 4347 949 4395 et
971 4340 1107 4413 llungaris
1129 4340 1290 4414 caeterisque
1314 4338 1406 4395 validis
1434 4339 1562 4413 gentibus
1591 4357 1646 4397 non
1669 4341 1804 4397 detrecta-

516 4423 592 4479 turis.
629 4423 697 4479 ttum
719 4441 781 4486 vos,
804 4416 1108 4484 tortissimi'dernraoi,
1132 4422 1215 4477 critis·
1231 4424 1257 4478 in
1275 4432 1350 4479 tanto
1366 4423 1522 4480 discrimine
1538 4426 1724 4498 spectatores?
1747 4443 1803 4481 non

514 4507 748 4564 commovebimini
764 4508 919 4583 reipublicae
935 4507 1093 4563 Christianae
1117 4507 1258 4563 ruentibus
1281 4508 1411 4564 habenis?
1434 4507 1488 4564 Vos
1510 4518 1665 4566 exterarum
1680 4510 1802 4583 gentium

514 4585 667 4667 lm?
678 4585 775 4672 ἓξὲξ]
796 4592 852 4668 pati
875 4592 969 4666 iugum
991 4592 1093 4648 insueti
1110 4591 1252 4665 imperium
1268 4592 1416 4650 homanum
1431 4592 1465 4649 ab
1480 4593 1593 4670 interitu
1609 4593 1801 4658 vindicavistis,
1811 4607 1837 4648 n

581 4859 670 4910 ⁴Nou
688 4876 722 4910 m.
736 4855 776 4925 μ]
798 4873 824 4907 s.
838 4855 1045 4906 ttetextremo
1063 4855 1123 4905 sere
1143 4855 1281 4908 autumno,
1327 4858 1436 4923 ”piene
1450 4862 1473 4910 1.
1526 4861 1612 4922 Quasi
1630 4861 1664 4912 dc
1681 4863 1804 4914 Franco·

516 4942 649 5010 gallorum
668 4944 697 4993 iu
714 4941 815 4992 Russia
833 4939 900 4988 latis
918 4937 1082 5002 loqueretur.
1118 4939 1140 4972 ²⁵
1158 4945 1272 5007 proemin
1287 4944 1309 4990 1.
1341 4941 1493 5004 ‘§§.4d.4l.]
1513 4944 1622 4995 Similia
1641 4945 1700 4996 iere
1719 4946 1804 4998 mele·

515 5029 584 5077 tiele
601 5028 655 5076 iam
675 5032 730 5076 tum
749 5027 860 5076 suerent
886 5025 1036 5086 posteaque
1064 5025 1144 5088 quui
1168 5027 1196 5075 in
1219 5024 1363 5075 tornantem
1386 5025 1501 5078 redacte
1523 5035 1594 5080 eunt.
1629 5031 1670 5081 ite
1687 5028 1804 5096 legimus
