4300 6059
569 710 763 746 consummo
776 710 938 750 GEBHANIGA
952 710 1107 747 Paroream
1120 711 1156 746 ΑΒ
1169 711 1361 746 anacrontnvs
1374 711 1408 746 ΒΤ
1422 711 1446 748 C.
1457 711 1483 745 Δ.
1497 705 1554 746 lbl‘l.
1635 679 1707 752 197

416 887 498 944 supra
522 870 678 944 proposita.
701 887 763 924 cum
786 888 816 925 ea
839 869 988 932 disserant,
1020 872 1172 926 examinent
1194 880 1222 926 et
1242 869 1397 926 corisultent
1419 878 1446 925 et
1468 870 1500 924 ad
1523 872 1708 926 executionem

415 956 550 1028 dirigant.
573 972 605 1011 ae
627 972 678 1028 pro
701 955 859 1011 eoraditione
881 965 908 1011 et
931 958 1094 1012 necessitate
1117 973 1207 1011 rerum
1230 954 1406 1015 cisrrclndant.
1431 964 1458 1011 et
1480 956 1549 1028 aprrd
1573 974 1631 1011 cairi
1648 964 1708 1011 toto

416 1040 535 1097 triennio
557 1040 672 1096 durante
694 1040 866 1112 expeditione
889 1042 1049 1114 persistant,
1072 1050 1101 1096 et
1123 1059 1153 1096 ea
1178 1059 1238 1112 spirae
1261 1040 1352 1096 llrrrrne
1382 1057 1431 1113 per
1458 1058 1593 1095 snnnnnm
1617 1041 1724 1096 Ponti·-

415 1126 491 1181 mem
519 1143 550 1180 ac
577 1125 697 1180 omnimn
727 1125 843 1198 Regum.
873 1126 1027 1199 Principum
1058 1145 1088 1181 ae
1116 1126 1308 1181 Potentatnum
1344 1128 1473 1180 Oratores
1500 1124 1707 1185 concludentur.

388 1210 569 1266 sermationi
592 1209 711 1266 inundari
734 1211 838 1272 irruent,
867 1218 895 1266 et
924 1211 1078 1284 prasertim
1101 1229 1161 1284 (pute
1190 1211 1222 1266 ad
1245 1210 1396 1267 Africanam
1425 1211 1622 1284 protectionem
1646 1227 1708 1283 spe⁴
1766 1269 1769 1274 ,

413 1305 490 1351 ctare
512 1294 689 1355 videbuntur,
712 1305 796 1369 prum
818 1304 846 1352 et
868 1313 913 1351 res
937 1297 994 1370 ipsa
1022 1304 1050 1352 et
1073 1296 1194 1352 bostium
1216 1296 1248 1351 ad
1272 1297 1392 1352 loturam
1415 1303 1537 1351 aestatem
1560 1304 1707 1369 apparatus

414 1381 556 1454 requirere
580 1380 695 1436 videtur.
1200 1372 1208 1380 ”

499 1472 541 1524 38.
565 1465 636 1521 ldem
659 1466 758 1520 [acient
781 1465 881 1538 Reges,
910 1467 1049 1540 Principes
1079 1474 1106 1521 et
1134 1467 1309 1526 potentatus,
1340 1467 1385 1539 qui
1416 1465 1580 1521 l‘ratrcormn
1609 1465 1706 1538 Regem

414 1549 535 1606 seruaturi
558 1558 635 1611 sunt,
659 1559 686 1605 et
709 1568 774 1605 suris
796 1552 924 1606 Oratores
947 1551 979 1606 ad
1002 1552 1111 1624 negritia
1135 1548 1180 1606 illa
1203 1551 1363 1624 perficienda
1386 1551 1416 1605 ad
1441 1549 1516 1605 illum
1540 1552 1656 1609 mittent.
1680 1559 1708 1605 et

384 1635 499 1691 Oetiaru
521 1635 592 1709 apud
614 1653 677 1690 eum
699 1635 878 1708 persistentes
901 1654 932 1691 ea
954 1636 1059 1692 ratione
1083 1636 1190 1706 singula
1212 1654 1308 1692 curare
1330 1635 1444 1693 lurlieant
1467 1645 1494 1691 et
1515 1636 1649 1709 expedire.
1677 1657 1680 1660 ·

498 1728 542 1780 39.
566 1720 659 1776 Tertio
681 1722 763 1776 etiarn
786 1721 942 1793 quicunque
963 1740 1025 1778 curri
1047 1721 1168 1776 l’olonire
1190 1721 1262 1794 dege
1289 1721 1342 1776 boc
1371 1721 1494 1795 proximo
1521 1739 1592 1776 anno
1616 1723 1707 1794 prole·

414 1808 484 1861 nturi
507 1813 587 1865 sunt,
611 1807 740 1861 Oratores
762 1823 828 1861 suos
851 1805 978 1861 similiter
1000 1825 1050 1880 pro
1075 1807 1221 1862 tractandis
1237 1806 1318 1862 rebus
1335 1805 1460 1861 ornuibus
1475 1806 1599 1867 mittent,
1618 1814 1707 1878 prom

414 1900 441 1946 et
463 1908 508 1947 res
530 1891 589 1965 ipsa
612 1898 640 1946 et
660 1891 782 1946 bostium
805 1890 837 1946 ad
860 1892 982 1947 suturam
1004 1900 1126 1946 aestatem
1149 1900 1296 1964 apparatus
1319 1891 1461 1964 roquirere
1485 1891 1655 1947 rislelmntur.

498 1983 541 2034 40.
564 1975 623 2029 Non
646 1975 734 2031 minus
758 1976 837 2032 etiam
860 1976 1001 2049 negotium
1024 1975 1199 2050 expostulare
1221 1977 1356 2039 creditur,
1386 1984 1415 2030 nt
1438 1975 1524 2049 Reges
1552 1994 1583 2031 ae
1604 1976 1707 2031 Princi-

384 2069 461 2135 ¹ipes
483 2060 630 2115 Christiani
653 2058 721 2116 alios
744 2062 873 2116 Oratores
896 2061 923 2116 in
939 2061 1036 2116 Urbem
1060 2062 1091 2116 ad
1114 2062 1315 2116 sanctissimum
1338 2061 1474 2116 dominum
1499 2069 1622 2116 nostrum
1646 2061 1713 2116 ruit-1

414 2153 487 2207 tant,
510 2152 559 2201 aut
581 2161 628 2201 eos
651 2145 697 2218 qni
720 2155 894 2221 nauseant,
917 2146 1091 2206 cuntirment.
1115 2146 1162 2218 qrri
1185 2145 1227 2200 bis
1251 2146 1338 2201 tribus
1361 2146 1438 2201 aratris
1460 2146 1639 2218 suscipienda·
1661 2163 1706 2200 ex·

414 2230 562 2305 peditionis
584 2248 646 2285 euru
669 2249 717 2286 sua
740 2231 890 2286 Sanctitate
913 2231 1023 2303 negotia
1052 2230 1160 2303 singula
1185 2239 1315 2293 tractent,
1344 2241 1372 2286 et
1401 2248 1459 2286 earn
1490 2230 1631 2292 inducant,
1661 2230 1707 2285 ad-

413 2316 561 2371 hortentur
583 2334 614 2372 ae
637 2316 729 2372 iurent
752 2315 825 2371 ouini
848 2316 939 2371 studio
962 2324 989 2371 et
1010 2325 1124 2379 conatu,
1149 2325 1179 2371 ut
1194 2334 1254 2388 spirae
1269 2315 1398 2372 coriclusa
1415 2315 1530 2378 luerint,
1554 2317 1705 2390 praesertim

413 2410 502 2458 autem
526 2401 667 2474 imperatae
690 2401 870 2474 undequaque
893 2401 1013 2474 pecuniae
1036 2401 1203 2457 exactionem
1226 2402 1373 2474 copiasque
1389 2400 1581 2474 expediendas,
1605 2401 1708 2474 stipen-

388 2486 454 2541 ²'dia
478 2484 622 2548 solvenda,
644 2486 868 2560 corcordianupre
891 2486 1050 2541 Obristiana·
1073 2484 1230 2558 reipublicae
1253 2505 1283 2542 ae
1305 2487 1457 2559 praesertim
1482 2487 1532 2542 iam
1554 2486 1640 2541 dictas
1662 2503 1707 2541 ser

413 2588 548 2626 annorum
570 2570 691 2627 inducias
713 2571 809 2645 exequi
834 2590 864 2627 ac
886 2588 1048 2627 conservare
1071 2571 1139 2625 totis
1163 2570 1265 2626 viribus
1287 2579 1391 2626 eruent.

930 2739 1201 2746 -——-———-

1031 2869 1090 2934 VI.

482 2993 635 3058 Propositis
653 2993 848 3058 suprascriptis
867 2991 1114 3058 consultationibus
1133 2992 1240 3054 (Bzovii
1263 2992 1348 3041 verba
1372 2991 1455 3053 sunt),
1480 2997 1545 3041 ante
1570 3008 1651 3055 quarn
1674 2993 1708 3040 ad

416 3077 642 3128 deliberationem
663 3082 690 3126 et
713 3076 846 3143 suffragia
871 3076 987 3125 ferenda
1009 3077 1076 3125 itum
1102 3081 1188 3137 esset,
1212 3076 1360 3126 Udalricus
1385 3077 1522 3127 Hnttonus
1550 3076 1709 3126 tabularum

415 3162 559 3227 princeps,
584 3178 601 3211 a
619 3162 762 3211 Friderieo
785 3163 863 3210 Duce
887 3161 1028 3222 Senoniae,
1054 3177 1157 3211 summo
1180 3161 1324 3222 Pontifici,
1352 3162 1522 3221 Austrissis,
1547 3168 1575 3210 et
1597 3161 1709 3210 Alberto

384 3245 529 3297 arfinan
547 3246 696 3312 iniquiore,
721 3246 987 3310 adductus‘iamque
1011 3246 1126 3298 Lutberi
1150 3246 1267 3298 classico
1291 3251 1388 3296 eorrtra
1411 3246 1505 3297 sedem
1523 3246 1709 3311 apostoticam

416 3331 450 3381 ed
468 3331 667 3396 impudentiam
685 3332 822 3382 excitatus
840 3331 1038 3381 dissuasorium
1057 3331 1201 3380 calumniis
1221 3335 1248 3380 ct
1265 3330 1381 3381 laesoriis
1399 3331 1509 3396 plenam
1532 3332 1560 3380 in
1579 3347 1711 3382 consessu

415 3417 573 3467 Electorum
592 3417 729 3479 evomuit,
753 3416 826 3465 inter
845 3415 902 3464 alia
920 3416 1063 3477 mentitus,
1089 3415 1250 3466 Pontificum
1275 3417 1334 3465 artri
1358 3416 1497 3466 sitientem
1520 3433 1569 3482 per
1587 3417 1708 3481 speciem

416 3501 481 3553 belli
504 3504 579 3552 sacri
602 3501 674 3552 velle
698 3501 790 3551 orbem
814 3500 951 3565 expilare:
982 3517 1016 3562 ep
1040 3500 1073 3549 de
1099 3516 1185 3550 causa
1209 3500 1318 3566 legatus
1343 3506 1473 3565 quatuor,
1505 3506 1535 3550 ut
1562 3503 1709 3566 pecuniam

416 3586 570 3651 mulgeant,
590 3586 756 3638 destinasse:
776 3601 876 3634 novam
895 3601 966 3634 nune
979 3585 1164 3655 'tyrannidem
1185 3601 1267 3650 super
1286 3586 1357 3636 alias
1375 3586 1517 3648 solennes,
1537 3601 1619 3650 super
1631 3585 1710 3634 (llari-

386 3667 524 3721 ³⁰stiaraos
544 3673 731 3738 excogitasse,
751 3671 870 3720 'furcam
888 3671 944 3720 iam
963 3686 1016 3720 non
1035 3670 1064 3719 in
1082 3671 1161 3731 Asia,
1181 3670 1276 3720 sedin
1295 3670 1379 3720 Italia
1399 3671 1586 3735 quaerendum,
1606 3671 1651 3735 qui
1669 3671 1708 3719 iu-

417 3755 499 3806 bente
517 3757 712 3822 superstitione
736 3771 831 3806 aurum
853 3755 937 3821 petit,
961 3756 1141 3805 renuentibus
1164 3756 1268 3805 fulmen
1289 3762 1425 3819 ostentat,
1454 3755 1562 3822 Templi
1588 3757 1709 3820 speciem

486 3942 636 4009 ¹&supra
653 3943 794 4008 proposito
809 3947 831 3993 1.
851 3958 935 4008 snpra
953 3943 1045 4008 posita
1058 3946 1084 3991 4.
1132 3942 1369 3993 disserantornd.
1415 3940 1490 4009 ‘acl
1511 3948 1539 3992 et
1552 3945 1577 3992 4.
1626 3940 1710 4005 ctu]

418 4032 569 4079 annm.
603 4027 636 4059 Μ
653 4033 710 4078 toto
730 4044 761 4077 eo
780 4033 812 4077 tr.
825 4031 848 4077 4.
890 4024 1086 4078 ⁴et1’.2...4.
1132 4025 1291 4092 ⁵et]ned.
1327 4027 1574 4086 ividetusuea.
1594 4032 1708 4091 prom...

418 4114 618 4165 videturomA.
654 4109 722 4178 let]
743 4116 814 4163 aet.
850 4110 1054 4162 ”editions
1089 4110 1133 4143 ⁹⁴⁰
1151 4117 1179 4161 et
1197 4110 1292 4177 etiam]
1312 4119 1350 4173 ut,
1369 4113 1452 4162 etiam
1467 4115 1491 4161 t.
1527 4109 1709 4175 ¹⁰pers.]ex·

419 4199 571 4248 istentast.
625 4195 646 4228 ¹²
664 4193 801 4263 omnibus]
821 4197 966 4247 omniunt.
1021 4194 1074 4229 ¹²⁴³
1093 4198 1399 4262 prout...videbuntnr.
1419 4213 1466 4246 orn.
1484 4199 1566 4246 1...s.
1615 4195 1710 4245 ¹⁵sarr·

418 4289 490 4334 etum
508 4285 534 4333 4.
589 4280 609 4315 ¹⁹
628 4279 671 4346 se]
692 4286 719 4331 et
738 4285 762 4330 4.
799 4282 890 4332 studio
910 4288 938 4331 et
950 4285 1030 4332 arad.
1066 4282 1213 4332 sueruntd.
1250 4271 1710 4347 praes.aut.]'prresertimqne2.3.

418 4369 570 4435 praesertim
622 4366 840 4417 induciarum.
890 4365 943 4398 ¹⁹⁴⁰
960 4368 1022 4432 stip.
1035 4366 1138 4417 solu&
1156 4366 1304 4418 solvendas
1317 4370 1375 4415 2.3.
1423 4364 1444 4396 ²¹
1462 4371 1511 4414 tot.
1526 4366 1576 4415 vir.
1591 4381 1667 4430 axeq.
1683 4372 1711 4415 et

419 4456 597 4505 commum.
651 4449 759 4515 „Apris
777 4441 1001 4516 avoir‘rapportd
1020 4457 1094 4502 cette
1115 4452 1298 4501 consultation
1317 4451 1387 4500 dans
1404 4465 1453 4500 son
1474 4449 1599 4513 journal,
1623 4450 1649 4499 le
1668 4466 1710 4500 sc·

419 4536 535 4589 ere'tairs
549 4537 585 4588 du
598 4536 757 4588 ehaucelier
772 4539 880 4602 Duprat
899 4536 952 4586 seit
970 4544 1042 4601 nette
1062 4536 1193 4588 reflexion
1212 4538 1328 4601 critique
1346 4550 1393 4584 sur
1410 4535 1502 4584 l‘issne
1523 4539 1621 4599 qn'une
1645 4535 1710 4584 telle

418 4623 585 4688 diverqenee
602 4621 741 4687 d’opinion
760 4626 789 4672 et
806 4619 934 4672 t'intsret
952 4604 1046 4672 devait
1064 4621 1276 4671 iraturellement
1294 4622 1365 4671 taire
1388 4617 1521 4686 presager
1539 4621 1555 4668 a
1573 4625 1645 4669 cette
1664 4637 1711 4669 en·

418 4708 548 4774 treprise:
568 4707 631 4771 „De
647 4711 739 4757 tontes
757 4706 798 4756 les
817 4707 1031 4769 consultatione,
1055 4706 1142 4763 dit-il,
1167 4707 1200 4756 de
1220 4707 1291 4756 faire
1315 4706 1343 4755 la
1361 4720 1459 4770 guerre
1479 4720 1515 4754 au
1532 4706 1617 4766 Τιιεε,
1641 4709 1712 4756 n'est

416 4794 595 4849 surtiauena
612 4790 703 4842 effect
743 4792 799 4843 Par
817 4792 863 4855 qui
882 4792 902 4841 il
926 4807 943 4841 a
961 4793 1045 4841 tenu?
1067 4792 1181 4841 Nescio:
1209 4792 1286 4842 Deus
1304 4791 1367 4842 seit.
1390 4790 1476 4840 Miser
1493 4796 1536 4840 est
1552 4806 1637 4855 papa,
1664 4806 1712 4841 rex

418 4877 462 4931 rel
480 4878 611 4944 princeps
630 4876 703 4942 apud
721 4892 801 4942 quem
855 4877 948 4927 Verba
970 4877 1146 4926 reticentur‘.
1164 4879 1189 4926 4.
1269 4875 1290 4908 ¹⁸
1309 4875 1369 4926 scil.
1394 4874 1546 4925 Huttenum
1570 4880 1711 4925 auctorem

418 4963 504 5016 fuine
521 4961 616 5014 libelli
638 4961 800 5012 dissuasorii
817 4977 902 5027 supra
919 4979 945 5027 p.
962 4960 1019 5015 168.
1032 4976 1091 5026 sqq.
1115 4960 1230 5025 repetiti
1250 4977 1311 5012 eum
1339 4961 1477 5026 plerisque
1501 4961 1560 5010 fere
1585 4959 1711 5010 omnibns

419 5047 490 5099 falso
502 5047 560 5099 sibi
571 5051 748 5113 manassent
759 5047 885 5098 Bruuius.
922 5045 945 5079 ²⁸
956 5046 1032 5100 notarit
1043 5045 1176 5108 ledonis,
1195 5043 1367 5110 λοιδορίαις,
1387 5045 1529 5097 conviciis.
