4300 6059
462 694 508 762 50
594 723 718 758 HVT'I'EM
736 723 765 757 nt
784 723 876 758 DVCR!
895 714 1171 756 WlBTENPERGF-NSEH
1191 723 1291 757 ortano
1312 724 1354 758 111.
1374 724 1487 758 uterum
1505 724 1531 759 Δ.
1548 719 1605 758 1617.

1553 788 1566 819 N

392 877 617 944 consulueritis
663 878 727 938 Dixi
756 895 816 937 non
844 894 908 937 csse
936 879 1027 937 ironiae
1056 875 1132 936 illam
1164 877 1349 954 petitionem,
1381 879 1432 941 sed
1462 877 1530 939 belli
1559 878 1761 957 machinamr

459 980 558 1042 nroruri
581 980 744 1049 desertum,
779 979 965 1058 desperatum
988 997 1022 1038 ac
1045 978 1169 1039 fractum
1192 979 1333 1057 opprimi:
1367 978 1445 1057 quod
1473 981 1540 1058 quia
1562 962 1759 1058 neglexistis(

459 1084 487 1141 in
511 1088 649 1166 quantum
674 1080 758 1141 lamae
776 1081 933 1141 discrimen
949 1081 1123 1141 deveneritis
1139 1080 1254 1149 ridetis;
1278 1078 1418 1158 quid'sret
1437 1081 1462 1140 si
1477 1081 1598 1141 ulterius
1614 1082 1739 1141 crmctati

458 1202 575 1243 omnem
597 1182 742 1242 iudicandi
765 1179 932 1243 facultatem
954 1182 1109 1243 amittatis?
1136 1189 1223 1261 turpe
1246 1189 1275 1243 et
1296 1183 1523 1261 ignominiosum
1546 1192 1590 1243 cst
1611 1185 1739 1260 segniter

426 1382 431 1392 ’
457 1386 552 1446 ricidil
575 1374 673 1455 r'eum3
697 1387 896 1464 turpissimum
920 1388 975 1447 erit
996 1405 1031 1446 ac
1053 1387 1360 1464 ignominiosissimum
1384 1393 1412 1446 et
1433 1384 1512 1446 nulla
1542 1404 1671 1465 unquam
1693 1405 1739 1454 re·

389 1471 564 1565 rie'ligione
583 1486 724 1567 expiabile
748 1489 843 1557 nelas,
866 1489 986 1547 omnino
1007 1506 1070 1566 non¹
1091 1488 1231 1548 damnari.
1277 1487 1361 1558 Quod
1384 1506 1438 1566 ego
1460 1506 1520 1547 nou
1542 1490 1653 1565 cogito,
1683 1506 1738 1548 nec

454 1592 491 1651 ita
515 1598 618 1651 vestrae
639 1590 724 1660 lldei,
752 1592 908 1666 integritati
936 1608 971 1650 ac
999 1591 1179 1650 constantie
1196 1588 1310 1658 diffido,
1339 1601 1373 1649 ut
1401 1598 1513 1650 tantum
1541 1588 1645 1649 sceleri
1667 1607 1735 1667 per·

454 1693 608 1762 missuros,
643 1699 756 1752 tantum
784 1691 924 1752 adversus
951 1690 1045 1751 bimos
1073 1709 1107 1750 ac
1134 1691 1315 1751 innocenteis
1343 1690 1467 1752 licentiae
1498 1691 1618 1751 daturos
1652 1691 1736 1751 malis

454 1796 602 1874 suspicer:
638 1794 693 1854 lioc
715 1813 767 1855 vos
788 1812 842 1872 per
865 1794 936 1854 deos
957 1791 1137 1853 immortales
1165 1811 1233 1863 oro,
1268 1811 1320 1870 per
1348 1792 1473 1853 nominis
1501 1794 1589 1854 vestri
1616 1793 1770 1860 faniano
1814 1804 1817 1811 '

429 1916 507 1976 ,per
529 1914 713 1957 communem
736 1896 875 1965 salutem,
908 1913 945 1955 ne
968 1893 1044 1954 bede
1067 1895 1184 1973 conlligi
1206 1896 1320 1955 sinatis:
1348 1913 1435 1973 quam
1467 1894 1576 1956 lardum
1596 1895 1683 1955 ‘enim
1706 1904 1736 1954 et

403 2068 404 2072 Ἰ
454 1996 622 2060 detestabile
646 2005 690 2058 est
710 1997 823 2058 nullum
845 1999 874 2056 m
897 1997 1052 2058 Germania
1082 1998 1137 2055 nisi
1163 1998 1252 2056 ermis
1279 1998 1323 2057 ius
1351 1997 1492 2074 optineri;
1526 1998 1736 2075 quam,turpis

453 2100 500 2161 ille
523 2099 609 2160 nobis
631 2100 692 2159 dies
713 2099 879 2167 illucescet,
908 2117 965 2177 quo
991 2116 1057 2158 cum
1087 2099 1142 2157 isto
1170 2099 1299 2159 omnium
1328 2097 1472 2158 scelerum
1502 2117 1536 2158 ac
1558 2098 1734 2175 flagitiorum

454 2200 645 2261 conriiliabulo
674 2202 736 2260 baec
769 2201 998 2261 clarissimorum
1034 2200 1164 2278 equitum
1197 2218 1314 2271 manus,
1348 2201 1573 2260 fortissimorum
1604 2201 1734 2259 virorum

385 2305 531 2365 creantes
554 2302 701 2379 conlligetl
724 2302 785 2363 Nec
806 2304 931 2381 partium
955 2303 1019 2380 quis
1041 2301 1099 2361 hoc
1121 2299 1229 2362 bellum
1252 2302 1375 2372 dictitet,
1405 2303 1483 2381 quod
1512 2321 1565 2362 nos
1592 2308 1624 2391 ut
1652 2303 1731 2361 inco·
1745 2315 1769 2353 tt

453 2404 546 2466 lumes
568 2407 625 2465 sint
646 2403 743 2480 leges,
766 2405 820 2463 iste
842 2411 875 2464 nt
896 2403 1085 2481 proculcetur
1107 2405 1271 2464 innocentia
1294 2412 1389 2483 geret,
1413 2423 1467 2464 nos
1482 2411 1514 2464 ut
1529 2401 1638 2463 illatum
1654 2421 1734 2463 com·

453 2507 533 2566 muni
557 2507 657 2583 patriae
680 2506 807 2566 dedecus
830 2504 977 2575 eluamus,
998 2505 1052 2565 iste
1074 2511 1107 2565 ut
1130 2507 1255 2565 infamiae
1277 2524 1311 2565 ac
1334 2497 1504 2584 turpitudini
1521 2512 1646 2584 exponat
1661 2505 1734 2565 Ger·

453 2609 594 2675 maniam;
617 2626 686 2677 noe,
709 2610 843 2686 inquam,
867 2609 1034 2686 conscripto
1057 2606 1200 2667 nobilium
1224 2608 1353 2667 virorum
1376 2609 1522 2677 exercitu,
1552 2609 1606 2667 iste
1630 2607 1734 2686 despe-

454 2713 525 2770 ratis
547 2708 711 2769 bominibus
733 2728 767 2769 ac
790 2709 911 2786 perditis
926 2712 1049 2788 stipatus
1064 2707 1241 2779 latronibus,
1266 2708 1372 2786 quibus
1396 2710 1451 2769 lioc
1472 2707 1606 2769 vexillum
1621 2708 1746 2776 extulit..

454 2830 528 2889 quos
550 2810 586 2871 ad
608 2811 737 2888 predam
766 2819 863 2881 vocat,
893 2811 1000 2889 quibus
1026 2819 1138 2871 vestras
1167 2812 1306 2888 pecunias
1335 2811 1525 2889 diripiendas,
1558 2810 1768 2871 occidendosao

385 2913 581 2981 §.tt-liberos,
605 2913 768 2974 exurendas
790 2913 989 2991 possessiones
1010 2912 1123 2973 obiicit:
1147 2930 1223 2985 ιιοιι,ι
1243 2913 1378 2990 inquam,
1401 2914 1528 2991 partium
1544 2916 1599 2973 erit
1614 2911 1732 2982 bellum,

452 3010 511 3076 sed¹
525 3021 627 3075 contra
649 3014 799 3081 horninem
820 3015 1031 3083 facinorosum,
1056 3004 1242 3091 desperatum
1263 3012 1421 3083 latronem,
1444 3033 1532 3093 quem
1550 3014 1656 3074 iudicio
1672 3032 1734 3092 pre-

360 3193 361 3196 *
427 3136 504 3203 *nas
525 3114 611 3177 ubbis
633 3117 703 3176 dare
726 3117 870 3196 oportuit,
900 3115 1062 3175 communis
1091 3117 1254 3176 Germaniae
1284 3116 1423 3177 defensio.
1467 3115 1622 3194 Nunquam
1650 3118 1734 3194 peius

364 3197 370 3210 ’
451 3214 562 3279 audirit'
581 3219 643 3278 baec
665 3221 757 3288 natio,
781 3236 868 3297 quam
891 3218 948 3277 hoc
970 3217 1085 3278 obiecto
1108 3204 1282 3296 obprobrio:
1306 3234 1397 3296 quare
1417 3225 1550 3278 nontam
1566 3217 1733 3296 nobisgra·

452 3328 515 3381 tum
544 3321 645 3389 facite,
680 3339 767 3399 quam
796 3321 883 3381 vestri
913 3319 1042 3388 decoris,
1068 3326 1180 3379 restrae
1207 3319 1413 3379 incolumitatis
1441 3320 1582 3380 rationem
1611 3317 1769 3397 lrabete!²⁵

383 3422 540 3493 §.aenou
562 3425 586 3483 si
609 3441 667 3500 quo
690 3423 786 3482 minus
808 3423 982 3481 sententiam
1005 3421 1119 3489 ieratis,
1142 3421 1226 3480 istius
1247 3422 1406 3500 potentiam
1429 3413 1592 3490 veremini?
1605 3420 1662 3479 boc
1677 3439 1732 3498 pu·
1802 3458 1823 3491 χ

451 3525 531 3587 doris
552 3526 690 3603 accipite,
714 3524 867 3601 praemium
890 3524 1005 3583 statuite
1035 3522 1060 3581 ei
1090 3523 1139 3600 qui
1161 3539 1216 3599 pro
1238 3523 1319 3583 robis
1341 3523 1398 3582 boc
1420 3515 1502 3584 nelas
1523 3521 1658 3582 amolitus
1680 3525 1731 3583 sit:

451 3627 530 3705 quod
553 3627 601 3703 qni
624 3644 712 3685 ausus
727 3600 831 3694 luerit,
855 3624 923 3701 quid
939 3622 1017 3684 aliud
1034 3623 1137 3683 fecisse
1153 3624 1359 3701 putandusest
1373 3643 1460 3702 quam
1476 3624 1614 3685 liberasse
1630 3643 1733 3685 omues

452 3735 480 3789 et
501 3728 637 3806 praesenti
661 3725 737 3787 malo
760 3735 788 3786 ct
809 3727 899 3787 luturi
922 3724 1092 3790 formidine,
1117 3726 1307 3803 omniumque
1329 3725 1557 3788 incolumitatem
1579 3745 1632 3786 suo
1647 3727 1733 3788 rede·

451 3831 538 3890 misse
559 3828 708 3908 periculo;
732 3820 857 3906 denique
878 3827 958 3904 leges
980 3828 1128 3905 quasiste
1150 3828 1295 3888 invertere
1317 3828 1443 3897 studuit,
1466 3848 1518 3888 sua
1539 3829 1644 3888 virtute
1660 3841 1766 3888 con-³⁰

452 3932 602 3992 serrassel
624 3948 720 4008 neque
742 3932 767 3991 is
790 3929 848 3989 ullo
863 3929 992 3989 lraudari
1009 3929 1121 3988 bonore
1136 3928 1238 3995 debet,
1262 3931 1312 4006 qu'i
1327 3931 1515 4008 tyrannicida
1532 3928 1631 3990 liaberi
1647 3929 1731 3990 solet.

384 4041 442 4091 §.⁵2
453 4031 536 4102 Quod
560 4032 599 4092 dli
621 4031 725 4092 melius
747 4038 861 4092 vertant
882 4049 969 4108 quam
992 4048 1046 4090 nos
1069 4031 1123 4088 isto
1147 4029 1279 4091 Graeculo
1302 4048 1384 4091 more
1406 4031 1583 4092 ulciscamur
1611 4032 1732 4102 scelera,

453 4135 494 4194 sic
516 4132 718 4194 malefactores
745 4133 916 4211 puniamus,
950 4139 1062 4191 tantum
1090 4150 1105 4190 a
1135 4133 1277 4191 maiorum
1306 4134 1517 4195 consuetudine
1543 4135 1732 4195 recedamus!

453 4233 510 4294 Sed
532 4252 698 4314 quanquam
729 4236 885 4312 suspicioni
908 4232 989 4293 locus
1011 4234 1063 4299 sit,
1092 4231 1159 4310 plus
1182 4241 1277 4292 tamen
1300 4235 1329 4293 in
1351 4243 1445 4296 restra
1468 4237 1633 4312 integritate
1656 4236 1731 4297 fidu·

451 4336 503 4396 cie
525 4355 612 4414 quarn
634 4336 663 4395 in
687 4335 761 4396 illins
784 4336 899 4397 lortuna
923 4335 1067 4413 opinionis
1097 4334 1224 4395 colloco:
1256 4353 1350 4414 neque
1380 4338 1457 4398 eninr
1485 4337 1586 4398 feretis
1613 4346 1646 4398 ut
1673 4338 1767 4399 bocas

451 4446 552 4515 erepto
574 4456 625 4499 reo
647 4455 700 4516 per
722 4443 812 4497 totam
835 4437 871 4498 de
894 4437 975 4498 robis
1001 4436 1150 4513 Europam
1177 4455 1336 4514 queramur
1364 4457 1397 4499 ac
1429 4437 1636 4502 lamentemur:
1672 4459 1732 4519 quo

452 4592 595 4599 —-..—..
609 4593 651 4599 ...-

519 4692 580 4742 ²ac
600 4696 621 4741 1.
643 4697 671 4740 et
688 4698 716 4740 H.
748 4689 935 4741 ‘taiiiittetis
956 4693 978 4740 1.
997 4707 1066 4741 corr.
1080 4696 1108 4740 H.
1171 4708 1203 4742 cc
1222 4695 1246 4742 1.
1265 4697 1376 4743 comat.
1444 4693 1551 4744 ⁷.Nec
1570 4697 1593 4744 1.
1613 4712 1682 4745 corr.
1700 4699 1731 4748 a,

450 4775 638 4826 ⁹innocentes
658 4780 682 4824 2.
753 4773 872 4824 ¹⁰.Hoc
892 4780 914 4824 1.
939 4775 990 4824 hoc
1008 4793 1075 4824 corr.
1089 4780 1118 4823 11.
1144 4776 1223 4825 deum
1241 4777 1421 4828 immortalem
1436 4796 1508 4831 corr.
1522 4785 1551 4829 Η.
1621 4779 1642 4811 ¹²
1660 4781 1730 4831 obti-

450 4863 519 4911 neri.
540 4864 564 4908 2.
614 4858 633 4889 ¹⁵
651 4856 780 4925 partium]
801 4859 929 4909 i.e.iurc
947 4859 1014 4909 belli
1033 4861 1150 4911 intereo
1169 4861 1357 4909 dimicantium
1392 4859 1544 4928 24ορριλ.
1581 4862 1601 4894 ³¹
1620 4864 1729 4915 soletl.

451 4947 516 4996 olim
534 4944 629 4994 solitus
648 4950 698 4994 est.
718 4960 785 4994 corr.
799 4950 826 4992 n.
847 4944 885 4993 dii
908 4944 1004 4993 melius
1026 4952 1136 4996 vertant
1157 4948 1277 4995 deteriore
1295 4949 1324 4994 lt.
1343 4947 1449 5012 advectat
1465 4950 1491 4997 2.
1512 4950 1560 4996 aed
1581 4951 1605 4996 ei
1626 4951 1728 5014 deterit,

452 5031 588 5104 adscripsit
606 5029 680 5079 etiam
698 5029 764 5078 deus
781 5045 815 5079 ιιι.
835 5035 924 5079 vertet
941 5036 984 5078 cut
1000 5031 1079 5079 elmtle
1097 5031 1165 5095 quid.
1184 5030 1268 5079 Locroe
1285 5030 1311 5078 in
1329 5031 1354 5078 2.
1372 5030 1427 5079 eine
1443 5045 1518 5080 aenea
1536 5039 1582 5081 eet.

830 5194 851 5235 0
