4300 6059
449 680 521 752 218
540 712 571 746 11.
584 711 685 754 Tnario.
699 711 797 746 runnu.
811 711 963 746 hunnerici
976 712 1085 747 CONTRA
1098 712 1221 748 THVRCAS
1235 711 1336 748 ORATIO
1348 711 1385 746 AD
1395 712 1541 747 Gunuuuos
1556 712 1652 748 nana.
1663 706 1723 749 1518.

401 935 406 943 .
447 871 624 927 recordentur
638 869 779 932 malorum,
795 887 843 926 uec
859 870 950 927 sutura
964 872 1144 946 prospiciant:
1168 889 1227 944 qnae
1243 888 1286 926 res
1303 872 1328 926 in
1345 871 1438 927 alienis
1453 872 1621 927 detrimentis
1637 872 1723 931 multo

391 961 435 1012 tt.
448 957 616 1011 manifestius
638 964 757 1030 apparet.
802 955 933 1011 Caeterum
955 956 1090 1012 deberetis
1112 956 1283 1012 considerare
1305 973 1355 1011 nos
1378 974 1472 1012 omnes
1495 957 1521 1011 in
1545 957 1636 1013 cadem
1663 975 1724 1014 esse

446 1041 521 1102 uari,
552 1041 645 1095 iisdem
666 1040 794 1113 procellis
817 1041 874 1113 agi,
903 1040 1013 1097 eandem
1036 1041 1173 1096 lertu'nam
1195 1040 1334 1096 subituros
1357 1059 1430 1096 esse:
1459 1058 1512 1097 non
1542 1040 1629 1097 solum
1651 1043 1722 1100 enirn

350 1137 352 1140 ·
445 1126 471 1180 iu
496 1126 617 1186 Graecos,
640 1124 778 1199 Epirotas,
800 1124 922 1199 illyricos
937 1126 1157 1200 Pannoniusque,
1181 1142 1294 1198 quorum
1318 1127 1404 1181 maior
1424 1143 1487 1200 pars
1509 1144 1540 1183 ac
1554 1127 1651 1215 mcliog
1665 1145 1723 1184 cre-

444 1210 500 1265 bris
523 1209 687 1265 'shurcarum
710 1210 908 1266 incursionibus
930 1211 981 1268 iam
1004 1211 1139 1267 devastata
1161 1219 1217 1272 est,
1247 1218 1319 1267 tanta
1346 1210 1410 1267 belli
1432 1210 1518 1268 moles
1539 1221 1743 1285 comparaturi

444 1304 475 1350 ut
497 1295 524 1349 in
547 1295 580 1350 iis
603 1294 669 1368 ipsis
696 1295 834 1351 dumtaxat
862 1295 984 1352 terminis
1013 1296 1116 1358 lorinus
1139 1296 1336 1351 immanissimae
1363 1296 1452 1368 gentis
1481 1297 1559 1353 suror
1587 1295 1721 1353 efferveat.

444 1380 535 1453 Longe
557 1388 647 1435 autem
670 1378 755 1436 aliena
777 1387 818 1435 est
841 1398 916 1436 mens
940 1381 1079 1436 saevissimi
1103 1380 1205 1442 hostis,
1235 1380 1257 1434 si
1273 1380 1380 1455 quidem
1402 1380 1470 1436 nihil
1493 1380 1565 1437 aliud
1588 1382 1645 1437 dics
1673 1400 1723 1438 no·

444 1473 555 1538 ctcsquc
577 1465 740 1537 cogitantem
763 1465 956 1538 comperimus,
980 1482 1059 1538 quam
1082 1464 1218 1538 quomedo
1242 1465 1342 1528 omnia,
1367 1484 1533 1540 quaecunquc
1556 1465 1607 1520 sub
1629 1466 1722 1523 catho-

389 1549 493 1605 §.alica
517 1548 567 1603 tide
582 1549 769 1611 continentur,
793 1557 939 1611 everteret,
962 1548 1102 1622 perderet,
1125 1550 1157 1605 ad
1173 1549 1311 1605 interitum
1326 1550 1477 1606 deduceret.
1511 1550 1587 1618 Quod
1601 1551 1623 1605 si
1645 1553 1721 1624 quis·

442 1635 512 1708 piam
542 1642 568 1689 et
597 1634 672 1689 initia
699 1652 789 1691 rernm
815 1642 843 1690 et
871 1651 1033 1709 progressus
1059 1633 1206 1708 diligenter
1234 1635 1445 1709 animadvertere
1472 1634 1550 1697 velit,
1579 1635 1657 1691 tacite
1687 1636 1720 1691 iis
1734 1647 1756 1686 ιο

362 1737 364 1741 ·
443 1718 567 1774 omnibus
588 1719 764 1775 assentietur:
795 1720 894 1792 quippe
923 1720 1062 1792 ostendam
1091 1736 1178 1793 neque
1207 1717 1361 1775 validiorem
1390 1719 1520 1794 populum
1549 1738 1666 1794 [mquam
1688 1720 1722 1776 ab

442 1803 507 1858 orbe
534 1804 643 1860 condito
672 1806 699 1859 in
722 1804 830 1877 Europa
857 1802 1004 1866 coaluisse,
1038 1821 1126 1877 neque
1155 1805 1278 1859 universo
1307 1803 1522 1862 Christianorum
1550 1806 1651 1866 nouriui
1681 1807 1722 1861 iu·

442 1889 586 1944 seusiorem
616 1888 892 1963 partriciosiercmque
920 1888 1018 1951 luisse,
1047 1906 1134 1962 neque
1164 1888 1355 1961 rempublicam
1378 1890 1557 1945 Christianam
1579 1897 1722 1964 tantopere

388 1983 432 2032 tr.
444 1973 627 2030 labefactatam
659 1973 685 2029 in
713 1972 859 2028 maioribus
886 1973 1012 2028 instantis
1039 1974 1125 2029 ruina·
1153 1972 1353 2029 discriminibus
1381 1974 1511 2031 extitisse.
1548 1990 1663 2048 namque
1691 1983 1723 2030 ut

441 2060 497 2132 ipsa
526 2059 691 2114 Thurcarrrm
718 2057 864 2131 primordia
893 2057 982 2131 paulo¹
1001 2056 1083 2113 altius
1111 2066 1246 2131 repetam,
1276 2065 1377 2131 praeter
1403 2034 1533 2115 Herodoti
1561 2077 1591 2114 ac
1613 2058 1757 2115 Diodorirs

380 2213 383 2220 1
440 2143 599 2198 sententiam
628 2142 670 2214 (de
692 2143 773 2198 blesis
803 2152 893 2198 autern
922 2141 1053 2199 relatione·
1075 2143 1126 2198 alia
1148 2149 1191 2198 est
1212 2142 1404 2214 consideratio)
1432 2150 1540 2199 constat
1562 2145 1722 2217 Scytharum

440 2220 673 2314 {f’ssssutgssiflffll
701 2237 796 2301 gentes
824 2228 1024 2303 antiquissimas
1052 2245 1083 2284 ac
1111 2244 1218 2301 semper
1245 2227 1470 2301 populosissimas
1493 2228 1591 2289 luisse,
1621 2229 1722 2302 quippe

439 2307 555 2384 ΙΙΙΙΙἸΜΙἾ
578 2309 585 2391 Ι
607 2330 656 2368 nce
671 2330 800 2387 aquarum
818 2313 1000 2382 inundatione,
1023 2312 1093 2369 sicut
1108 2313 1210 2375 caeteri,
1233 2313 1370 2386 submergi
1386 2320 1543 2387 potuerunt.
1559 2331 1642 2386 quum
1657 2314 1722 2369 emi·

440 2398 588 2453 acutiorem
611 2405 715 2471 partem
738 2405 818 2452 terrae
842 2397 919 2470 quasi
941 2397 1072 2470 quandam
1096 2415 1182 2453 arcem
1205 2404 1328 2460 teneant,
1352 2407 1382 2453 ut
1397 2398 1485 2454 omnia
1507 2399 1567 2454 inde
1591 2407 1649 2453 orta
1673 2399 1722 2454 tlu-

439 2475 557 2561 {ffilffl
579 2475 586 2559 Ι
609 2483 680 2538 mina
703 2483 728 2537 in
753 2482 889 2537 meridiem
911 2483 1071 2545 decurrant:
1093 2500 1180 2556 neque
1202 2500 1233 2538 ca
1256 2483 1333 2555 regio
1355 2484 1457 2540 aestatis
1474 2483 1640 2539 incommoda
1657 2472 1755 2538 sub-²⁰

439 2567 478 2621 ire
500 2575 606 2639 potest,
635 2568 704 2623 unde
734 2576 761 2622 et
790 2584 906 2640 corpora
928 2567 1008 2623 citius
1031 2566 1245 2629 collaberentur,
1267 2577 1349 2623 etex
1372 2568 1472 2624 intecto
1494 2568 1528 2623 ab
1542 2569 1723 2624 aestuantibus

438 2651 582 2724 vaporibus
605 2669 666 2707 aere
689 2653 835 2707 innumeris
857 2652 959 2707 morbis
981 2652 1097 2708 obnoxia
1119 2652 1225 2708 serent:
1254 2652 1388 2726 siquidem
1415 2661 1442 2708 et
1471 2653 1650 2709 remotissima
1679 2661 1723 2709 est

438 2735 471 2791 ab
492 2737 674 2809 aequinoctiali
695 2736 798 2793 circulo
820 2737 1031 2810 septentrionem
1053 2754 1163 2799 versus,
1186 2745 1214 2792 et
1235 2738 1372 2793 coutinuis
1394 2738 1502 2794 datibus
1524 2736 1662 2811 aquilonis
1677 2755 1723 2793 ox·

399 2838 401 2844 ·
439 2829 585 2895 purgatur,
616 2830 716 2890 utnec
739 2822 775 2877 ibi
798 2838 893 2894 graves
915 2820 1020 2880 nebulae
1042 2817 1254 2883 condenseutur,
1282 2839 1333 2878 nec
1354 2821 1467 2878 fulmina
1488 2822 1643 2883 vibrentur,
1672 2840 1723 2879 nec

384 2913 427 2962 ab.
441 2907 560 2962 tonitrua
582 2907 766 2962 exaudiantur.
810 2906 891 2980 dtqui
914 2924 968 2975 non
992 2907 1158 2981 argumentis
1180 2905 1282 2970 solum,
1305 2906 1352 2963 sed
1375 2906 1480 2980 aliquot
1502 2905 1631 2981 exemplis
1653 2913 1756 2980 quo-²⁵

438 3009 489 3065 qne
511 2991 716 3066 comprobatum
739 2998 782 3047 est
797 2990 910 3064 Scythas
932 3001 1033 3066 praeter
1055 2991 1122 3077 ai'qas
1144 2993 1267 3048 nationes
1290 2991 1444 3047 hominibus
1465 2991 1601 3047 abundare
1616 3009 1646 3047 ac
1661 3007 1723 3048 csse

438 3076 603 3132 fortissimos
625 3075 785 3132 bellatores:
814 3092 868 3131 non
890 3093 923 3133 eo
945 3077 1054 3150 quidem
1078 3078 1193 3138 inhcias,
1223 3077 1295 3151 quod
1318 3075 1382 3132 olim
1405 3093 1488 3150 penes
1510 3076 1616 3138 Gallos,
1644 3076 1723 3149 Cym·

437 3155 581 3232 ssfflffgsstfffb
604 3153 610 3239 Ι
633 3161 712 3223 bros,
742 3161 896 3216 Teuthones
920 3179 1022 3217 summa
1045 3161 1109 3218 belli
1132 3162 1219 3234 gloria
1244 3162 1378 3223 extiterit,
1407 3169 1438 3216 ut
1464 3162 1573 3217 coeteris
1594 3161 1725 3234 gentihus

437 3247 549 3301 maxime
572 3247 673 3302 suerint
695 3244 892 3308 sorruidabiles;
916 3247 963 3301 sed
985 3247 1150 3304 infelicibus
1173 3247 1345 3319 postmodum
1368 3245 1538 3302 successibus
1561 3256 1667 3301 omnem
1684 3246 1723 3301 sa-

436 3324 615 3407 sg‘ffi'ssstsslssffg'ff
638 3324 645 3406 Ι
668 3349 736 3386 mam
758 3330 979 3403 denigraverunt:
1003 3332 1082 3387 testis
1104 3341 1145 3387 est
1168 3331 1256 3393 ltalia,
1280 3349 1341 3404 quae
1357 3331 1456 3404 saepius
1470 3330 1573 3387 Gallico
1589 3332 1758 3404 sanguinea)

355 3431 360 3439 ·
437 3415 551 3476 maduit,
574 3425 604 3471 ut
619 3415 730 3471 Romani
746 3414 839 3488 plures
855 3415 887 3470 do
911 3415 993 3471 Gallis
1016 3416 1170 3489 triumphos
1186 3433 1264 3489 quam
1280 3415 1313 3470 de
1330 3424 1388 3470 tote
1412 3423 1544 3471 terrarum
1560 3414 1626 3471 orbe
1641 3416 1724 3471 dure·

436 3492 483 3528 ⁰³¹¹*
494 3494 542 3537 ’Μ
551 3494 593 3528 ⁰⁶¹·
608 3493 614 3577 Ι
631 3501 699 3560 rint:
710 3506 794 3556 testes
810 3500 996 3574 strntbetphii,
1008 3500 1053 3556 ubi
1068 3500 1144 3556 unica
1158 3508 1319 3574 tempestate
1330 3499 1467 3556 Gallorum
1479 3500 1724 3557 exercitusBrcnne

449 3536 482 3569 hos
493 3537 557 3570 deleti.

436 3545 620 3621 ll0³¹⁰l⁰⁸lm
642 3577 649 3663 Ι
672 3585 739 3641 duce
762 3584 893 3648 concidit;
918 3585 995 3640 testis
1017 3593 1059 3641 est
1082 3587 1157 3647 hsia,
1182 3586 1210 3640 iu
1232 3603 1284 3659 qua
1307 3583 1501 3657 Tolostobogi,
1525 3585 1648 3648 Trocmi,
1672 3585 1724 3642 'l'e-

435 3621 478 3655 cini.
491 3620 568 3655 aaaron
582 3620 592 3655 i.

434 3669 538 3740 ctosagi
562 3631 693 3743 (ipramris
715 3669 761 3724 diu
784 3670 835 3724 toti
859 3669 928 3726 dsire
951 3670 989 3724 cis
1012 3670 1128 3725 Taurum
1152 3679 1268 3726 montem
1292 3669 1492 3743 imperaverint)
1515 3688 1528 3725 a
1552 3670 1600 3724 Gn.
1623 3669 1723 3726 hianlio

436 3747 665 3825 fir'ffi‘{¹filsl,ld‘,l2lff
688 3746 696 3816 Ι
718 3755 779 3812 caesi
802 3762 882 3826 atque
905 3752 1009 3811 subacti
1032 3765 1110 3811 sunt:
1133 3754 1254 3810 Cimbros
1276 3754 1486 3827 Teuthonesquc
1508 3753 1621 3810 terribili
1638 3754 1759 3811 blarte³⁵

381 3849 426 3899 §.a
437 3833 571 3893 ululantes
594 3837 620 3893 C.
636 3838 735 3894 Marius
757 3837 871 3912 Arpinas
893 3856 953 3894 eum
976 3857 1070 3910 eorum
1093 3838 1253 3912 coniugibus
1276 3855 1306 3894 ac
1328 3837 1421 3894 liberis
1442 3837 1549 3894 delerit,
1569 3912 1571 3916 Ι
1592 3840 1627 3893 dt
1649 3849 1724 3896 certe

435 3921 531 3978 heihca
552 3923 638 3978 virtus
660 3932 690 3978 ut
713 3924 740 3978 ia
763 3923 829 3996 ipsis
851 3921 936 3979 initiis
958 3925 1109 3980 neccssaria
1132 3932 1188 3985 est,
1212 3924 1269 3979 sine
1292 3942 1344 3998 qua
1367 3922 1434 3978 nihil
1456 3924 1604 3997 expugnari
1620 3931 1722 3997 potest.

436 4008 472 4063 ita
502 4007 589 4062 omnis
619 4008 676 4063 cius
699 4007 759 4062 laus
780 4009 914 4063 constanti
937 4027 967 4065 ac
991 4010 1103 4065 infracta
1126 4008 1273 4082 pertinacia
1296 4025 1384 4082 neque
1406 4007 1547 4064 laboribus
1569 4025 1659 4082 neque
1682 4007 1724 4064 lu·

435 4092 479 4146 xui
504 4092 702 4148 succumbendo
725 4100 943 4148 consummatur:
972 4095 1041 4150 unde
1069 4111 1123 4149 uon
1145 4092 1280 4149 innuerito
1302 4093 1435 4169 creditqm
1457 4101 1499 4148 est
1522 4110 1603 4167 regua
1620 4093 1724 4150 iisdem

382 4199 392 4207 ·
434 4169 619 4248 ξηΙζῑΙξΙξΙΙΙΙ’··
644 4169 652 4254 Ι
675 4176 778 4232 artibus
803 4179 901 4240 teneri,
926 4178 1024 4252 quibus
1046 4187 1123 4251 parta
1147 4178 1256 4233 suerint.
1301 4179 1328 4233 hr
1351 4194 1404 4250 qua
1427 4191 1455 4233 re
1478 4178 1591 4251 Scythas
1613 4185 1760 4251 geutemtss

434 4262 513 4316 lrrnris
535 4279 566 4317 ac
588 4260 689 4317 laboris
713 4262 836 4335 invictam
859 4262 1018 4320 excelluisse
1042 4280 1120 4319 neruo
1143 4261 1267 4335 negabit,
1298 4262 1343 4335 qui
1372 4262 1445 4318 domi
1468 4263 1590 4336 lorisque
1612 4264 1725 4336 egregia

434 4363 543 4418 semper
565 4363 648 4420 opera
670 4354 827 4419 gesserunt:
852 4349 913 4422 quis
936 4349 1007 4404 enim
1031 4365 1148 4421 unquam
1164 4347 1324 4421 Scytharum
1340 4346 1413 4403 vsines
1429 4348 1487 4404 sine
1502 4364 1597 4421 magua
1614 4348 1724 4404 infamia

433 4423 696 4511 {gflffifffifflffl'
719 4423 726 4512 Ι
748 4441 848 4506 praeter
875 4432 1054 4489 Alexandrum
1085 4443 1211 4506 magnum
1239 4432 1378 4506 ingressus
1406 4435 1466 4488 cst?
1494 4435 1528 4488 m
1548 4432 1723 4506 Zopirionem

487 4591 510 4642 '²
527 4612 556 4661 in
574 4613 634 4662 ead.
648 4611 685 4679 m]
705 4613 999 4664 cie.adniv.xl1.o.
1035 4612 1046 4644 ⁹
1064 4615 1133 4664 Hane
1152 4614 1235 4664 initia
1252 4628 1341 4664 rerum
1361 4630 1421 4663 cum
1439 4595 1491 4680 pro¹
1507 4619 1590 4682 captu
1608 4615 1723 4666 istorum

433 4701 584 4762 temporum
598 4712 615 4746 a
627 4698 737 4762 Scythis
750 4699 869 4749 deducta
888 4698 1067 4764 explicentur,
1088 4699 1291 4749 enarrationem
1310 4697 1488 4749 adnotatione
1506 4699 1640 4750 historice
1657 4716 1724 4751 one-

432 4797 493 4831 rare
512 4782 654 4838 noluimus.
692 4783 712 4816 ¹⁸
729 4783 807 4833 ruine
827 4786 850 4832 1.
892 4780 914 4814 ¹⁸
931 4783 1061 4835 Herodot.
1075 4781 1154 4833 lvt'r.
1168 4798 1226 4847 sqq.
1270 4783 1352 4832 Diod.
1367 4781 1421 4832 Sic.
1435 4784 1472 4833 11.
1488 4783 1544 4834 125.
1591 4781 1665 4848 §.tl
1685 4783 1724 4835 es.

431 4866 528 4915 lustin.
542 4867 578 4916 ΙΙ.
594 4867 616 4916 1.
652 4865 673 4899 ²⁹
694 4864 870 4916 successibus
890 4870 912 4915 t.
955 4866 978 4899 ³²
996 4860 1107 4934 Delphi]
1127 4868 1186 4916 Liv.
1200 4864 1400 4918 xxxv111.to.
1416 4868 1452 4917 cs.
1465 4868 1526 4917 Vel.
1540 4868 1613 4918 Max.
1626 4869 1647 4918 1.
1664 4868 1723 4929 sps.

433 4965 456 5000 c.
470 4950 587 5014 interpp.
623 4949 645 4982 ³³
663 4948 941 5016 Tolistob,]11iv.i.e.
977 4950 999 4983 ³⁶
1017 4949 1130 5016 Cirrabe]
1143 4951 1204 5002 vat.
1218 4952 1290 5002 Max.
1304 4950 1417 5012 VI.9,tt.
1432 4969 1456 5002 c.
1470 4952 1588 5018 interpp.
1633 4951 1655 4984 ⁴³
1679 4955 1723 5004 De

433 5032 582 5097 Sepyrione
595 5034 631 5084 cs.
651 5035 745 5084 lustin.
765 5035 902 5085 xxxvtl.
916 5035 940 5086 3.
955 5035 991 5085 cs.
1004 5037 1066 5086 xn.
1084 5035 1105 5085 l.
1121 5034 1195 5085 Cart.
1209 5035 1242 5100 X.
1261 5036 1317 5095 l‚tt.
1353 5034 1374 5067 ³⁹
1386 5035 1488 5086 Iuliani
1501 5036 1565 5101 imp.
1579 5036 1693 5088 dietum.
