4300 6059
486 720 608 755 narratu
628 719 657 755 ιιι
677 719 769 755 DVCEH
788 719 1063 755 tvtttrttttrttttuttttsmt
1082 718 1186 754 ontnto
1205 720 1261 754 tttt.
1287 720 1314 754 tt.
1329 719 1393 755 Avo·
1405 718 1431 754 Δ.
1446 713 1506 756 ibid.
1588 691 1634 764 75

349 878 462 955 ripem,
491 874 644 951 indignum
666 872 766 945 titulo,
794 875 884 951 signis
908 892 942 934 ac
964 876 1083 934 nomine
1110 875 1236 934 iudiecti
1263 873 1391 951 aliquam
1421 876 1498 936 enim
1513 882 1637 936 tautam

349 977 565 1060 turpitudinem
587 993 733 1037 essenon
755 976 859 1045 credo,
882 994 969 1054 quam
992 984 1023 1036 tu
1046 994 1104 1036 uon
1128 974 1172 1036 vol
1194 975 1347 1037 admiseris
1368 975 1412 1037 vel
1433 979 1532 1057 siper
1555 979 1636 1056 igna-

349 1080 426 1178 viam
449 1079 573 1146 audeas,
596 1079 751 1139 admittere
774 1075 852 1139 velis.
890 1085 936 1147 tu,
960 1097 1026 1146 oum
1049 1078 1249 1155 turpissimum
1270 1080 1390 1139 situum
1406 1078 1564 1161 eobellum
1580 1091 1703 1157 getam

350 1201 418 1244 rere
449 1182 569 1260 quicum
592 1179 774 1241 familiariter
795 1182 918 1250 vixeris,
951 1199 1017 1241 eum
1041 1167 1324 1241 interlecis‘tietiam
1350 1199 1437 1259 quom
1462 1182 1637 1241 amicissima

328 1283 565 1345 sconsuetudiue
588 1282 718 1343 iunctum
741 1281 885 1343 habebas:
914 1282 972 1342 boc
1000 1300 1097 1361 neque
1119 1281 1225 1342 Turum
1247 1282 1393 1353 lacerent,
1420 1299 1516 1360 neque
1539 1283 1584 1342 isti
1607 1284 1637 1341 in

349 1388 431 1447 omni
455 1385 562 1447 saevitia
584 1384 716 1463 primarii
738 1384 864 1445 artilices
886 1384 1009 1453 libussi;
1033 1402 1150 1462 semper
1173 1386 1251 1444 enim
1273 1385 1304 1444 in
1325 1383 1425 1444 bostes
1445 1385 1571 1445 ferocire
1592 1403 1637 1445 sa·
1709 1417 1714 1432 ·

264 1499 267 1503 ’
351 1491 389 1549 tis
412 1487 595 1554 babuerunt,
625 1491 657 1546 tu
680 1503 747 1546 eum
770 1487 960 1546 excarnificas
983 1486 1217 1569 quem‘alterum
1241 1493 1271 1547 te
1298 1485 1446 1565 appellare
1468 1484 1574 1572 solitus·
1593 1505 1633 1546 es.

350 1608 519 1670 quanquam
548 1588 620 1649 nibd
647 1606 749 1649 ntoror
776 1588 852 1649 banc
880 1595 907 1648 te
937 1590 1092 1649 amicitiam
1119 1587 1271 1648 simulasse
1299 1595 1342 1648 tot
1370 1606 1478 1656 annos;
1512 1587 1703 1667 quodsienr,

350 1691 601 1770 quemadmodum
625 1691 715 1751 dese
738 1690 855 1769 quidam
879 1690 1008 1758 dicebat,
1038 1691 1196 1750 amicitiam
1223 1708 1257 1749 ac
1286 1690 1465 1751 inimicitiam
1486 1692 1517 1750 in
1541 1689 1638 1750 ironte

316 1814 340 1854 to
351 1812 486 1871 gereres,
516 1793 595 1854 baud
618 1793 750 1870 proditus
773 1799 848 1852 esset
870 1792 919 1853 ille
942 1802 1057 1853 noster:
1088 1788 1173 1852 lacile
1201 1793 1233 1875 in
1261 1811 1393 1853 errorem
1422 1792 1542 1853 abducit
1568 1793 1637 1867 sim·

349 1895 437 1975 plicia
459 1897 577 1973 ingenia
600 1896 652 1971 qui
673 1893 812 1954 simulare
834 1912 868 1954 ac
890 1893 1073 1954 dissimulare
1096 1895 1207 1971 peritus
1230 1900 1290 1955 est:
1312 1903 1341 1955 te
1356 1893 1433 1956 illius
1449 1895 1513 1955 vitat
1533 1912 1636 1974 synoe-

349 2000 435 2067 ritas,
459 1997 555 2077 siquid
571 1997 699 2058 oliensus
714 1996 751 2057 ab
768 2015 802 2056 eo
818 1996 937 2065 luisses,
961 1997 997 2056 ad
1020 1998 1134 2057 vertiam
1155 1995 1300 2057 reducere
1322 1996 1423 2057 debuit
1444 2002 1473 2056 et
1494 1997 1634 2083 gratiam:

350 2107 379 2160 at
401 2117 498 2178 neque
521 2097 612 2159 verbo
634 2099 731 2177 neque
754 2098 830 2159 lacto
853 2099 923 2158 viris
944 2098 1066 2174 indigno
1089 2105 1252 2158 commotus
1273 2097 1465 2176 probitatem,
1496 2101 1653 2160 bellunen·-

352 2204 421 2261 tiam
450 2220 485 2261 ae
513 2203 653 2280 optimam
682 2199 719 2261 ab
750 2203 831 2260 omni
859 2201 998 2259 virtutum
1026 2217 1136 2277 genere
1158 2198 1287 2261 indolem
1309 2201 1488 2278 puniendam
1511 2201 1633 2262 dtrxisti:

319 2321 406 2382 upro
429 2303 571 2382 exquisita
593 2303 681 2380 igitur
703 2301 810 2362 virtute
832 2320 948 2380 ponam
971 2301 1140 2371 reddidisti;
1169 2320 1224 2380 pro
1252 2300 1394 2378 singulari
1422 2320 1492 2379 erga
1523 2311 1560 2363 te‘
1576 2302 1705 2372 obeam.

348 2405 502 2484 sequentia
524 2394 698 2464 rirulentam
719 2391 796 2481 bano
819 2404 957 2464 iuvidiam
984 2403 1150 2465 obvertisti:
1179 2422 1265 2482 quam
1296 2422 1355 2463 non
1383 2412 1478 2465 tutum
1509 2412 1554 2465 est
1580 2405 1637 2465 boc

349 2508 444 2593 igitur·
471 2499 556 2585 seq'ui
584 2505 662 2584 quod
690 2507 772 2565 aiunt
800 2504 984 2584 ‘obsequium
1017 2507 1128 2567 amicos
1161 2503 1285 2584 parere’,
1319 2524 1385 2566 nam
1419 2506 1458 2567 illi
1493 2507 1637 2568 funestam

348 2609 528 2668 inimicitiam
551 2609 676 2686 peperit.
722 2607 803 2669 lubct
826 2607 956 2668 odiosam
984 2607 1149 2668 exclamare
1176 2609 1312 2668 virtutem
1341 2627 1406 2686 qum
1434 2609 1540 2669 invidia
1563 2628 1637 2669 nun·

348 2728 438 2789 quam
467 2717 562 2778 caret,
598 2710 652 2771 etsi
678 2717 707 2771 te
741 2729 776 2771 ex
809 2709 930 2770 libidine
963 2713 1061 2788 potius
1094 2727 1182 2788 quam
1209 2708 1315 2769 invidia
1344 2708 1402 2770 buc
1430 2713 1545 2770 saevitiae
1567 2730 1637 2788 pro-

314 2827 484 2890 regressum
517 2811 657 2872 credibile
690 2819 750 2881 est:
789 2811 862 2872 libet
900 2813 977 2871 enim
1011 2829 1097 2872 omno
1129 2810 1183 2871 tibi
1215 2810 1339 2880 malum,
1380 2819 1408 2871 et
1440 2811 1511 2872 nibil
1542 2813 1637 2891 placet

347 2913 434 2982 boni,
466 2921 498 2973 ut
529 2913 609 2974 nulla
635 2921 695 2974 tam
726 2896 830 2992 exigua
859 2932 945 2975 eausa
973 2913 1011 2972 sit
1037 2931 1103 2992 quae
1125 2920 1153 2973 te
1174 2931 1234 2973 non
1257 2913 1293 2973 ad
1316 2931 1403 2973 omne
1424 2913 1533 2974 malum
1555 2914 1635 2974 iacil-

347 3014 415 3076 lime
442 3016 553 3076 inritet.
598 3023 685 3094 atque
714 3034 789 3077 eam.
805 3017 836 3075 in
866 3022 893 3076 te
920 3023 1054 3076 naturam
1082 3018 1194 3093 reperi,
1225 3023 1257 3075 ut
1284 3023 1365 3075 tuam
1392 3016 1526 3076 invictam
1548 3015 1703 3084 mali-§.raa

347 3119 417 3181 tiam
440 3136 499 3197 quo
521 3135 623 3178 vocem
645 3119 766 3178 nominc
788 3135 848 3179 non
863 3116 1002 3186 babeam;
1026 3124 1128 3179 exarte
1144 3118 1237 3178 malus
1252 3136 1300 3185 es;
1324 3135 1538 3197 quemcumque
1554 3124 1636 3200 tuum

347 3219 505 3280 articulum
520 3219 646 3280 moverit
659 3220 725 3297 quis
740 3224 789 3278 aut
811 3237 1028 3298 quamcumque
1050 3221 1200 3296 sanguinis
1222 3227 1333 3297 guttam
1356 3221 1568 3297 introspexerit,
1592 3222 1637 3279 ni·

312 3321 389 3380 ubil
412 3321 484 3381 boni
502 3312 566 3390 est,
589 3321 688 3380 omnia
709 3320 777 3381 odio
800 3321 900 3397 digna,
924 3323 1024 3381 omnia
1046 3320 1167 3382 sceleris
1189 3341 1223 3381 ac
1238 3322 1378 3400 perniciei
1393 3320 1480 3399 plena
1496 3323 1636 3391 inveniet:

346 3422 510 3502 putandum
533 3430 577 3483 est
598 3422 746 3500 quandam
778 3424 860 3501 quasi
887 3421 1033 3483 malorum
1061 3440 1200 3501 operum·
1216 3423 1363 3484 officinam
1390 3440 1491 3484 rerum
1514 3431 1637 3486 matrem

345 3533 482 3586 naturam
504 3525 661 3587 instituisse
683 3532 797 3594 tecum;
821 3524 948 3585 discerni
971 3523 1070 3585 volunt
1091 3532 1141 3585 tua
1164 3526 1300 3596 erimina,
1323 3527 1412 3587 etita
1435 3525 1579 3601 gradatim
1594 3528 1637 3586 iu·

348 3634 449 3687 tense
472 3626 628 3694 dissident,
658 3632 691 3686 ut
712 3643 771 3686 uno
794 3624 936 3686 vocabulo
964 3627 1175 3706 comprehendi
1204 3629 1317 3705 possint
1344 3629 1479 3697 minime;
1508 3627 1579 3689 nibil
1609 3636 1638 3692 te

346 3747 406 3789 uno
430 3726 566 3789 acerbius
589 3735 647 3797 est,
674 3726 751 3788 nibil
774 3727 983 3795 truculentius,
1014 3728 1085 3788 nibil
1116 3729 1302 3790 inhumanius
1324 3735 1374 3790 aut
1396 3736 1497 3790 uonna
1520 3748 1637 3791 omnem

264 3894 268 3901 ,
310 3852 338 3888 ao
348 3829 513 3891 naturalem
530 3817 679 3890 ⁸rationem
701 3831 795 3909 magis
817 3831 1027 3906 compositum,
1052 3832 1113 3899 cui,
1137 3850 1204 3892 cum
1226 3832 1366 3892 nefariam
1390 3832 1498 3893 caedem
1515 3832 1636 3900 laceres,

345 3951 444 4010 neque
472 3950 588 3993 morum
617 3934 782 3993 innocentia
810 3932 838 3991 in
867 3929 915 3990 illo
945 3931 1048 3991 iurene
1075 3947 1172 4011 neque
1193 3933 1280 3994 buius
1301 3935 1392 4012 patris
1413 3941 1483 3996 artas
1503 3916 1556 3994 aut
1576 3933 1636 3993 lor·

345 4042 426 4094 tunae
446 4034 587 4110 dignitas,
612 4053 671 4113 quo
694 4036 790 4095 miuus
813 4033 911 4093 omnia
934 4035 1112 4103 invaderes
1136 4034 1256 4095 obstitit.
1301 4035 1384 4096 Unde
1405 4037 1493 4112 igitur
1515 4054 1705 4108 sumamma.

344 4135 417 4196 mibi
440 4142 552 4196 tantum
574 4138 692 4216 spiritus
714 4142 765 4197 aut
786 4138 865 4198 vocis
888 4141 1029 4214 quantum
1051 4124 1082 4195 in
1104 4143 1133 4196 te
1155 4137 1322 4215 prodigioso
1351 4137 1538 4200 malolaetore
1567 4158 1633 4199 exe·

344 4238 457 4298 orando
472 4255 646 4299 consumere
660 4237 750 4299 libert
772 4237 834 4307 Qua
857 4241 886 4299 in
909 4256 941 4299 re
964 4239 1139 4299 metuendus
1161 4240 1250 4299 eredo
1273 4258 1320 4309 es,
1344 4248 1376 4301 ut
1397 4242 1448 4319 qui
1469 4241 1533 4301 haee
1549 4240 1633 4309 dicat,

310 4343 373 4402 saei
393 4347 427 4400 tu
449 4341 502 4400 ista
525 4339 711 4401 turbulentiae
732 4346 790 4401 tum
812 4359 892 4401 arma
915 4343 1062 4420 istumque
1084 4342 1214 4401 lurorem
1245 4344 1396 4403 miniteris.
1442 4349 1470 4403 at
1498 4343 1569 4402 mibi
1599 4361 1636 4404 ne

343 4443 492 4521 propitius
513 4444 721 4521 unrpram'sis,
746 4442 775 4503 id
798 4444 941 4521 imprimis
964 4441 1067 4503 laboro
1091 4444 1273 4521 ciliciamque
1289 4446 1423 4513 omnino;
1447 4447 1544 4506 minus
1559 4447 1637 4507 enim
1718 4472 1720 4476 ·

414 4696 525 4746 ⁷Ilrtssi
543 4699 568 4745 2.
644 4696 722 4747 ⁸riue
748 4696 866 4747 altorum
888 4701 916 4747 te
938 4701 990 4748 siue
1014 4679 1130 4747 alierum
1152 4713 1195 4748 me
1217 4697 1326 4761 scribas,
1349 4716 1440 4763 porum
1462 4700 1556 4749 Latine
1578 4705 1636 4750 erit.

347 4780 369 4814 ¹⁰
389 4780 510 4847 quidam]
535 4781 587 4844 „Q.
606 4781 712 4832 Ennius
730 4783 759 4831 iu
777 4781 825 4832 illo
844 4783 1072 4834 memoratissimo
1091 4783 1161 4834 libro
1180 4783 1248 4834 dixit
1270 4821 1276 4846 ,
1281 4819 1393 4846 ........
1412 4786 1452 4834 llo
1471 4781 1540 4851 [epo]
1559 4784 1636 4850 inge·

346 4868 394 4917 nio
411 4871 495 4917 natus
512 4880 583 4924 aum,
602 4866 760 4916 Amicitiam
779 4871 863 4930 atque
882 4867 1055 4917 inimicitiam
1069 4869 1098 4917 in
1112 4868 1228 4920 frontem
1241 4874 1394 4935 promptam
1407 4873 1499 4934 gero.”
1518 4853 1589 4919 dett.
1603 4871 1636 4919 N.

345 4953 378 5001 Δ.
393 4951 466 5001 XIX.
479 4948 535 5013 8‚t.
617 4951 638 4985 ¹⁸
656 4952 768 5001 Terent.
782 4951 864 5001 Andr.
879 4953 900 5002 1.
915 4950 975 5014 l,tt.
994 4952 1169 5017 ,Obsequium
1188 4955 1302 5012 amicos,
1320 4954 1426 5004 veritas
1444 4953 1534 5003 odium
1553 4953 1635 5019 pierii.

346 5034 369 5069 ⁸⁴
387 5036 553 5102 Quoneunqp
572 5040 595 5087 1.
647 5034 670 5069 ’⁵
688 5049 845 5101 quancunq3
896 5035 917 5068 ⁸¹
936 5036 1010 5087 ,Cui
1026 5051 1121 5089 onnes.
