4300 6059
460 671 507 744 82
564 724 565 728 =
591 700 714 735 RVTTENI
733 702 762 736 nt
782 701 874 736 DVCEM
894 698 1171 733 WlRTBNPEllGENSEU
1190 696 1293 731 onxrlo
1312 696 1369 730 1111.
1393 695 1420 729 1.
1434 695 1497 730 Avo.
1510 694 1535 729 Δ.
1552 688 1608 728 toll.

460 864 488 916 to
510 854 659 932 flagitatur
681 855 828 916 damnatio
851 855 1071 932 pronuntietur,
1095 861 1153 912 tam
1177 859 1364 928 expectamus
1386 867 1471 929 quam
1495 856 1527 910 ut
1548 867 1677 928 propere
1699 849 1742 907 iu·

457 958 585 1017 dicatum
607 957 657 1016 tiat
679 960 835 1049 gestimus:
866 958 922 1015 iam
947 956 1051 1032 passim
1075 957 1152 1013 enirn
1175 971 1279 1013 omnes
1301 940 1430 1012 omnium
1453 952 1590 1012 ordinum
1612 957 1641 1010 te
1664 951 1743 1028 oapi·

456 1060 493 1118 tis
514 1057 706 1128 damnarunt,
730 1067 758 1118 te
781 1065 913 1118 extremo
935 1056 1077 1134 supplicio
1100 1054 1318 1124 adiudicarunt,
1341 1052 1486 1114 latronem
1508 1073 1543 1114 ac
1565 1052 1742 1131 parricidam

456 1161 612 1227 immitem,
636 1165 780 1226 atrocem,
810 1156 975 1227 crudelem,
1006 1157 1213 1217 immanissima
1237 1163 1303 1233 post
1324 1156 1475 1216 bominum
1498 1158 1670 1216 memoriam
1693 1173 1742 1213 oo-

456 1260 570 1322 cidendi
598 1262 696 1339 specie
723 1267 902 1339 grassatum,
933 1278 985 1338 per
1014 1256 1111 1319 scelus
1140 1265 1170 1320 et
1196 1259 1346 1317 audaciam
1373 1257 1484 1317 lindum
1507 1277 1540 1318 ac
1562 1275 1650 1336 grave
1672 1269 1765 1335 pro-⁵

455 1362 542 1423 brum
565 1363 633 1422 huic
655 1365 755 1440 patriae
777 1362 977 1430 imebentem,
1008 1362 1173 1438 prmitorem
1203 1348 1412 1419 misericordiae
1440 1378 1475 1419 ac
1503 1358 1614 1419 doloris
1641 1360 1743 1429 nostri,

387 1471 624 1530 §.nnextmmum
647 1463 734 1523 buius
757 1466 881 1524 nationis
903 1463 1040 1531 dedecus,
1063 1480 1207 1521 summam
1230 1454 1395 1528 infamiam
1418 1463 1502 1522 cuius
1518 1479 1625 1522 nornen
1641 1478 1743 1521 omnes

454 1566 630 1635 exhorrent,
661 1567 743 1625 cuius
767 1583 908 1625 occursus
930 1584 963 1625 ac
986 1571 1162 1642 conspectus
1183 1564 1301 1640 pessimi
1323 1563 1428 1623 ominis
1449 1561 1515 1623 loco
1538 1570 1594 1633 est,
1624 1563 1660 1623 de
1683 1580 1743 1640 quo

453 1685 541 1728 nemo
562 1666 691 1735 dubitat,
715 1667 740 1726 si
761 1683 815 1726 nos
836 1666 894 1726 boc
917 1665 995 1745 quod
1017 1667 1081 1726 iure
1104 1663 1228 1725 debetur
1251 1663 1448 1733 obtineamus,
1472 1665 1542 1743 quin
1559 1672 1607 1725 tua
1623 1664 1742 1725 damna-

453 1770 493 1830 tio
524 1771 667 1850 universae
690 1767 855 1828 Germaniae
877 1769 1050 1845 expurgatio
1077 1767 1122 1825 sit.
1167 1765 1294 1826 Proinde
1317 1766 1443 1827 ferocire
1466 1766 1580 1827 desine!
1603 1766 1776 1826 diuturnam

453 1869 515 1930 baec
536 1876 585 1930 tua
609 1869 726 1931 fortuna
749 1888 813 1930 esse
834 1887 895 1929 non
916 1875 1027 1948 potest:
1051 1886 1153 1927 omues
1169 1874 1197 1927 te
1212 1876 1359 1936 metuunt,
1383 1887 1485 1928 omncs
1500 1868 1642 1937 oderunt;
1665 1870 1742 1928 intra

452 1979 535 2035 tuum
557 1978 681 2041 tectum,
704 1978 786 2032 tuum
810 1970 977 2032 cubiculum
1002 1972 1043 2030 tui
1065 1971 1167 2038 timor,
1190 1971 1231 2029 tui
1248 1969 1347 2029 odium
1364 1978 1511 2036 versatur:
1535 1970 1609 2046 sugit
1625 1978 1652 2031 te
1668 1988 1743 2029 uxor

452 2080 517 2143 tua,
541 2072 671 2133 deseruit
686 2073 818 2154 optimus
836 2074 974 2151 quisque:
997 2071 1145 2150 reliquum
1168 2068 1228 2139 est,
1250 2078 1282 2132 ut
1304 2073 1323 2132 ii
1346 2091 1477 2151 quoque,
1501 2090 1626 2150 quorum
1650 2072 1742 2132 cervi·

383 2197 452 2248 §.ns
461 2173 543 2235 cibus
558 2173 697 2252 pestilens
713 2192 747 2233 ex
763 2181 791 2233 te
814 2172 922 2234 malum
946 2174 1085 2242 imminet,
1109 2180 1189 2234 metu
1211 2193 1245 2234 ac
1258 2172 1398 2252 ⁴periculo
1421 2180 1532 2234 vacent.
1576 2192 1631 2234 nec
1653 2172 1742 2233 debes

452 2275 522 2354 quid
542 2266 700 2353 loquantur
724 2274 835 2336 iudices
864 2274 938 2336 ultra
961 2278 1019 2336 iam
1048 2291 1199 2353 quaerere,
1229 2295 1295 2336 curu
1323 2277 1557 2336 xnanilestissime
1579 2275 1650 2353 quid
1671 2293 1740 2335 sen·
1754 2291 1777 2330 is

450 2379 523 2436 tiant
544 2375 701 2454 intelligas
725 2385 776 2436 aut
797 2385 954 2454 expectare
977 2376 1046 2455 quid
1068 2376 1272 2454 pronuntient,
1297 2397 1363 2437 oum
1387 2378 1455 2455 quid
1478 2379 1631 2437 statuerint
1647 2375 1741 2454 palam
1793 2448 1796 2455 ¹

450 2480 495 2539 sit.
542 2497 579 2539 no
609 2485 637 2538 te
666 2485 764 2538 autem
793 2497 895 2538 eorum
927 2477 1016 2539 verba
1044 2485 1248 2547 remorentur,
1286 2497 1413 2556 quorum
1441 2477 1618 2539 voluntatem
1647 2480 1740 2538 nosti:

368 2584 371 2590 '
451 2580 508 2640 boe
531 2586 560 2640 te
583 2579 744 2650 silentium,
773 2579 836 2639 brec
865 2581 1046 2641 taciturnitas
1069 2581 1162 2657 magis
1185 2600 1271 2659 (priam
1294 2580 1353 2641 ulla
1375 2591 1475 2658 posset
1497 2600 1552 2640 vox
1574 2599 1669 2660 poenee
1691 2581 1741 2641 ad·

384 2707 452 2757 pne,
461 2681 548 2741 dixit:
572 2680 652 2742 rides
674 2683 763 2759 igitur
786 2687 927 2759 quantum
951 2701 966 2742 a
989 2683 1136 2759 supplicio
1158 2681 1246 2751 absis,
1269 2684 1358 2743 immo
1381 2702 1468 2762 quiam
1491 2681 1561 2742 nibil
1577 2682 1674 2763 absis?
1696 2682 1742 2742 Tu

451 2801 536 2852 xero,
559 2782 655 2843 Caesar
677 2783 887 2852 Maximiliane,
911 2783 947 2844 de
971 2804 1028 2862 quo
1052 2803 1107 2843 nos
1129 2785 1171 2844 sic
1193 2785 1366 2862 opinamur,
1389 2787 1485 2845 omnia
1508 2785 1591 2864 prius
1607 2802 1776 2845 eversumro

449 2885 596 2964 iriquum
620 2885 699 2945 bunc
721 2877 897 2964 impunitum
920 2886 1014 2954 sinas,
1045 2887 1243 2966 consyderare
1272 2886 1363 2948 debes
1393 2906 1480 2966 quam
1508 2886 1683 2947 metuendus
1705 2887 1742 2947 sit

427 2972 533 3047 'furor
549 2986 613 3047 cius
628 2987 678 3066 qui
701 2986 810 3065 aliquid
833 2994 945 3064 potest,
970 2985 1041 3046 nibil
1064 2990 1185 3055 metuit;
1209 2988 1316 3049 deinde
1338 3008 1424 3068 quam
1448 3007 1479 3049 se
1501 2990 1564 3066 ipse
1586 2989 1741 3049 damnave-

390 3156 393 3162 ,
451 3090 490 3148 rit
512 3091 562 3167 qui
585 3095 616 3149 et
637 3089 786 3149 malefecit
801 3095 831 3148 et
846 3087 1022 3149 maleficium
1039 3091 1140 3155 iactat,
1165 3098 1195 3150 et
1209 3092 1322 3151 reniam
1338 3109 1396 3151 non
1414 3089 1494 3159 or'at,
1511 3099 1540 3151 et
1555 3099 1584 3152 te
1599 3110 1657 3151 una
1673 3109 1740 3151 cum

452 3188 610 3250 venerabili
632 3191 690 3251 boc
711 3190 818 3251 iudicio
842 3192 1018 3260 contemnit,
1043 3198 1071 3252 et
1100 3193 1257 3269 peregrina
1284 3193 1315 3251 in
1337 3211 1393 3252 uos
1414 3210 1495 3254 arma
1519 3201 1629 3261 moret;
1658 3195 1741 3253 cuius

382 3310 526 3365 §.lucum
548 3291 679 3352 defensio
702 3298 922 3369 expectaretur,
947 3293 1077 3352 convicia
1100 3293 1195 3352 audita
1220 3302 1295 3353 suut.
1340 3314 1394 3356 nec
1417 3297 1553 3356 insidiam
1569 3296 1672 3355 timere
1688 3295 1775 3355 ‹le-2⁵

359 3388 363 3396 ’
450 3392 518 3454 bes:
541 3392 720 3471 gloriabare
743 3395 816 3463 erit,
840 3412 898 3453 non
922 3394 1041 3455 invidia:
1065 3394 1148 3455 audis
1171 3412 1240 3455 vero
1263 3395 1328 3455 illos
1349 3396 1427 3474 apud
1442 3404 1470 3458 te
1486 3396 1649 3459 clamores?
1670 3416 1739 3458 uam

451 3512 518 3555 cum
540 3493 624 3554 multi
651 3495 806 3555 nobiscum
834 3494 966 3571 lugeant,
995 3514 1099 3557 omues
1129 3498 1249 3557 tirueant
1275 3517 1310 3557 ac
1339 3499 1557 3576 periclitentur,
1590 3518 1740 3578 nunquam

398 3603 401 3608 '
450 3614 509 3656 nou
539 3597 660 3658 auribus
688 3598 744 3657 tuis
766 3598 819 3658 ista
843 3599 981 3657 insonant
1008 3596 1130 3658 ‘Exaudi
1159 3618 1228 3669 uos,
1258 3600 1368 3669 Gaesar,
1398 3601 1519 3670 exaudi,
1550 3603 1740 3663 innocentum

451 3705 590 3777 patrone,
614 3707 804 3759 conservator
826 3700 959 3767 iustitiae,
982 3697 1124 3758 libertatis
1148 3700 1266 3770 vindex,
1290 3701 1385 3762 cultor
1405 3704 1534 3780 pietatis;
1558 3704 1740 3774 exaudinos,

451 3817 605 3862 successor
627 3800 766 3878 dirgusti,
789 3800 894 3861 mmule
916 3801 1049 3870 Traiani,
1074 3803 1240 3862 dominator
1262 3802 1357 3871 orbis,
1387 3812 1486 3864 rector
1508 3805 1628 3866 bumani
1651 3820 1775 3883 gencfao
1803 3857 1808 3865 .

384 3903 515 3974 crucris:
549 3900 670 3963 amolire
693 3901 842 3980 publicum
873 3910 1000 3973 metum,
1035 3922 1118 3965 serra
1146 3903 1285 3983 reliquias
1307 3905 1486 3976 Germania,
1517 3907 1629 3967 vindica
1657 3914 1741 3968 tuum

450 4010 581 4081 tempus,
611 4011 691 4064 tuam
714 4005 819 4063 laruam
844 4011 872 4064 et
894 4006 1151 4075 existimationem
1181 4004 1321 4080 ulciscere
1343 4006 1451 4077 bonos,
1480 4011 1551 4086 putri
1574 4009 1740 4088 improbos:

451 4103 594 4189 orborum
617 4105 653 4165 ad
676 4113 707 4190 ²0,
728 4103 839 4176 luctus,
869 4107 1059 4168 innocentum
1088 4108 1124 4167 ad
1153 4114 1182 4168 te
1210 4109 1327 4186 sanguis
1355 4110 1544 4171 vociferatur:
1574 4114 1626 4188 qui
1647 4110 1741 4190 pluri·

387 4266 391 4271 ,
452 4224 516 4266 mos
539 4206 658 4276 occidit,
680 4206 802 4285 reliquis
824 4225 926 4267 necem
950 4206 1083 4278 molitur,
1106 4208 1242 4269 omnibus
1264 4210 1566 4293 perniciemcogitat,
1595 4215 1645 4291 qui
1667 4232 1740 4274 uxo·

430 4325 500 4368 res
523 4309 605 4378 viris,
629 4315 728 4387 patres
751 4306 831 4378 tiliis,
856 4312 966 4370 amicos
989 4309 1108 4370 dimidio
1131 4312 1193 4380 sui,
1217 4316 1307 4371 totam
1330 4314 1516 4373 Germaniam
1531 4332 1584 4374 sua
1599 4332 1661 4392 spe,
1685 4331 1774 4376 suaos

453 4411 654 4487 expectatione
683 4408 809 4479 orbarit,
841 4412 891 4488 qui
919 4429 1002 4471 sacra
1032 4411 1165 4489 diripuit,
1195 4413 1298 4492 impias
1320 4414 1522 4476 sacerdotibus
1543 4435 1647 4477 manus
1668 4419 1741 4479 inie-

274 4524 286 4551 ·
384 4511 514 4579 nuncil,
547 4508 653 4589 templa
678 4510 826 4596 spoliarit,
850 4495 900 4589 qul
923 4512 1111 4574 Germaniam
1134 4514 1276 4582 vendidit,
1307 4514 1470 4583 libertates,
1500 4518 1571 4577 ritas
1592 4538 1627 4579 ac.
1649 4521 1740 4598 patri·

452 4613 550 4673 monia
572 4610 718 4672 bonorum
741 4613 845 4672 civium
869 4612 979 4673 venalia
1002 4612 1121 4682 babuit,
1145 4615 1194 4692 qui
1217 4614 1254 4676 ab
1276 4636 1308 4677 se
1330 4618 1499 4678 interlectos
1520 4622 1621 4696 patriae
1641 4621 1740 4699 sepul·

451 4721 525 4774 turae
546 4719 647 4790 negat,
670 4721 787 4776 nostros
809 4731 862 4773 uos
884 4720 1017 4774 mortuos
1038 4713 1140 4793 lugere
1156 4722 1245 4787 vetat,
1268 4720 1363 4779 omnis
1378 4719 1493 4780 saevitiae
1508 4721 1622 4794 artilex,
1644 4725 1741 4785 onmis
1779 4777 1781 4779 ,

1787 3958 1813 3985 ,Γ

519 4909 716 4982 'pronuncz
785 4917 847 4967 ⁸nc
866 4919 889 4966 1.
910 4922 984 4966 otu.
1055 4916 1213 4970 ¹⁰Diturna
1232 4926 1255 4969 1.
1326 4920 1478 4988 ¹⁵querere
1498 4927 1521 4973 1.
1591 4924 1740 4979 ²⁰addicit

450 5017 520 5052 corr.
532 5006 561 5050 u.
631 4999 653 5034 ²⁴
673 5001 775 5050 .Cuius
793 5004 822 5050 11.
891 5000 913 5032 ³²
931 5009 959 5053 ot
971 5007 1000 5053 H.
1020 5019 1052 5053 oc
1072 5008 1096 5054 1.
