4300 6059
438 699 510 772 452
531 729 653 768 avarunt
665 729 699 764 bs
713 729 828 764 evatici
844 727 978 764 HEDICAET
992 727 1088 763 10830
1097 725 1178 762 (Istis.
1187 726 1245 761 cta.
1258 725 1308 761 ΜΠ
1317 724 1447 760 nusum
1458 723 1722 760 nassasctmvn.

437 889 587 948 vissimum
603 892 655 954 est,
680 884 825 962 ‘qnorum'
848 891 881 944 ut
901 883 950 944 iiic
973 886 1028 954 ait,
1053 883 1136 944 ‘deus
1158 890 1259 943 venter
1282 879 1343 950 est',
1367 878 1475 959 quibus
1498 888 1537 940 ‘et
1558 898 1606 939 ars
1620 888 1650 940 et
1664 882 1723 939 vlta

438 988 562 1067 sagina',
586 985 821 1065 quandoquidem
845 985 956 1045 tantillo
978 984 1081 1045 labore
1101 993 1184 1045 tanto
1206 984 1330 1063 depulso
1352 982 1429 1043 maio
1452 991 1510 1042 mm
1532 985 1636 1059 ingens
1651 999 1723 1042 con·

383 1091 553 1164 anciliatur
575 1090 696 1149 honum.
742 1106 776 1147 ac
799 1087 963 1165 pericnlum
986 1086 1026 1147 ibi
1048 1089 1158 1148 iactare
1186 1087 1335 1155 desinant,
1366 1085 1444 1164 quod
1466 1102 1502 1145 ex
1524 1081 1723 1144 imbecillitate

438 1212 526 1272 quam
548 1176 667 1252 inducat
689 1188 798 1259 lomes,
822 1191 990 1267 proveniat,
1013 1190 1096 1268 quasi
1118 1191 1169 1267 qui
1191 1189 1233 1249 sic
1255 1194 1364 1257 coenet,
1387 1189 1478 1265 possit
1499 1203 1629 1264 unquam
1652 1185 1724 1245 deii·

437 1313 522 1363 cere,
549 1311 618 1367 ‚curu
641 1291 752 1352 Plinius
774 1292 852 1352 dicat
874 1294 948 1352 intra
971 1293 1129 1369 septimum
1152 1290 1230 1351 diem
1251 1290 1347 1350 inedia
1369 1291 1516 1349 nemiuem
1538 1290 1632 1357 mori,
1659 1287 1746 1366 pie-s
1797 1361 1804 1379 ι

382 1412 545 1474 §.arasque
567 1393 643 1453 ultra
668 1393 852 1453 undecimum
876 1410 993 1471 quoquc
1015 1392 1152 1461 durasse;
1176 1400 1205 1452 et
1226 1392 1362 1453 hibertus
1383 1391 1493 1452 scribat
1514 1409 1568 1451 suo
1591 1397 1726 1466 tempore

438 1502 467 1560 in
490 1498 647 1558 Germania
670 1495 758 1555 luisse
781 1496 943 1563 smminam,
973 1512 1038 1572 qum
1065 1495 1128 1554 sinc
1157 1493 1223 1555 cibo
1246 1495 1307 1556 dies
1330 1494 1505 1574 quandoque
1527 1493 1626 1569 viginti
1648 1499 1726 1551 totos

438 1600 546 1676 egerit,
570 1615 646 1675 saepo
670 1599 756 1658 etiam
778 1598 913 1673 trignum
938 1604 966 1656 et
988 1597 1081 1657 virinn
1104 1616 1136 1657 se
1159 1595 1265 1656 vidisse
1287 1597 1337 1673 qui
1359 1599 1423 1656 sine
1446 1594 1512 1655 cibo
1527 1601 1640 1672 septem
1655 1611 1725 1673 per·

382 1701 616 1764 asseveraverit
639 1699 852 1768 hebdomadas,
880 1699 1000 1760 alternis
1021 1706 1135 1758 tantum
1164 1697 1268 1759 dicbus
1295 1716 1400 1776 aquam
1433 1696 1640 1765 exorbentem;
1669 1698 1725 1756 ite·

439 1821 564 1882 rumque
591 1801 703 1861 Plinius
730 1802 812 1871 dicit,
847 1809 1031 1879 compertum
1058 1800 1115 1861 sibi
1136 1799 1258 1880 Scythas
1286 1800 1315 1859 In
1339 1800 1490 1861 duodenas
1512 1816 1762 1877 nonnunquamro

383 1906 501 1968 §.adies
523 1906 600 1964 lame
623 1910 650 1962 ot
672 1904 718 1963 siti
741 1903 864 1973 durare,
888 1904 1029 1980 quasdam
1051 1902 1145 1963 scium
1169 1902 1277 1963 herbas
1298 1903 1327 1960 in
1351 1920 1403 1963 ore
1425 1900 1582 1969 habentes3
1605 1903 1726 1960 iimmo-

440 2010 519 2067 nium
537 2001 747 2085 philosophum
771 2003 967 2065 Ciuistianum
990 2022 1141 2085 uunquam
1164 2005 1258 2065 edisse
1281 2005 1336 2062 nisi
1358 2022 1464 2081 panem
1487 2022 1585 2064 assum
1614 2002 1724 2063 ierunt.

383 2117 428 2169 §.a
439 2109 524 2179 Quod
547 2109 570 2168 si
593 2113 708 2184 reputet
731 2108 811 2184 quis,
842 2113 871 2166 et
891 2105 963 2167 iilud
986 2109 1072 2168 etiam
1095 2108 1262 2167 meminerit
1283 2104 1319 2165 ab
1343 2106 1488 2167 historicis
1510 2105 1664 2174 traditum,
1689 2122 1723 2164 er

439 2212 530 2288 iiiagis
553 2208 621 2269 oiim
645 2208 786 2287 quosdam
809 2216 916 2286 praeter
940 2210 1062 2269 lerinam
1085 2215 1114 2269 ct
1136 2207 1218 2269 olera
1241 2208 1269 2267 in
1300 2207 1399 2268 cibum
1421 2207 1492 2268 nihil
1516 2208 1724 2287 adsumpsisse,

438 2382 503 2444 fetu,
521 2378 573 2441 otis
591 2384 635 2429 tos
654 2377 676 2429 it
694 2378 749 2439 iudi
768 2377 792 2428 ir
808 2388 849 2441 rot
869 2377 914 2442 iit,
933 2375 968 2430 cti
986 2375 1069 2430 uilior
1088 2379 1127 2431 uit
1144 2379 1274 2441 terremur
1291 2383 1336 2429 tos
1354 2378 1386 2443 [ie
1404 2378 1450 2429 uit
1469 2379 1522 2431 rint
1541 2379 1565 2441 [a
1584 2377 1664 2429 Metui
1677 2376 1722 2428 ab·
1735 2386 1762 2427 ts

384 2473 428 2522 §.a
440 2466 506 2526 brut)
524 2464 564 2516 riu
583 2463 652 2526 [atur
669 2460 763 2525 [burra
781 2462 919 2525 transicit
937 2464 1030 2527 tianae
1049 2454 1126 2527 thiu,
1146 2458 1181 2515 uri
1197 2463 1305 2526 beorum
1324 2461 1366 2527 tto
1386 2462 1456 2514 tuus
1474 2459 1725 2526 incrustaturas

440 2546 571 2611 teuchira
590 2542 660 2610 urin,
679 2545 703 2609 [s
719 2549 772 2610 tot,
790 2549 895 2612 vitutus
913 2548 963 2613 [ort
983 2561 1035 2600 ura
1054 2549 1119 2601 dart
1138 2549 1164 2599 iu
1183 2548 1248 2610 [theu
1266 2552 1321 2610 tort
1339 2561 1384 2610 ror
1400 2548 1440 2598 nit
1458 2545 1506 2611 eie,
1524 2546 1606 2599 mitte
1623 2561 1648 2598 rr
1663 2554 1725 2598 sm·

439 2634 505 2695 aoht
524 2632 564 2684 ait
579 2637 678 2683 tutum
697 2631 786 2696 iterii,
809 2640 858 2684 unt
881 2633 943 2698 [dot
966 2633 1031 2695 ertia
1053 2634 1092 2685 tir
1115 2646 1147 2684 su
1172 2631 1235 2695 [prii
1257 2633 1314 2684 uter
1334 2638 1379 2684 tra
1403 2629 1484 2695 alitro
1503 2642 1544 2696 tea
1562 2636 1636 2696 reru
1654 2633 1723 2693 tati.

338 2736 342 2746 “
382 2723 428 2773 §.a
439 2717 492 2770 but
509 2719 619 2770 aibertus
637 2716 730 2781 [atriti
747 2724 791 2768 uus
809 2717 837 2769 iu
855 2718 919 2778 irini
938 2722 992 2780 tort
1010 2719 1039 2769 iu
1057 2719 1155 2782 taurini
1175 2721 1245 2769 tout}
1270 2717 1301 2780 [ti
1316 2718 1364 2779 ¹riu
1387 2716 1470 2780 trouu
1493 2717 1595 2780 semetra
1616 2717 1655 2768 tie
1678 2729 1723 2769 uu·

437 2801 560 2854 berturii?
579 2803 606 2853 in
626 2814 670 2853 ,aa
689 2808 743 2853 carr
762 2803 789 2854 tu
809 2817 867 2854 rer.
887 2800 957 2865 tauro
976 2801 1024 2854 siit
1041 2800 1114 2866 peirn
1133 2806 1173 2865 hut
1191 2807 1240 2854 sut
1258 2804 1298 2854 riu
1316 2814 1374 2854 usu
1390 2807 1432 2853 ter
1450 2803 1478 2854 tu
1497 2802 1544 2865 [itt
1564 2803 1653 2864 mrum
1673 2801 1721 2854 aiii
1734 2809 1760 2848 ²⁰

382 2885 511 2952 §.turha
531 2890 586 2949 hut,
611 2885 683 2937 stitia
705 2886 760 2937 utar
782 2891 810 2938 tri
834 2894 925 2939 nutam
949 2898 989 2951 rou
1013 2884 1093 2949 uuirt
1115 2886 1229 2951 pelopia.
1265 2885 1333 2950 Quat
1357 2886 1436 2949 [patin
1454 2887 1561 2952 vitutus
1576 2895 1601 2949 tt
1620 2887 1661 2949 bru
1678 2894 1724 2938 utu

440 2974 560 3034 §rothero
575 2970 626 3022 ,rit
641 2981 681 3033 tun
697 2971 737 3022 tir
755 2971 855 3033 menidi
873 2969 981 3035 uestitu
1000 2963 1035 3025 ori
1053 2971 1154 3024 trochi
1172 2972 1264 3036 stipis,
1283 2973 1354 3023 sitin
1372 2979 1397 3035 tu
1410 2972 1442 3035 [tr
1454 2973 1493 3024 eiu
1507 2972 1566 3024 irut
1585 2973 1612 3024 iu
1623 2977 1651 3025 ut
1665 2970 1725 3024 urit

382 3061 426 3111 ht.
438 3059 516 3119 trusi.
553 3055 598 3113 su
616 3054 669 3118 [oui
686 3062 712 3118 ss
729 3053 862 3116 amonius
881 3057 920 3107 tiu
938 3054 1085 3119 outirtihrr
1102 3056 1198 3120 caditat
1215 3053 1251 3109 ori
1272 3057 1312 3108 riu
1335 3057 1404 3122 brist
1426 3056 1473 3109 uit
1497 3055 1570 3120 reita
1593 3058 1651 3120 tat,
1674 3063 1724 3109 tus

437 3140 481 3216 ¹¹¹¹.
495 3138 587 3203 sabuti
606 3139 674 3200 brot,
698 3137 733 3190 ori
756 3137 786 3189 os
805 3140 883 3202 trtius
904 3140 987 3204 uelim
1005 3139 1076 3205 [iuti
1094 3142 1141 3194 uit
1156 3149 1182 3206 t)
1201 3143 1233 3205 iit
1250 3140 1298 3193 adt
1315 3140 1347 3194 ti
1364 3145 1411 3194 utri
1430 3139 1465 3194 oti
1483 3143 1548 3205 tetih
1567 3141 1654 3194 iriitrr
1673 3143 1724 3206 uri·

438 3225 477 3287 itu
496 3226 562 3287 trahi.
598 3221 917 3289 steteruntmaesti,
935 3226 971 3278 tir
988 3229 1056 3278 attan
1075 3225 1190 3288 &aipein
1208 3224 1256 3278 uit
1272 3223 1303 3278 tui
1321 3225 1407 3278 htiitrr
1430 3234 1477 3279 ont
1501 3229 1631 3290 maritetur
1650 3224 1722 3290 arira
1735 3229 1761 3268 ²⁵

382 3314 511 3373 §.strauit
546 3308 598 3361 buo
617 3322 668 3360 utu
687 3309 753 3360 siuet
769 3316 795 3372 si
813 3310 936 3373 beticum
960 3311 984 3374 [s
1007 3311 1060 3375 [init
1087 3325 1111 3361 tr
1131 3318 1156 3373 ts
1180 3324 1238 3363 uua
1257 3312 1284 3363 iu
1301 3310 1362 3372 riter
1380 3324 1478 3374 aornar
1496 3303 1573 3375 aruir
1592 3308 1655 3374 titt,
1674 3319 1723 3363 unu

438 3406 580 3413 ———

504 3445 511 3477 ¹
532 3442 591 3511 iiie]
611 3405 746 3509 Pauibp.
763 3445 797 3493 ad
814 3445 934 3511 Philipp.
950 3447 1000 3495 lli.
1017 3444 1053 3494 lii.
1121 3445 1147 3478 ¹¹
1166 3463 1210 3496 urs
1230 3453 1258 3496 et
1274 3463 1300 3496 v.
1320 3445 1429 3512 sagina]
1450 3446 1547 3496 Galen.
1567 3448 1641 3496 inira
1661 3463 1723 3512 cap.

437 3529 658 3590 xlx.§.55.cit.
681 3545 758 3592 quem
783 3530 872 3579 iocum
892 3531 1076 3593 Hieronymus
1095 3533 1179 3580 etiam
1205 3531 1282 3593 (adv.
1303 3533 1438 3582 Iovinian.
1459 3532 1593 3582 iib.II.c,
1611 3531 1670 3591 lt.)
1696 3538 1723 3581 et

436 3615 499 3663 inde
513 3613 661 3663 Gratianus
675 3630 735 3662 can.
748 3613 789 3663 ⁶29,
804 3615 837 3664 de
852 3630 974 3664 consecr.
988 3615 1050 3664 disi.
1065 3615 1097 3666 V.
1110 3621 1282 3680 receperunt
1319 3616 1341 3648 ¹⁰
1351 3617 1422 3667 Piin.
1436 3617 1472 3666 H.
1485 3617 1517 3666 N.
1531 3616 1579 3665 xi.
1592 3616 1634 3665 bi.
1654 3625 1722 3666 sect.

438 3697 493 3747 118.
515 3698 646 3759 „Homini
665 3712 718 3746 non
736 3699 830 3763 utiquc
850 3700 965 3764 septimo
984 3699 1068 3749 ietaie
1088 3707 1130 3750 est
1149 3700 1256 3751 inedias
1274 3702 1399 3762 durasse3
1419 3706 1448 3750 at
1465 3701 1537 3751 ultra
1549 3701 1723 3750 undecimum

437 3783 580 3848 plerosque
600 3788 703 3832 certum
725 3789 765 3832 est
783 3785 850 3834 mori
868 3785 1006 3833 esuriendi
1026 3800 1132 3851 semper
1151 3785 1312 3850 inexplebili
1332 3785 1465 3836 aviditate
1486 3785 1644 3835 animalium
1662 3786 1722 3834 uni-

436 3869 560 3930 cuique''.
613 3866 624 3896 ¹
642 3867 771 3917 hibertus
783 3869 818 3917 lii.
833 3869 851 3928 †
868 3867 938 3918 1280.
959 3869 1001 3918 Cf.
1016 3870 1092 3919 Hutt.
1107 3869 1286 3935 v01.1.p.178.
1302 3870 1329 3918 in
1342 3877 1397 3919 not.
1434 3869 1602 3934 Rhodiginus
1616 3870 1649 3919 de
1662 3872 1723 3920 viro

436 3953 482 4016 qui
500 3957 557 4001 toto
575 3951 687 4000 biennio
706 3953 765 4002 siue
784 3953 847 4002 cibo
864 3959 984 4019 potuque
1007 3956 1131 4016 vixerat,
1156 3954 1275 4017 rettulit,
1303 3961 1330 4004 et
1353 3955 1411 4024 iero
1431 3970 1491 4003 curu
1509 3954 1569 4005 hae
1588 3954 1725 4005 scriberet

435 4037 587 4097 Hnttenus‚
612 4037 671 4101 ipse
690 4038 747 4087 Leo
766 4039 798 4086 X.
819 4038 852 4087 de
875 4038 985 4089 homine
1008 4056 1057 4105 per
1075 4040 1122 4088 XL
1142 4039 1200 4088 dies
1219 4040 1290 4088 omni
1315 4040 1377 4089 cibo
1401 4055 1461 4088 sese
1487 4040 1642 4089 abstinente
1669 4040 1724 4089 sibi

435 4120 606 4185 persuasisse
620 4121 735 4170 dixerat.
750 4122 933 4187 qnadraginta
946 4123 1055 4173 scilicet
1068 4124 1171 4173 dicrum
1185 4124 1316 4173 ieiunium
1335 4125 1526 4189 evangelicum
1543 4130 1593 4174 cst.
1629 4126 1722 4174 Etiam

435 4212 537 4284 nostro.
546 4209 667 4270 tempore
687 4212 750 4255 sunt
763 4208 808 4270 qui
823 4209 880 4256 cius
893 4208 964 4257 modi
977 4207 1110 4258 miracula
1124 4208 1232 4272 publice
1245 4214 1389 4268 testentur,
1403 4214 1523 4259 ceterum
1537 4211 1579 4259 sui
1591 4212 1724 4273 temporis

436 4305 489 4339 nec
508 4288 614 4339 hiberti
632 4306 683 4340 nec
697 4293 788 4355 magni
802 4308 853 4341 nce
872 4293 988 4343 Leones.
1038 4293 1057 4326 ¹⁰
1069 4293 1139 4343 Pliu.
1152 4294 1318 4343 mxxv.
1332 4292 1356 4342 8.
1370 4298 1438 4343 sect.
1452 4295 1493 4343 44.
1525 4295 1723 4360 „Traduntque

435 4374 477 4423 his
490 4374 593 4423 duobus
610 4374 704 4424 herbis
722 4375 863 4439 (Scythica
877 4383 904 4426 et
916 4377 1049 4443 hippace)
1068 4378 1186 4442 Scythas
1200 4379 1282 4428 ctiam
1295 4379 1323 4426 In
1341 4378 1480 4428 duodenos
1497 4380 1557 4430 dies
1575 4379 1675 4430 durare
1695 4382 1723 4432 in

436 4460 508 4508 lame
528 4458 658 4523 sitique‘’.
705 4459 804 4523 Scytas
822 4466 847 4511 2.
897 4461 917 4494 ¹¹
934 4463 1076 4512 AmonIum
1096 4466 1199 4513 1...t.o.
1218 4461 1385 4528 Ammonius]
1405 4463 1500 4526 abbas,
1521 4465 1554 4515 de
1573 4480 1626 4529 qno
1644 4466 1722 4516 vide·

436 4546 473 4592 sis
492 4544 615 4593 Fabricii
633 4543 807 4597 nihturaee.
823 4545 864 4595 cd.
879 4547 988 4597 Harics⁴
1001 4547 1035 4597 V.
1047 4564 1073 4613 p.
1088 4548 1145 4597 724.
1164 4549 1274 4598 Patrem
1292 4547 1421 4597 termille
1433 4549 1625 4600 monachorum
1640 4557 1668 4600 et
1680 4552 1721 4601 ri·

435 4643 492 4676 rum
517 4629 638 4693 ingentis
657 4629 832 4679 abstinentiae
852 4631 975 4696 adpeiiat
992 4632 1123 4681 Lambeo.
1137 4632 1207 4682 Bibi.
1223 4633 1337 4681 Vindob.
1351 4633 1396 4681 IV.
1411 4631 1468 4682 318.
1482 4633 1539 4684 325.
1575 4636 1612 4684 Et
1629 4637 1659 4685 in
1677 4637 1723 4687 Vi·

435 4712 470 4758 tis
489 4716 595 4776 patrum
614 4727 635 4761 s.
648 4713 712 4764 hist.
734 4716 867 4764 eremitie.
882 4716 956 4765 VIII.
970 4732 993 4764 c.
1007 4714 1048 4765 to.
1068 4717 1102 4765 de
1120 4717 1262 4782 discipulis
1286 4719 1372 4782 ipsius
1394 4717 1494 4769 multos
1516 4735 1604 4785 neque
1622 4736 1721 4786 panem

437 4796 588 4845 comedisse
607 4813 657 4847 uec
677 4800 796 4857 fructus,
822 4800 869 4848 sed
888 4799 974 4849 solum
991 4801 1088 4866 intyba
1107 4802 1229 4866 agrestia
1246 4807 1381 4854 narratur.
1435 4801 1455 4836 ¹¹
1473 4803 1558 4870 Magi]
1577 4806 1722 4867 „Eubulus

436 4894 540 4942 quoque
554 4883 599 4944 qni
611 4881 755 4931 historiam
767 4882 875 4933 Mithrae
888 4884 981 4934 multis
992 4886 1175 4936 voluminibus
1189 4886 1329 4952 explicuit,
1348 4894 1444 4938 narrat
1466 4890 1536 4954 apud
1550 4891 1649 4941 Persas
1668 4893 1723 4942 tris

437 4978 539 5021 penora
558 4966 713 5029 Magorum,
729 4982 839 5031 quorum
858 4970 972 5033 primos,
994 4973 1038 5036 qui
1058 4973 1114 5021 sint
1132 4971 1282 5020 doctissimi
1301 4978 1329 5022 et
1347 4973 1577 5037 eloquentissimi,
1603 4984 1722 5042 excepta

437 5047 529 5097 farina
548 5057 575 5099 ct
593 5050 667 5100 olere
687 5051 754 5100 nihii
773 5053 890 5117 amplius
902 5055 931 5104 in
944 5056 1005 5107 cibo
1018 5059 1148 5106 sumere'E
1167 5058 1316 5121 Hieroapm.
1330 5058 1514 5109 adulouiaiua.
1528 5061 1563 5110 ll.
1579 5059 1647 5128 lap.
1659 5061 1720 5113 sta
