4300 6059
412 714 539 751 nosram
552 714 589 750 to
602 712 744 750 nruranuo.
753 714 997 755 rrscnuenrsnmu
1011 713 1161 749 consvnrr.
1170 713 1306 750 emuncto
1318 714 1360 750 ur.
1369 707 1537 751 notamen.
1546 707 1604 762 tota.
1626 683 1700 755 lssl'
1723 754 1725 759 ¹
1768 753 1770 756 .

413 874 466 930 ista
489 873 660 947 expeditione
682 872 831 930 creduntur
853 870 993 929 sulficere:
1023 872 1131 928 modurn
1160 871 1304 946 colligendi
1335 881 1423 929 autem
1452 870 1611 947 intelligetis
1638 891 1698 930 cnm

414 977 458 1014 res
481 958 540 1033 ipsa
563 957 719 1032 reipublicae
742 965 838 1013 restra.
863 958 1022 1013 innotuerit.
1066 957 1131 1014 ltem
1154 974 1204 1032 pro
1228 958 1278 1014 ista
1294 958 1407 1032 pecunia
1423 959 1609 1015 conducentur
1623 960 1700 1032 equi·

415 1051 456 1100 tes
480 1042 548 1100 Galli
571 1051 598 1100 et
620 1041 805 1116 Langobardi,
828 1043 947 1116 pedites,
970 1040 1156 1105 hauzlncclrt,
1180 1042 1291 1099 Swiceri
1307 1051 1335 1099 et
1349 1043 1474 1107 llohemi;
1497 1042 1543 1099 bct
1565 1044 1700 1100 exercitus

412 1129 592 1186 ducentorum
623 1126 738 1184 millium
766 1128 915 1184 bominum.
953 1127 1017 1185 item
1045 1127 1098 1183 crit
1127 1144 1230 1183 summa
1256 1145 1320 1183 cura
1348 1128 1506 1202 providendi
1536 1129 1699 1185 exercitibus

391 1221 596 1271 acommeatum
616 1228 667 1286 per
688 1213 761 1268 viros
783 1212 871 1269 bonos
892 1219 920 1267 et
946 1212 1074 1286 providos
1097 1220 1275 1274 mercatores:
1303 1213 1413 1285 modum
1436 1221 1540 1275 autem,
1570 1230 1623 1286 qno
1647 1214 1699 1269 ista

414 1297 497 1362 liant,
519 1295 664 1372 aliqnando
687 1315 793 1353 omnem
815 1296 898 1355 latius
919 1314 951 1352 ex
973 1297 1084 1370 scriptis
1098 1313 1258 1370 magnorum
1274 1297 1426 1372 principum
1442 1296 1611 1370 intelligetis.
1634 1298 1700 1353 ltem

414 1383 564 1439 secundum
586 1400 662 1456 papae
690 1381 834 1439 consilium
863 1392 911 1438 res
931 1380 1049 1455 duplice,
1075 1380 1188 1445 Scotiae,
1211 1381 1313 1443 boniac.
1336 1381 1528 1456 Portugnlliae.
1553 1382 1699 1454 Flameugi.

414 1485 479 1543 pars
501 1465 594 1523 Gallice
616 1465 790 1523 Massiliensis
812 1475 841 1522 ot
862 1466 942 1523 lanua
964 1474 992 1521 ct
1014 1465 1107 1522 Veneti
1130 1466 1242 1523 classem
1265 1466 1292 1522 in
1315 1468 1382 1523 mari
1399 1467 1573 1524 fortissimam
1589 1476 1699 1542 ponent,

413 1562 497 1627 atque
519 1553 547 1607 in
570 1552 642 1608 omni
666 1550 727 1607 loco
751 1551 832 1607 armis
854 1558 882 1608 et
904 1559 1054 1608 commeatu
1084 1552 1212 1608 iuvabunt
1240 1560 1397 1608 terrestrem
1426 1553 1588 1615 exercitum:
1616 1551 1701 1626 lmpe·

382 1643 494 1694 ttrator
515 1645 543 1693 et
565 1652 611 1692 rex
634 1635 771 1693 Gallorum
794 1644 875 1695 emrtt
896 1636 978 1693 duces
1001 1636 1142 1692 terrestris
1164 1637 1307 1693 exercitus.
1351 1636 1433 1693 llulta
1456 1638 1507 1694 alia
1530 1645 1594 1693 suut
1616 1638 1643 1692 in
1659 1655 1702 1692 cn·

415 1721 512 1797 pitnlis
534 1739 595 1795 quae
617 1721 659 1777 rel
681 1738 737 1778 uon
759 1729 833 1778 recte
854 1722 964 1795 percepi
989 1720 1029 1776 rel
1052 1720 1152 1777 oblivio
1177 1720 1289 1778 sustulit
1310 1719 1351 1776 vel
1380 1739 1442 1795 qum
1463 1723 1519 1779 cito
1543 1721 1701 1794 intelligetis

415 1817 480 1882 post
503 1806 556 1863 illa.
601 1806 653 1862 hoc
675 1823 758 1862 unum
781 1823 829 1862 vos
851 1804 936 1862 latere
958 1803 1038 1867 nolo,
1068 1807 1141 1878 quod
1169 1823 1262 1863 omnes
1284 1805 1452 1863 Christianos
1480 1824 1561 1880 rogos
1589 1807 1621 1863 ad
1649 1807 1702 1862 hoc

417 1893 558 1966 negotium
580 1890 656 1947 valde
679 1890 746 1947 bene
769 1891 920 1965 dispositos
943 1891 1029 1951 rideo.
1053 1898 1081 1946 et
1103 1889 1176 1965 qnod
1198 1899 1299 1947 certam
1322 1898 1350 1947 ot
1373 1891 1550 1947 indubitatam
1567 1893 1639 1947 inter
1654 1908 1701 1946 eos

416 1976 536 2033 habituri
559 1994 652 2037 sumus
675 1993 767 2050 pacem
792 1976 817 2031 in
840 1975 959 2032 savorem
982 1974 1056 2030 illins
1079 1975 1267 2050 expeditionis.
1311 1975 1374 2033 llaec
1398 1976 1457 2033 ideo
1480 1975 1609 2032 libentius
1625 1975 1701 2030 robis
1801 2002 1803 2010 =

385 2061 522 2124 rescribo,
546 2068 576 2116 nt
598 2078 658 2117 cnm
681 2059 776 2117 sedulo
800 2061 827 2115 iu
849 2077 949 2134 genere
971 2058 1147 2117 deliberativo
1171 2079 1217 2117 vos
1239 2061 1401 2123 exerceatis,
1424 2060 1547 2116 habeatis
1562 2061 1702 2117 materiam

416 2147 505 2202 nostri
527 2144 620 2202 secuti
644 2153 671 2201 et
694 2146 823 2219 temporis
845 2145 1122 2219 pregnantissimam
1152 2145 1179 2200 in
1209 2163 1261 2218 qna
1290 2141 1424 2202 multaret
1447 2144 1552 2201 utiliter
1574 2154 1602 2201 et
1622 2145 1702 2201 docte

416 2231 557 2304 disputare
580 2239 607 2287 et
629 2248 679 2304 pro
702 2231 837 2287 communi
862 2229 1075 2286 Christianitatis
1097 2228 1215 2287 utilitate
1244 2215 1398 2287 adinvenirh
1427 2239 1455 2287 et
1483 2230 1625 2304 exquirere
1654 2247 1703 2304 po·

417 2316 515 2371 teritis.
559 2315 624 2371 ltem
646 2315 728 2372 credo
751 2316 803 2371 ista
825 2332 893 2371 nora
916 2315 985 2388 apn'd
1007 2332 1055 2370 ros
1078 2315 1216 2389 preterita
1238 2333 1309 2372 nunc
1331 2333 1391 2372 esse
1412 2324 1439 2371 et
1460 2333 1492 2371 ex
1507 2315 1703 2371 mercatoribus
1788 2313 1792 2320 '

417 2399 499 2474 louge
522 2400 642 2457 exactius
665 2400 754 2456 omnia
777 2400 929 2461 audivisse
965 2399 1066 2473 Scripsi
1089 2398 1141 2454 ista
1163 2398 1260 2456 nedum
1283 2407 1410 2457 currente
1431 2401 1478 2456 scd
1494 2399 1601 2456 volante
1616 2416 1703 2474 penna

384 2497 495 2540 tomore
518 2485 696 2541 obscurorum
720 2485 857 2541 virorum:
880 2484 966 2539 nolite
988 2500 1019 2540 ea
1042 2484 1174 2547 irridere,
1197 2484 1240 2540 sin
1262 2502 1355 2546 secus.
1379 2484 1477 2541 talibus
1501 2485 1624 2541 obscuris
1646 2484 1703 2558 epi·

416 2568 496 2625 stolis
517 2569 652 2625 carebitis.
697 2567 724 2624 Si
748 2570 800 2625 ista
823 2569 892 2643 apud
916 2586 963 2624 vos
984 2568 1203 2625 manifestissima
1219 2585 1273 2625 nnn
1289 2576 1367 2631 sunt,
1390 2570 1595 2626 communicetis
1609 2586 1640 2625 ca
1655 2569 1704 2624 do·

417 2655 490 2711 mino
513 2662 610 2711 nostro
633 2651 799 2728 praep'osito,
821 2654 864 2711 cni
888 2671 929 2709 me
952 2653 1099 2727 plurimum
1122 2653 1352 2711 commendabitis.
1397 2652 1424 2709 Si
1448 2671 1500 2727 qua
1523 2671 1619 2728 magua
1640 2662 1704 2727 post

417 2739 462 2795 illa
485 2740 556 2814 apud
579 2756 630 2796 uos
652 2738 732 2802 licut,
755 2756 803 2795 ros
825 2738 973 2813 participes
996 2738 1101 2801 faciam,
1145 2738 1245 2796 Valete.
1283 2756 1314 2795 ex
1336 2739 1402 2794 bina
1430 2738 1524 2795 ultima
1552 2738 1704 2795 lleeembris

416 2842 487 2882 anuo
510 2829 552 2885 17.
1188 2850 1191 2856 ·

386 2922 409 2961 ns
503 2907 610 2966 Oblitus
632 2909 672 2965 lui
695 2909 814 2966 scribere
836 2926 944 2965 causam
967 2926 1028 2982 qum
1050 2916 1161 2965 nostros
1183 2909 1320 2983 principes
1342 2916 1436 2965 contra
1460 2909 1575 2965 ancnm
1605 2909 1642 2963 ita
1665 2908 1704 2964 in-

417 2993 549 3052 llammat:
573 2994 677 3051 'lurcos
699 3001 762 3067 post
785 2992 857 3049 illam
881 2993 1128 3049 victoriosissimam
1151 2993 1290 3050 victoriam
1313 2992 1431 3049 habitam
1447 3001 1542 3050 contra
1558 2989 1704 3048 Soldannm

417 3066 491 3147 rubri
512 3079 647 3154 qtreudam
669 3078 768 3136 buscha
792 3095 870 3152 quem
895 3076 1033 3152 appellant
1054 3077 1259 3141 barbarossam.
1283 3078 1328 3153 qui
1352 3079 1515 3153 expugnarit
1536 3095 1627 3150 regem
1652 3078 1704 3134 'lu-
1801 3122 1806 3131 .

417 3180 479 3227 nes,
503 3162 611 3220 obsedit
633 3179 725 3236 rogem
748 3163 938 3220 Tramesentiae
961 3171 988 3219 et
1010 3171 1125 3237 propter
1146 3180 1271 3235 magnum
1294 3179 1392 3219 nomen
1409 3162 1488 3219 'lurci
1511 3163 1588 3236 quasi
1611 3179 1704 3217 omues

417 3248 500 3306 llauri
523 3265 612 3322 usqne
635 3249 666 3303 ad
689 3265 802 3322 regnum
817 3248 886 3304 Phes
908 3248 1081 3319 deiecerunt,
1104 3247 1383 3322 sequentes'rietoris
1406 3249 1542 3305 fortunam
1564 3255 1592 3302 ct
1613 3264 1704 3302 auram

388 3324 594 3409 oopopularenr.
612 3350 673 3407 quae
697 3333 786 3408 omnia
809 3333 837 3388 iu
859 3334 958 3395 mains.
987 3341 1017 3388 nt
1040 3334 1153 3396 nostis.
1171 3331 1286 3389 extollit.
1331 3332 1393 3390 llaec
1422 3334 1491 3391 lacta
1519 3341 1583 3389 sunt
1613 3348 1705 3388 meuse

411 3417 535 3476 ttetobre
558 3426 592 3491 et,
607 3417 724 3474 llarclrio
748 3416 828 3475 Ornoi
851 3435 882 3473 cx
905 3419 994 3474 hirica
1016 3417 1127 3493 scripsit
1150 3418 1323 3492 imperatori.
1346 3426 1373 3474 et
1393 3417 1647 3493 subegitqnosdam
1663 3435 1706 3472 re·

419 3502 499 3578 gulos
522 3503 569 3578 qui
591 3502 669 3576 prins
691 3502 880 3578 persolverunt
903 3503 961 3576 regi
984 3502 1173 3577 Hispaniarum
1195 3502 1273 3558 xbtv
1295 3499 1379 3558 millia
1401 3501 1570 3559 ducatorum.

485 3753 496 3787 ¹
519 3754 626 3805 Ducite·
641 3754 730 3804 Herem.
755 3760 780 3804 et
802 3757 840 3805 stc
863 3755 980 3804 mendose
1002 3756 1106 3822 scripsit
1129 3753 1232 3804 Stobtue
1257 3770 1292 3804 ece
1314 3770 1344 3803 eo
1369 3755 1562 3804 &insultationis
1586 3753 1705 3805 Romana!

419 3844 534 3906 exemplo
552 3841 621 3907 quod
636 3839 687 3889 stbt
708 3841 846 3911 ndumentis
868 3839 985 3888 babebat.
1009 3840 1043 3902 ef.
1061 3855 1141 3902 snpra
1160 3856 1189 3903 p.
1205 3838 1261 3889 155.
1274 3856 1296 3888 n.
1310 3837 1351 3890 34.
1404 3839 1500 3889 Daciae
1522 3839 1613 3889 hahent
1631 3837 1706 3887 e'tr’am

420 3926 546 3990 donenaldi
559 3925 704 3974 Annesel.
721 3925 763 3973 ed.
774 3910 871 3973 Monoi.
890 3932 947 3974 tour.
961 3929 1013 3973 ΧΗ.
1031 3940 1058 3988 p.
1072 3921 1131 3972 209.
1145 3926 1246 3988 ultique.
1281 3921 1303 3955 ²⁴
1324 3921 1375 3989 lt]
1389 3924 1478 3973 Ilennr.
1492 3922 1567 3972 dedit
1582 3919 1620 3970 18.
1639 3922 1705 3970 For·

419 4016 493 4061 toste
511 4024 609 4060 novum
629 4023 729 4059 annum
748 4025 765 4058 a
783 4008 827 4058 die
846 4009 934 4059 uatoli
953 4008 1056 4059 Christi
1080 4009 1242 4071 conputavit
1260 4007 1380 4056 Stsbins.
1432 4006 1451 4038 ³¹
1473 4006 1595 4056 Marehio
1608 4000 1704 4068 Orant]

414 4093 455 4146 ct.
469 4082 529 4160 qua}
542 4093 616 4144 intro
628 4109 653 4159 p.
669 4091 725 4143 184.
739 4110 763 4145 r.
776 4093 818 4143 27.
838 4093 872 4143 ed
890 4109 961 4143 urim.
975 4094 1006 4144 V.
1021 4090 1153 4144 ‘Consule
1167 4093 1304 4143 German)
1322 4091 1356 4141 de
1375 4091 1469 4141 libello
1482 4088 1627 4154 bhbftlibtt
1651 4089 1705 4152 trti-

418 4180 489 4234 tiheit
507 4180 586 4246 boort
604 4176 736 4247 lintion
753 4179 908 4245 &silentione
926 4179 1048 4243 tttoisttot
1064 4176 1068 4243 Ι
1084 4180 1139 4242 nub
1161 4184 1260 4230 nonan
1283 4176 1421 4241 britttttrm
1440 4175 1529 4240 §tntu
1547 4175 1580 4228 nri
1596 4171 1704 4240 ettlttttl

418 4263 550 4329 tmtbofftt
566 4264 676 4330 ontbtnn
694 4265 765 4318 obst
780 4265 819 4317 tric
837 4261 949 4317 bbthm
969 4262 1167 4314 adnotavimus.
1200 4255 1203 4263 '

477 5116 613 5177 Ermum
631 5116 699 5168 Ore.
719 5132 782 5169 ror..
800 5114 833 5166 V.
