4300 6059
470 695 543 768 326
580 725 680 760 nom
693 726 718 759 X·
733 724 840 760 cosm
853 724 1004 759 LVTHEBVH
1018 723 1108 758 evm
1121 723 1183 757 DAT.
1198 717 1230 756 lb.
1239 723 1295 757 tvtt.
1309 722 1334 757 Λ.
1348 717 1406 756 1510.
1420 724 1444 756 G·
1459 722 1580 756 BVTTEM
1595 721 1687 755 wm-

466 885 570 960 palas,
588 881 737 957 praefatos
754 897 886 952 errores,
907 898 959 939 sea
978 896 1079 938 eorum
1093 882 1208 954 reliquos
1229 879 1439 954 quomodolibet
1460 880 1638 937 coritinentes
1657 884 1758 936 ‘cons-

469 987 604 1058 bnraat„
621 986 666 1042 oet
692 972 824 1041 combitri
847 981 978 1054 saciant.
1023 982 1094 1056 lpse
1113 985 1202 1042 etlam
1225 983 1376 1040 Martinus
1397 998 1514 1038 errores
1535 988 1565 1039 et
1582 983 1760 1040 assertiones

469 1088 637 1147 housmodt
657 1088 774 1144 austrino
793 1082 941 1156 breoocet,
962 1090 1016 1142 coc
1034 1085 1071 1143 de
1093 1088 1276 1143 reomatione
1298 1086 1467 1144 ltttiusmodi
1481 1102 1541 1158 per
1558 1084 1680 1156 publica
1700 1083 1759 1141 do-

469 1198 605 1250 cumenta
632 1185 680 1246 ‘'in
705 1187 807 1259 forma
833 1191 907 1246 iuris
929 1187 1044 1256 valida,
1073 1189 1105 1246 in
1133 1188 1268 1247 melotibus
1289 1189 1414 1246 duorum
1437 1187 1635 1245 Proelotoram
1656 1187 1759 1243 consi-

467 1297 577 1366 pnata‚
604 1291 647 1348 ad
672 1307 724 1348 nos
752 1288 838 1361 infra
863 1292 938 1348 alios
964 1291 1073 1348 similes
1098 1292 1257 1362 sesopinta
1283 1289 1346 1347 dies
1368 1287 1621 1358 ‘transmittenda
1640 1288 1685 1345 oet
1703 1269 1791 1361 pers*

452 1397 624 1469 ,ipsammet
643 1394 683 1462 (si
703 1393 746 1450 ad
763 1409 815 1450 nos
840 1393 1097 1462 contremuere,
1127 1388 1221 1465 ‘qnod
1245 1395 1340 1464 mopis
1364 1394 1512 1466 placeret)
1539 1406 1605 1449 caat
1625 1390 1761 1464 praefato

469 1497 638 1573 plenissimo
655 1497 736 1554 saluo
754 1496 915 1571 conductu,
935 1509 1019 1568 quem
1040 1511 1081 1551 ec
1102 1511 1181 1553 rietur
1203 1494 1403 1560 concedimus,
1427 1492 1603 1563 deserenda,
1624 1508 1678 1550 nos
1695 1508 1761 1550 cer·

471 1602 559 1658 tiores
579 1595 709 1669 efficiat:
731 1604 764 1655 ut
779 1597 817 1655 de
835 1599 898 1655 cias
919 1612 990 1654 aera
1011 1595 1175 1654 obedientia
1196 1599 1312 1655 ‘nullas
1326 1596 1514 1654 dubitationis
1529 1597 1689 1669 scrupulas
1704 1610 1766 1652 oo-,

471 1704 531 1761 leat
546 1678 675 1758 manae.
709 1700 793 1758 Alias
813 1702 841 1757 si
855 1694 967 1779 (equod
979 1697 1067 1778 absit)
1085 1697 1235 1756 ttlratiruts
1247 1698 1407 1773 prefatus,
1429 1699 1593 1771 complices,
1613 1695 1762 1768 fautores,

473 1803 650 1864 adherentes
670 1807 698 1860 et
715 1806 914 1875 receptatores
929 1795 1074 1875 praedicti
1099 1818 1182 1859 setas
1204 1804 1331 1873 eperint,
1356 1817 1408 1859 sea
1431 1801 1589 1874 promissa
1616 1801 1716 1857 omnia
1734 1806 1798 1857 etn

473 1908 592 1979 ss‘npala
616 1904 702 1977 infra
724 1905 881 1962 terminum
903 1904 1083 1978 pradictum
1105 1910 1172 1961 cnm
1199 1897 1314 1974 effecta
1331 1918 1389 1961 non
1407 1903 1604 1976 impleverint,
1632 1901 1766 1975 Apostoli

475 2009 621 2066 imitantes
635 2006 809 2075 doctrinam,
832 2008 884 2078 oui
900 2006 1071 2066 ltoereticum
1087 2005 1230 2064 houtimm
1243 2012 1312 2079 post
1327 2008 1454 2080 primam
1468 2010 1497 2063 et
1512 2003 1676 2062 secandam
1690 2019 1763 2062 cor-

474 2112 632 2168 rectionem
654 2107 806 2167 oitaadnm
827 2107 939 2182 docuit,
963 2104 1016 2165 lec
1035 2123 1117 2166 notite
1135 2114 1225 2181 proat
1243 2124 1283 2166 ec
1305 2117 1388 2178 tuac,
1408 2114 1473 2166 cte
1496 2122 1652 2173 conomso,
1683 2123 1763 2166 eua-

475 2211 541 2270 dem
560 2211 739 2281 Martinam,
767 2212 938 2286 complices,
966 2210 1156 2283 adherentes,
1175 2208 1327 2282 fautores,
1347 2216 1375 2268 et
1394 2216 1593 2284 receptatores
1611 2209 1765 2285 preesatot

474 2319 504 2372 et
522 2328 623 2371 eoram
645 2313 808 2385 quemlihet,
829 2318 971 2386 tanquam
991 2311 1095 2371 aridos
1114 2313 1251 2386 palmites
1270 2313 1301 2369 in
1318 2311 1431 2370 Christo
1451 2327 1509 2371 nort
1528 2318 1688 2384 manentes,
1710 2313 1798 2371 seda

475 2416 640 2474 doctrinam
662 2417 854 2485 contrariam,
875 2416 1029 2475 catholica
1048 2415 1122 2478 ddei
1131 2416 1298 2498 inimicam,
1314 2415 1375 2473 siue
1393 2415 1608 2486 scandalosom,
1627 2430 1680 2473 seo
1703 2415 1766 2473 da-

475 2524 621 2593 mnatam,
644 2520 675 2574 in
693 2533 751 2575 non
776 2516 920 2577 modicam
942 2517 1088 2588 offertsam
1109 2517 1218 2576 divinae
1237 2518 1414 2590 maiestatis,
1441 2532 1479 2575 ac
1499 2518 1676 2575 aniversalis
1699 2515 1766 2577 Ec-
1794 2530 1798 2536 ’

474 2621 573 2678 clesioe
594 2627 622 2677 et
639 2618 714 2690 fidei
732 2620 887 2678 catholicoe
906 2620 1119 2692 detrimentum,
1137 2627 1166 2679 et
1181 2618 1358 2679 scandalum
1372 2619 1613 2693 dopmatizantes,
1636 2627 1664 2679 et
1675 2636 1767 2694 pree-

475 2721 623 2789 dicantes,
657 2724 770 2780 *claves
803 2737 917 2796 quoqne
947 2721 1091 2782 Ecclesiae
1123 2722 1348 2797 vilipendentes,
1378 2722 1505 2781 nomrios
1535 2728 1563 2780 et
1590 2723 1767 2796 pertinaces

475 2823 627 2882 haereticos
647 2823 752 2882 eadem
769 2823 945 2883 authoritate
964 2823 1061 2897 faisse
1078 2832 1107 2884 ct
1123 2842 1186 2884 esse
1207 2824 1411 2901 declarantes,
1429 2822 1544 2883 eosdem
1560 2830 1591 2882 ut
1601 2825 1681 2883 tales
1703 2824 1799 2885 ha-so

474 2942 541 2984 ram
563 2929 639 2985 serie
661 2927 906 2998 condemnamus,
931 2935 960 2986 et
985 2942 1033 2985 eos
1051 2942 1110 3002 pro
1133 2926 1240 2986 talibas
1268 2925 1386 2984 haberi*
1400 2926 1438 2985 ab
1459 2927 1591 2986 omnibns
1610 2929 1767 3000 utriusque

474 3045 565 3086 sentes
588 3028 832 3100 Christifidelihns
858 3029 1040 3104 supradictis
1067 3032 1212 3100 oolamas,
1236 3037 1266 3087 et
1292 3027 1481 3087 mandamus.
1523 3028 1640 3102 Easque
1665 3043 1767 3088 omnes

474 3114 502 3188 et
519 3132 663 3203 sinpalos,
683 3131 816 3190 omnibns
837 3132 1030 3206 supradictis,
1053 3142 1081 3191 et
1099 3133 1168 3190 aliis
1187 3138 1291 3190 contra
1313 3133 1424 3190 talesa
1446 3132 1512 3190 inre
1532 3131 1652 3202 inflictis
1665 3132 1776 3206 peenas,

472 3235 664 3307 presentiam
683 3241 782 3292 tenore
807 3234 988 3307 subiicimns,
1015 3230 1065 3294 ”et
1084 3234 1195 3293 eisdem
1221 3235 1350 3293 irretitos
1371 3232 1468 3306 suisa
1493 3239 1521 3291 et
1538 3249 1601 3292 esse
1622 3233 1767 3304 decerm-

475 3486 642 3563 podagricis
664 3486 839 3564 quibusdum
863 3495 891 3548 et
913 3487 996 3548 aliter
1019 3486 1180 3556 morbosis,
1210 3488 1259 3566 qui
1287 3489 1316 3547 iu
1346 3487 1458 3548 lecticis
1480 3487 1655 3564 adportandi
1684 3492 1797 3556 sunta

476 3607 510 3647 ac
544 3586 600 3648 iilis
631 3590 718 3649 etiarn
751 3588 923 3667 decrepitis,
957 3592 1006 3668 qui
1044 3590 1174 3668 tripodes
1211 3588 1410 3649 uinludabunt.
1488 3587 1678 3650 ‘Obtinuistiz
1718 3592 1777 3650 eir·⁴

475 3689 559 3756 dent,
584 3689 686 3750 sedin
710 3690 848 3750 cordibus
870 3691 1026 3751 banorum.
1065 3690 1089 3751 Ο
1113 3693 1310 3769 perniciosum
1333 3691 1385 3751 tibi
1407 3690 1585 3750 incendium.
1631 3690 1692 3750 iarn
1717 3709 1767 3751 ex·

475 3793 591 3869 tingue,
620 3793 644 3850 si
672 3800 765 3871 potes.
841 3791 1035 3859 inescatis,
1071 3801 1100 3854 et
1127 3787 1312 3860 reclamabit,
1345 3811 1440 3872 neque
1469 3795 1603 3872 unquam
1628 3800 1766 3871 repetere

477 3892 604 3953 cessabit
626 3895 753 3953 iteritatis
781 3893 919 3964 corbium,
948 3914 1045 3974 ricqua
1072 3893 1143 3955 illud
1174 3894 1279 3956 oblivio
1309 3898 1441 3973 perimat.
1519 3896 1636 3955 ‘Caute
1714 3894 1780 3957 ‘ld'

477 3996 572 4056 estin
596 3995 688 4055 iorrna
713 4014 837 4068 eatuerac
859 3996 1035 4076 apostolieae.
1107 3997 1326 4067 ‘Transmittet
1356 3998 1380 4057 si
1402 4017 1449 4058 1nc
1472 3996 1583 4067 audiet,
1611 4004 1643 4057 nt
1666 3999 1800 4065 videasss

476 4116 583 4174 niagno
606 4116 672 4157 cuns
696 4097 797 4158 dolore
821 4106 880 4159 tuo.
946 4095 1044 4159 'Tunc
1067 4102 1145 4160 etibn
1169 4098 1270 4159 liceret
1291 4100 1457 4159 interficere
1473 4099 1525 4159 tibi
1541 4098 1767 4177 predicatorem

476 4201 613 4259 veritatis.
659 4199 724 4259 Non
755 4199 867 4278 absque
897 4218 998 4260 caussa
1028 4203 1112 4261 toties
1141 4200 1232 4261 allicis
1256 4200 1426 4260 Lutberuni.
1502 4200 1645 4261 ‘Nimium
1669 4220 1765 4262 caves.

440 4311 443 4316 ’
474 4300 594 4379 *Neque
617 4303 695 4361 enirn
719 4321 735 4362 e
756 4320 789 4362 re
812 4310 859 4362 tua
883 4305 946 4362 erit.
1023 4285 1159 4363 ¹Pulcbra
1183 4302 1321 4381 loquutio.
1367 4303 1409 4362 En
1432 4302 1529 4362 stilum
1551 4301 1692 4363 Romana
1715 4323 1768 4366 cn·

477 4406 537 4464 rite.
582 4403 662 4463 ‘Non
686 4402 1065 4473 videbamuselasesia1u‚
1090 4408 1248 4482 insperatos
1270 4405 1338 4464 Leo.
1383 4405 1427 4464 Tu
1451 4406 1528 4465 enirn
1551 4404 1663 4483 gladios
1679 4422 1766 4466 uisur-

477 4524 613 4583 pareras‚
637 4525 724 4583 quesn
746 4504 870 4568 vidimus
893 4506 991 4568 mulus
1014 4524 1080 4566 cum
1104 4506 1222 4567 milibus
1245 4509 1272 4566 in
1296 4506 1398 4567 Urbini
1415 4507 1519 4567 etruscin
1536 4507 1622 4576 terri,
1646 4527 1681 4569 ac
1696 4525 1800 4576 san-ss

477 4609 594 4685 guinem
617 4607 848 4668 Christianorum
878 4609 1010 4669 tundere.
1088 4605 1172 4669 ”Hoc
1193 4607 1263 4668 illud
1287 4617 1330 4667 ost
1352 4608 1551 4687 Apostolicurn
1573 4607 1673 4677 rhete,
1705 4628 1765 4689 quo

495 4814 497 4818 ·
544 4794 564 4828 ¹¹
583 4793 689 4861 etpost]
707 4793 785 4845 Paul.
800 4809 842 4858 ep.
857 4793 891 4843 sd
902 4794 958 4843 Tit.
973 4794 1023 4845 111.
1039 4793 1078 4844 to.
1132 4793 1153 4827 ¹⁵
1171 4795 1478 4846 ci.ev.Iounn.XV.2.
1522 4793 1545 4827 Ν
1563 4793 1694 4860 tripodes]
1712 4797 1767 4859 ba·

477 4879 540 4929 culo
559 4880 620 4929 tutti
638 4884 744 4930 euntes.
795 4876 818 4910 ⁸⁸
835 4880 877 4948 En
895 4877 962 4944 stit]
984 4880 1107 4930 Nondum
1126 4880 1233 4929 dixerat
1251 4879 1372 4945 Sarpius.
1425 4874 1766 4945 ⁸⁵Urb,ducem]1·'r'sn·

477 4964 580 5013 ciccum
598 4965 729 5026 Mariam,
756 4964 801 5014 cui
824 4969 947 5028 ereptum
970 4965 1099 5014 (tuentum
1122 4966 1216 5030 nepoti
1239 4980 1288 5013 sno
1306 4964 1458 5014 Laurentio
1476 4964 1611 5015 Medione
1629 4965 1767 5017 tribuant

477 5049 536 5099 Leo
554 5063 579 5097 s.
596 5047 668 5100 tolo.
719 5047 742 5082 ⁸⁶
760 5048 796 5100 ci.
811 5060 852 5099 er.
866 5063 922 5099 aec.
936 5050 1004 5099 Luc.
1018 5050 1049 5100 V.
1062 5049 1088 5098 4.
