<?xml version="1.0" encoding="UTF-8"?>
<!DOCTYPE html PUBLIC "-//W3C//DTD XHTML 1.0 Transitional//EN"
    "http://www.w3.org/TR/xhtml1/DTD/xhtml1-transitional.dtd">
<html xmlns="http://www.w3.org/1999/xhtml" xml:lang="en" lang="en">
 <head>
  <title>
</title>
<meta http-equiv="Content-Type" content="text/html;charset=utf-8" />
  <meta name='ocr-system' content='tesseract 3.04.00' />
  <meta name='ocr-capabilities' content='ocr_page ocr_carea ocr_par ocr_line ocrx_word'/>
</head>
<body>
  <div class='ocr_page' id='page_1' title='image "./ulrichihuttenie01huttgoog/ulrichihuttenie01huttgoog_0029.png"; bbox 0 0 4300 6059; ppageno 0'>
   <div class='ocr_carea' id='block_1_1' title="bbox 509 685 1655 756">
    <p class='ocr_par' dir='ltr' id='par_1_1' title="bbox 509 685 1655 756">
     <span class='ocr_line' id='line_1_1' title="bbox 509 685 1655 756; baseline 0.009 -16"><span class='ocrx_word' id='word_1_1' title='bbox 509 706 632 742; x_wconf 76' lang='lat' dir='ltr'>uvmtu</span> <span class='ocrx_word' id='word_1_2' title='bbox 651 707 680 743; x_wconf 79' lang='lat' dir='ltr'>ut</span> <span class='ocrx_word' id='word_1_3' title='bbox 699 708 843 744; x_wconf 77' lang='lat' dir='ltr'>vtutcuvst</span> <span class='ocrx_word' id='word_1_4' title='bbox 862 709 1138 747; x_wconf 69' lang='lat' dir='ltr'>wtntnttl’ttttottttm</span> <span class='ocrx_word' id='word_1_5' title='bbox 1157 710 1260 746; x_wconf 71' lang='lat' dir='ltr'>ORATlO</span> <span class='ocrx_word' id='word_1_6' title='bbox 1279 712 1298 745; x_wconf 79' lang='lat'>1.</span> <span class='ocrx_word' id='word_1_7' title='bbox 1324 712 1389 747; x_wconf 69' lang='lat' dir='ltr'>Bfl‘l&#39;·</span> <span class='ocrx_word' id='word_1_8' title='bbox 1404 706 1494 749; x_wconf 59' lang='grc' dir='ltr'>ΔΑΜ.</span> <span class='ocrx_word' id='word_1_9' title='bbox 1610 685 1655 756; x_wconf 70' lang='grc'>17</span> 
     </span>
    </p>
   </div>
   <div class='ocr_carea' id='block_1_2' title="bbox 338 859 1753 3708">
    <p class='ocr_par' dir='ltr' id='par_1_2' title="bbox 338 859 1753 3708">
     <span class='ocr_line' id='line_1_2' title="bbox 369 859 1658 940; baseline 0.008 -19"><span class='ocrx_word' id='word_1_10' title='bbox 369 879 458 940; x_wconf 85' lang='lat' dir='ltr'>quam</span> <span class='ocrx_word' id='word_1_11' title='bbox 483 859 589 939; x_wconf 87' lang='lat' dir='ltr'>pusillo</span> <span class='ocrx_word' id='word_1_12' title='bbox 611 871 640 925; x_wconf 87' lang='lat' dir='ltr'>et</span> <span class='ocrx_word' id='word_1_13' title='bbox 659 861 809 923; x_wconf 80' lang='lat' dir='ltr'>contracto</span> <span class='ocrx_word' id='word_1_14' title='bbox 833 864 930 927; x_wconf 88' lang='lat' dir='ltr'>animo</span> <span class='ocrx_word' id='word_1_15' title='bbox 952 867 1078 926; x_wconf 77' lang='lat' dir='ltr'>accinxit</span> <span class='ocrx_word' id='word_1_16' title='bbox 1105 884 1138 928; x_wconf 89' lang='lat' dir='ltr'>se</span> <span class='ocrx_word' id='word_1_17' title='bbox 1160 867 1317 928; x_wconf 80' lang='lat' dir='ltr'>maleficio!</span> <span class='ocrx_word' id='word_1_18' title='bbox 1345 868 1409 930; x_wconf 89' lang='lat' dir='ltr'>Non</span> <span class='ocrx_word' id='word_1_19' title='bbox 1437 870 1553 940; x_wconf 89' lang='lat' dir='ltr'>dubito,</span> <span class='ocrx_word' id='word_1_20' title='bbox 1584 870 1658 931; x_wconf 87' lang='lat' dir='ltr'>Ge&#39;r-</span> 
     </span>
     <span class='ocr_line' id='line_1_3' title="bbox 368 963 1658 1045; baseline 0.006 -20"><span class='ocrx_word' id='word_1_21' title='bbox 368 964 466 1039; x_wconf 82' lang='lat' dir='ltr'>mani,</span> <span class='ocrx_word' id='word_1_22' title='bbox 489 963 522 1041; x_wconf 38' lang='lat' dir='ltr'>,si</span> <span class='ocrx_word' id='word_1_23' title='bbox 543 964 822 1042; x_wconf 84' lang='lat' dir='ltr'>perniciosissimum</span> <span class='ocrx_word' id='word_1_24' title='bbox 844 967 1011 1045; x_wconf 86' lang='lat' dir='ltr'>quempiam</span> <span class='ocrx_word' id='word_1_25' title='bbox 1033 969 1200 1030; x_wconf 85' lang='lat' dir='ltr'>Germanici</span> <span class='ocrx_word' id='word_1_26' title='bbox 1227 970 1352 1030; x_wconf 90' lang='lat' dir='ltr'>nominis</span> <span class='ocrx_word' id='word_1_27' title='bbox 1377 970 1491 1033; x_wconf 88' lang='lat' dir='ltr'>hostem</span> <span class='ocrx_word' id='word_1_28' title='bbox 1521 972 1576 1033; x_wconf 92' lang='lat' dir='ltr'>bac</span> <span class='ocrx_word' id='word_1_29' title='bbox 1605 974 1658 1042; x_wconf 84' lang='lat' dir='ltr'>ria,</span> 
     </span>
     <span class='ocr_line' id='line_1_4' title="bbox 368 1056 1660 1151; baseline 0.008 -26"><span class='ocrx_word' id='word_1_30' title='bbox 368 1063 426 1125; x_wconf 90' lang='lat' dir='ltr'>boc</span> <span class='ocrx_word' id='word_1_31' title='bbox 448 1065 552 1136; x_wconf 89' lang='lat' dir='ltr'>modo,</span> <span class='ocrx_word' id='word_1_32' title='bbox 572 1065 629 1128; x_wconf 87' lang='lat' dir='ltr'>bac</span> <span class='ocrx_word' id='word_1_33' title='bbox 651 1067 779 1137; x_wconf 88' lang='lat' dir='ltr'>ratione,-</span> <span class='ocrx_word' id='word_1_34' title='bbox 802 1066 859 1128; x_wconf 89' lang='lat' dir='ltr'>boc</span> <span class='ocrx_word' id='word_1_35' title='bbox 880 1068 1073 1132; x_wconf 82' lang='lat' dir='ltr'>interficiendi</span> <span class='ocrx_word' id='word_1_36' title='bbox 1096 1069 1232 1141; x_wconf 90' lang='lat' dir='ltr'>consilio,</span> <span class='ocrx_word' id='word_1_37' title='bbox 1257 1056 1298 1132; x_wconf 88' lang='lat' dir='ltr'>sic</span> <span class='ocrx_word' id='word_1_38' title='bbox 1321 1073 1450 1151; x_wconf 87' lang='lat' dir='ltr'>trepide,</span> <span class='ocrx_word' id='word_1_39' title='bbox 1473 1075 1515 1135; x_wconf 90' lang='lat' dir='ltr'>sic</span> <span class='ocrx_word' id='word_1_40' title='bbox 1537 1074 1660 1136; x_wconf 87' lang='lat' dir='ltr'>meticu-</span> 
     </span>
     <span class='ocr_line' id='line_1_5' title="bbox 368 1158 1659 1254; baseline 0.007 -27"><span class='ocrx_word' id='word_1_41' title='bbox 368 1165 432 1230; x_wconf 87' lang='lat' dir='ltr'>lose</span> <span class='ocrx_word' id='word_1_42' title='bbox 454 1168 491 1230; x_wconf 88' lang='lat' dir='ltr'>de</span> <span class='ocrx_word' id='word_1_43' title='bbox 512 1168 610 1230; x_wconf 87' lang='lat' dir='ltr'>medio</span> <span class='ocrx_word' id='word_1_44' title='bbox 632 1167 828 1231; x_wconf 79' lang='lat' dir='ltr'>submovisset</span> <span class='ocrx_word' id='word_1_45' title='bbox 849 1170 913 1240; x_wconf 91' lang='lat' dir='ltr'>bic,</span> <span class='ocrx_word' id='word_1_46' title='bbox 938 1165 1087 1249; x_wconf 79' lang='lat' dir='ltr'>quinimo</span> <span class='ocrx_word' id='word_1_47' title='bbox 1109 1172 1201 1252; x_wconf 87' lang='lat' dir='ltr'>gloria</span> <span class='ocrx_word' id='word_1_48' title='bbox 1219 1158 1332 1234; x_wconf 83' lang='lat' dir='ltr'>tantum</span> <span class='ocrx_word' id='word_1_49' title='bbox 1350 1176 1493 1254; x_wconf 89' lang='lat' dir='ltr'>putaretis</span> <span class='ocrx_word' id='word_1_50' title='bbox 1507 1176 1659 1253; x_wconf 87' lang='lat' dir='ltr'>indignum</span> 
     </span>
     <span class='ocr_line' id='line_1_6' title="bbox 347 1259 1661 1354; baseline 0.007 -25"><span class='ocrx_word' id='word_1_51' title='bbox 347 1288 406 1331; x_wconf 79' lang='lat' dir='ltr'>sac</span> <span class='ocrx_word' id='word_1_52' title='bbox 428 1259 613 1341; x_wconf 78' lang='lat' dir='ltr'>laudo,&#39;sed</span> <span class='ocrx_word' id='word_1_53' title='bbox 634 1280 664 1335; x_wconf 87' lang='lat' dir='ltr'>et</span> <span class='ocrx_word' id='word_1_54' title='bbox 684 1271 796 1350; x_wconf 91' lang='lat' dir='ltr'>probro</span> <span class='ocrx_word' id='word_1_55' title='bbox 825 1278 854 1334; x_wconf 93' lang='lat' dir='ltr'>et</span> <span class='ocrx_word' id='word_1_56' title='bbox 876 1272 1013 1339; x_wconf 79' lang='lat' dir='ltr'>dedecori</span> <span class='ocrx_word' id='word_1_57' title='bbox 1040 1274 1217 1344; x_wconf 84' lang='lat' dir='ltr'>obnoxium,</span> <span class='ocrx_word' id='word_1_58' title='bbox 1245 1276 1324 1354; x_wconf 86' lang='lat' dir='ltr'>quod</span> <span class='ocrx_word' id='word_1_59' title='bbox 1350 1275 1521 1354; x_wconf 86' lang='lat' dir='ltr'>pudendum</span> <span class='ocrx_word' id='word_1_60' title='bbox 1553 1280 1661 1338; x_wconf 86' lang='lat' dir='ltr'>nostris</span> 
     </span>
     <span class='ocr_line' id='line_1_7' title="bbox 370 1371 1660 1458; baseline 0.006 -26"><span class='ocrx_word' id='word_1_61' title='bbox 370 1371 512 1434; x_wconf 77' lang='lat' dir='ltr'>moribus</span> <span class='ocrx_word' id='word_1_62' title='bbox 525 1372 640 1436; x_wconf 83' lang='lat' dir='ltr'>lacinus</span> <span class='ocrx_word' id='word_1_63' title='bbox 662 1372 842 1445; x_wconf 57' lang='lat' dir='ltr'>admisissem</span> <span class='ocrx_word' id='word_1_64' title='bbox 864 1393 961 1455; x_wconf 87' lang='lat' dir='ltr'>neque</span> <span class='ocrx_word' id='word_1_65' title='bbox 984 1383 1042 1437; x_wconf 90' lang='lat' dir='ltr'>tam</span> <span class='ocrx_word' id='word_1_66' title='bbox 1065 1378 1218 1458; x_wconf 27' lang='lat' dir='ltr'>iuteresse,</span> <span class='ocrx_word' id='word_1_67' title='bbox 1232 1385 1327 1438; x_wconf 87' lang='lat' dir='ltr'>vestra</span> <span class='ocrx_word' id='word_1_68' title='bbox 1345 1379 1514 1440; x_wconf 78' lang='lat' dir='ltr'>iudicaretis</span> <span class='ocrx_word' id='word_1_69' title='bbox 1529 1381 1660 1440; x_wconf 86' lang='lat' dir='ltr'>occisam</span> 
     </span>
     <span class='ocr_line' id='line_1_8' title="bbox 369 1474 1662 1563; baseline 0.005 -28"><span class='ocrx_word' id='word_1_70' title='bbox 369 1474 503 1546; x_wconf 84' lang='lat' dir='ltr'>bostem,</span> <span class='ocrx_word' id='word_1_71' title='bbox 524 1493 615 1556; x_wconf 64' lang='lat' dir='ltr'>mam</span> <span class='ocrx_word' id='word_1_72' title='bbox 632 1478 768 1563; x_wconf 79' lang='lat' dir='ltr'>occisum</span> <span class='ocrx_word' id='word_1_73' title='bbox 789 1477 905 1540; x_wconf 78' lang='lat' dir='ltr'>sortiter</span> <span class='ocrx_word' id='word_1_74' title='bbox 927 1498 961 1540; x_wconf 92' lang='lat' dir='ltr'>ac</span> <span class='ocrx_word' id='word_1_75' title='bbox 984 1486 1125 1541; x_wconf 87' lang='lat' dir='ltr'>consueto</span> <span class='ocrx_word' id='word_1_76' title='bbox 1149 1479 1230 1540; x_wconf 85' lang='lat' dir='ltr'>vobis</span> <span class='ocrx_word' id='word_1_77' title='bbox 1252 1480 1354 1550; x_wconf 86' lang='lat' dir='ltr'>modo,</span> <span class='ocrx_word' id='word_1_78' title='bbox 1376 1488 1477 1559; x_wconf 89' lang='lat' dir='ltr'>aperte</span> <span class='ocrx_word' id='word_1_79' title='bbox 1498 1499 1558 1541; x_wconf 90' lang='lat' dir='ltr'>non</span> <span class='ocrx_word' id='word_1_80' title='bbox 1582 1480 1662 1542; x_wconf 90' lang='lat' dir='ltr'>elan·</span> 
     </span>
     <span class='ocr_line' id='line_1_9' title="bbox 371 1576 1698 1660; baseline 0.006 -23"><span class='ocrx_word' id='word_1_81' title='bbox 371 1576 502 1648; x_wconf 84' lang='lat' dir='ltr'>destino,</span> <span class='ocrx_word' id='word_1_82' title='bbox 525 1578 743 1654; x_wconf 81' lang='lat' dir='ltr'>alroutenon</span> <span class='ocrx_word' id='word_1_83' title='bbox 765 1587 904 1660; x_wconf 72' lang='lat' dir='ltr'>actergo,</span> <span class='ocrx_word' id='word_1_84' title='bbox 937 1581 973 1642; x_wconf 85' lang='lat' dir='ltr'>ab</span> <span class='ocrx_word' id='word_1_85' title='bbox 995 1589 1108 1642; x_wconf 91' lang='lat' dir='ltr'>armato</span> <span class='ocrx_word' id='word_1_86' title='bbox 1130 1588 1290 1651; x_wconf 88' lang='lat' dir='ltr'>armatum,</span> <span class='ocrx_word' id='word_1_87' title='bbox 1323 1588 1374 1643; x_wconf 92' lang='lat' dir='ltr'>aut</span> <span class='ocrx_word' id='word_1_88' title='bbox 1401 1601 1471 1652; x_wconf 87' lang='lat' dir='ltr'>vero</span> <span class='ocrx_word' id='word_1_89' title='bbox 1497 1583 1534 1644; x_wconf 94' lang='lat' dir='ltr'>ab</span> <span class='ocrx_word' id='word_1_90' title='bbox 1557 1584 1662 1644; x_wconf 87' lang='lat' dir='ltr'>inermi</span> <span class='ocrx_word' id='word_1_91' title='bbox 1694 1611 1698 1617; x_wconf 96' lang='lat'>·</span> 
     </span>
     <span class='ocr_line' id='line_1_10' title="bbox 370 1678 1662 1764; baseline 0.005 -25"><span class='ocrx_word' id='word_1_92' title='bbox 370 1697 407 1740; x_wconf 88' lang='lat' dir='ltr'>ac</span> <span class='ocrx_word' id='word_1_93' title='bbox 426 1678 513 1741; x_wconf 89' lang='lat' dir='ltr'>nudo</span> <span class='ocrx_word' id='word_1_94' title='bbox 528 1681 674 1742; x_wconf 79' lang='lat' dir='ltr'>inermem</span> <span class='ocrx_word' id='word_1_95' title='bbox 693 1688 723 1745; x_wconf 87' lang='lat' dir='ltr'>et</span> <span class='ocrx_word' id='word_1_96' title='bbox 743 1682 879 1753; x_wconf 76' lang='lat' dir='ltr'>nudum,</span> <span class='ocrx_word' id='word_1_97' title='bbox 896 1702 980 1764; x_wconf 84' lang='lat' dir='ltr'>aequo</span> <span class='ocrx_word' id='word_1_98' title='bbox 994 1682 1087 1745; x_wconf 89' lang='lat' dir='ltr'>lllarte</span> <span class='ocrx_word' id='word_1_99' title='bbox 1104 1703 1163 1744; x_wconf 87' lang='lat' dir='ltr'>oon</span> <span class='ocrx_word' id='word_1_100' title='bbox 1183 1703 1217 1746; x_wconf 82' lang='lat' dir='ltr'>ex</span> <span class='ocrx_word' id='word_1_101' title='bbox 1240 1683 1369 1753; x_wconf 81' lang='lat' dir='ltr'>insidiis,</span> <span class='ocrx_word' id='word_1_102' title='bbox 1391 1693 1583 1763; x_wconf 86' lang='lat' dir='ltr'>provocatum</span> <span class='ocrx_word' id='word_1_103' title='bbox 1602 1702 1662 1745; x_wconf 93' lang='lat' dir='ltr'>non</span> 
     </span>
     <span class='ocr_line' id='line_1_11' title="bbox 338 1781 1733 1866; baseline 0.003 -21"><span class='ocrx_word' id='word_1_104' title='bbox 338 1781 541 1860; x_wconf 79' lang='lat' dir='ltr'>reproditum3</span> <span class='ocrx_word' id='word_1_105' title='bbox 563 1783 760 1862; x_wconf 86' lang='lat' dir='ltr'>sic.prolecto</span> <span class='ocrx_word' id='word_1_106' title='bbox 782 1791 914 1863; x_wconf 78' lang='lat' dir='ltr'>pugnant</span> <span class='ocrx_word' id='word_1_107' title='bbox 937 1787 1090 1848; x_wconf 81' lang='lat' dir='ltr'>Germani:</span> <span class='ocrx_word' id='word_1_108' title='bbox 1113 1786 1189 1847; x_wconf 90' lang='lat' dir='ltr'>banc</span> <span class='ocrx_word' id='word_1_109' title='bbox 1212 1786 1249 1848; x_wconf 89' lang='lat' dir='ltr'>de</span> <span class='ocrx_word' id='word_1_110' title='bbox 1270 1806 1302 1848; x_wconf 91' lang='lat' dir='ltr'>se</span> <span class='ocrx_word' id='word_1_111' title='bbox 1324 1788 1492 1866; x_wconf 78' lang='lat' dir='ltr'>opinionem</span> <span class='ocrx_word' id='word_1_112' title='bbox 1516 1788 1593 1865; x_wconf 92' lang='lat' dir='ltr'>apud</span> <span class='ocrx_word' id='word_1_113' title='bbox 1611 1797 1733 1849; x_wconf 64' lang='lat' dir='ltr'>ento.</span> 
     </span>
     <span class='ocr_line' id='line_1_12' title="bbox 373 1883 1664 1968; baseline 0.004 -24"><span class='ocrx_word' id='word_1_114' title='bbox 373 1891 476 1945; x_wconf 87' lang='lat' dir='ltr'>ternos</span> <span class='ocrx_word' id='word_1_115' title='bbox 496 1883 621 1962; x_wconf 90' lang='lat' dir='ltr'>populos</span> <span class='ocrx_word' id='word_1_116' title='bbox 641 1887 813 1966; x_wconf 79' lang='lat' dir='ltr'>incorrupta</span> <span class='ocrx_word' id='word_1_117' title='bbox 833 1893 877 1949; x_wconf 89' lang='lat' dir='ltr'>tot</span> <span class='ocrx_word' id='word_1_118' title='bbox 894 1905 986 1950; x_wconf 87' lang='lat' dir='ltr'>annos</span> <span class='ocrx_word' id='word_1_119' title='bbox 1009 1886 1086 1948; x_wconf 86' lang='lat' dir='ltr'>lama</span> <span class='ocrx_word' id='word_1_120' title='bbox 1108 1887 1315 1968; x_wconf 75' lang='lat' dir='ltr'>praebuerunt;</span> <span class='ocrx_word' id='word_1_121' title='bbox 1340 1889 1414 1950; x_wconf 89' lang='lat' dir='ltr'>adeo</span> <span class='ocrx_word' id='word_1_122' title='bbox 1440 1888 1497 1949; x_wconf 90' lang='lat' dir='ltr'>boc</span> <span class='ocrx_word' id='word_1_123' title='bbox 1520 1889 1557 1949; x_wconf 90' lang='lat' dir='ltr'>de</span> <span class='ocrx_word' id='word_1_124' title='bbox 1578 1888 1664 1949; x_wconf 89' lang='lat' dir='ltr'>nobis</span> 
     </span>
     <span class='ocr_line' id='line_1_13' title="bbox 372 1985 1663 2070; baseline 0.003 -23"><span class='ocrx_word' id='word_1_125' title='bbox 372 1985 563 2064; x_wconf 81' lang='lat' dir='ltr'>percrebuit,</span> <span class='ocrx_word' id='word_1_126' title='bbox 587 1994 618 2049; x_wconf 88' lang='lat' dir='ltr'>ut</span> <span class='ocrx_word' id='word_1_127' title='bbox 636 1987 838 2050; x_wconf 86' lang='lat' dir='ltr'>Romanorum</span> <span class='ocrx_word' id='word_1_128' title='bbox 861 2008 978 2070; x_wconf 88' lang='lat' dir='ltr'>quoque</span> <span class='ocrx_word' id='word_1_129' title='bbox 1000 1990 1083 2051; x_wconf 91' lang='lat' dir='ltr'>orbis</span> <span class='ocrx_word' id='word_1_130' title='bbox 1105 1997 1192 2052; x_wconf 76' lang='lat' dir='ltr'>terre</span> <span class='ocrx_word' id='word_1_131' title='bbox 1214 1990 1391 2052; x_wconf 88' lang='lat' dir='ltr'>domitorum</span> <span class='ocrx_word' id='word_1_132' title='bbox 1413 1990 1505 2051; x_wconf 89' lang='lat' dir='ltr'>literis</span> <span class='ocrx_word' id='word_1_133' title='bbox 1528 1998 1663 2053; x_wconf 88' lang='lat' dir='ltr'>testatum</span> 
     </span>
     <span class='ocr_line' id='line_1_14' title="bbox 373 2088 1735 2171; baseline 0.001 -23"><span class='ocrx_word' id='word_1_134' title='bbox 373 2090 428 2157; x_wconf 89' lang='lat' dir='ltr'>sit;</span> <span class='ocrx_word' id='word_1_135' title='bbox 451 2093 548 2168; x_wconf 80' lang='lat' dir='ltr'>neque</span> <span class='ocrx_word' id='word_1_136' title='bbox 570 2088 634 2151; x_wconf 88' lang='lat' dir='ltr'>alia·</span> <span class='ocrx_word' id='word_1_137' title='bbox 647 2110 734 2153; x_wconf 90' lang='lat' dir='ltr'>causa</span> <span class='ocrx_word' id='word_1_138' title='bbox 754 2091 810 2153; x_wconf 91' lang='lat' dir='ltr'>boc</span> <span class='ocrx_word' id='word_1_139' title='bbox 832 2099 965 2171; x_wconf 83' lang='lat' dir='ltr'>ternpore</span> <span class='ocrx_word' id='word_1_140' title='bbox 985 2091 1233 2155; x_wconf 78' lang='lat' dir='ltr'>llartlrolomaeunr</span> <span class='ocrx_word' id='word_1_141' title='bbox 1255 2092 1407 2154; x_wconf 74' lang='lat' dir='ltr'>Liuianum</span> <span class='ocrx_word' id='word_1_142' title='bbox 1433 2093 1539 2155; x_wconf 85' lang='lat' dir='ltr'>ducem</span> <span class='ocrx_word' id='word_1_143' title='bbox 1561 2090 1662 2153; x_wconf 91' lang='lat' dir='ltr'>Veneti</span> <span class='ocrx_word' id='word_1_144' title='bbox 1672 2097 1735 2150; x_wconf 79' lang='lat' dir='ltr'>tn.</span> 
     </span>
     <span class='ocr_line' id='line_1_15' title="bbox 374 2191 1666 2275; baseline 0.004 -24"><span class='ocrx_word' id='word_1_145' title='bbox 374 2192 522 2253; x_wconf 81' lang='lat' dir='ltr'>exercitus</span> <span class='ocrx_word' id='word_1_146' title='bbox 541 2191 676 2257; x_wconf 89' lang='lat' dir='ltr'>odiosum</span> <span class='ocrx_word' id='word_1_147' title='bbox 698 2194 806 2254; x_wconf 73' lang='lat' dir='ltr'>nosris</span> <span class='ocrx_word' id='word_1_148' title='bbox 827 2196 915 2256; x_wconf 79' lang='lat' dir='ltr'>etiem</span> <span class='ocrx_word' id='word_1_149' title='bbox 936 2197 1038 2274; x_wconf 88' lang='lat' dir='ltr'>pueris</span> <span class='ocrx_word' id='word_1_150' title='bbox 1058 2195 1200 2264; x_wconf 90' lang='lat' dir='ltr'>reddidit,</span> <span class='ocrx_word' id='word_1_151' title='bbox 1221 2213 1308 2274; x_wconf 90' lang='lat' dir='ltr'>quam</span> <span class='ocrx_word' id='word_1_152' title='bbox 1326 2194 1405 2275; x_wconf 91' lang='lat' dir='ltr'>qnod</span> <span class='ocrx_word' id='word_1_153' title='bbox 1418 2197 1445 2256; x_wconf 91' lang='lat' dir='ltr'>is</span> <span class='ocrx_word' id='word_1_154' title='bbox 1462 2196 1491 2255; x_wconf 91' lang='lat' dir='ltr'>iu</span> <span class='ocrx_word' id='word_1_155' title='bbox 1507 2193 1586 2255; x_wconf 85' lang='lat' dir='ltr'>Foro</span> <span class='ocrx_word' id='word_1_156' title='bbox 1600 2193 1666 2256; x_wconf 84' lang='lat' dir='ltr'>tutti</span> 
     </span>
     <span class='ocr_line' id='line_1_16' title="bbox 342 2294 1666 2376; baseline 0 -20"><span class='ocrx_word' id='word_1_157' title='bbox 342 2301 502 2372; x_wconf 81' lang='lat' dir='ltr'>rsqnatnor</span> <span class='ocrx_word' id='word_1_158' title='bbox 523 2294 604 2357; x_wconf 91' lang='lat' dir='ltr'>milia</span> <span class='ocrx_word' id='word_1_159' title='bbox 627 2295 757 2374; x_wconf 88' lang='lat' dir='ltr'>peditum</span> <span class='ocrx_word' id='word_1_160' title='bbox 779 2297 810 2357; x_wconf 91' lang='lat' dir='ltr'>in</span> <span class='ocrx_word' id='word_1_161' title='bbox 831 2297 1010 2359; x_wconf 89' lang='lat' dir='ltr'>deditionem</span> <span class='ocrx_word' id='word_1_162' title='bbox 1025 2302 1161 2376; x_wconf 87' lang='lat' dir='ltr'>accepta,</span> <span class='ocrx_word' id='word_1_163' title='bbox 1184 2304 1286 2358; x_wconf 89' lang='lat' dir='ltr'>contra</span> <span class='ocrx_word' id='word_1_164' title='bbox 1307 2297 1509 2358; x_wconf 89' lang='lat' dir='ltr'>iusiurandum</span> <span class='ocrx_word' id='word_1_165' title='bbox 1531 2296 1610 2374; x_wconf 88' lang='lat' dir='ltr'>quod</span> <span class='ocrx_word' id='word_1_166' title='bbox 1629 2296 1666 2357; x_wconf 88' lang='lat' dir='ltr'>de</span> 
     </span>
     <span class='ocr_line' id='line_1_17' title="bbox 374 2394 1666 2477; baseline 0.002 -21"><span class='ocrx_word' id='word_1_167' title='bbox 374 2414 435 2457; x_wconf 92' lang='lat' dir='ltr'>non</span> <span class='ocrx_word' id='word_1_168' title='bbox 461 2394 591 2459; x_wconf 80' lang='lat' dir='ltr'>laedenda</span> <span class='ocrx_word' id='word_1_169' title='bbox 623 2400 680 2459; x_wconf 86' lang='lat' dir='ltr'>vita</span> <span class='ocrx_word' id='word_1_170' title='bbox 706 2406 736 2460; x_wconf 89' lang='lat' dir='ltr'>et</span> <span class='ocrx_word' id='word_1_171' title='bbox 760 2398 986 2460; x_wconf 86' lang='lat' dir='ltr'>communiendo</span> <span class='ocrx_word' id='word_1_172' title='bbox 1013 2399 1093 2460; x_wconf 92' lang='lat' dir='ltr'>abitu</span> <span class='ocrx_word' id='word_1_173' title='bbox 1123 2399 1306 2477; x_wconf 73' lang='lat' dir='ltr'>prebuerat,</span> <span class='ocrx_word' id='word_1_174' title='bbox 1337 2418 1405 2461; x_wconf 88' lang='lat' dir='ltr'>cum</span> <span class='ocrx_word' id='word_1_175' title='bbox 1437 2396 1562 2461; x_wconf 84' lang='lat' dir='ltr'>subdolo</span> <span class='ocrx_word' id='word_1_176' title='bbox 1590 2397 1666 2459; x_wconf 91' lang='lat' dir='ltr'>illius</span> 
     </span>
     <span class='ocr_line' id='line_1_18' title="bbox 375 2489 1727 2581; baseline -0.001 -23"><span class='ocrx_word' id='word_1_177' title='bbox 375 2517 465 2561; x_wconf 87' lang='lat' dir='ltr'>suasu</span> <span class='ocrx_word' id='word_1_178' title='bbox 486 2518 568 2561; x_wconf 78' lang='lat' dir='ltr'>arum</span> <span class='ocrx_word' id='word_1_179' title='bbox 590 2500 772 2578; x_wconf 78' lang='lat' dir='ltr'>posuissent,</span> <span class='ocrx_word' id='word_1_180' title='bbox 802 2501 947 2563; x_wconf 89' lang='lat' dir='ltr'>occidioni</span> <span class='ocrx_word' id='word_1_181' title='bbox 974 2502 1112 2581; x_wconf 89' lang='lat' dir='ltr'>prodidit.</span> <span class='ocrx_word' id='word_1_182' title='bbox 1162 2502 1211 2562; x_wconf 89' lang='lat' dir='ltr'>cui</span> <span class='ocrx_word' id='word_1_183' title='bbox 1239 2502 1293 2563; x_wconf 89' lang='lat' dir='ltr'>etsi</span> <span class='ocrx_word' id='word_1_184' title='bbox 1319 2519 1436 2563; x_wconf 88' lang='lat' dir='ltr'>omnem</span> <span class='ocrx_word' id='word_1_185' title='bbox 1464 2489 1727 2562; x_wconf 63' lang='lat' dir='ltr'>infelicissimum</span> 
     </span>
     <span class='ocr_line' id='line_1_19' title="bbox 375 2603 1667 2683; baseline -0.004 -16"><span class='ocrx_word' id='word_1_186' title='bbox 375 2603 554 2681; x_wconf 84' lang='lat' dir='ltr'>precemini,</span> <span class='ocrx_word' id='word_1_187' title='bbox 580 2605 777 2683; x_wconf 88' lang='lat' dir='ltr'>meritumque</span> <span class='ocrx_word' id='word_1_188' title='bbox 802 2605 912 2682; x_wconf 89' lang='lat' dir='ltr'>putetis</span> <span class='ocrx_word' id='word_1_189' title='bbox 935 2604 984 2682; x_wconf 89' lang='lat' dir='ltr'>qui</span> <span class='ocrx_word' id='word_1_190' title='bbox 1006 2611 1157 2683; x_wconf 89' lang='lat' dir='ltr'>utcunque</span> <span class='ocrx_word' id='word_1_191' title='bbox 1176 2605 1316 2672; x_wconf 86' lang='lat' dir='ltr'>intereat,</span> <span class='ocrx_word' id='word_1_192' title='bbox 1345 2603 1401 2664; x_wconf 87' lang='lat' dir='ltr'>hac</span> <span class='ocrx_word' id='word_1_193' title='bbox 1423 2611 1519 2664; x_wconf 89' lang='lat' dir='ltr'>tamen</span> <span class='ocrx_word' id='word_1_194' title='bbox 1548 2604 1590 2662; x_wconf 85' lang='lat' dir='ltr'>via</span> <span class='ocrx_word' id='word_1_195' title='bbox 1616 2619 1667 2682; x_wconf 85' lang='lat' dir='ltr'>pe·</span> 
     </span>
     <span class='ocr_line' id='line_1_20' title="bbox 376 2704 1667 2785; baseline -0.002 -19"><span class='ocrx_word' id='word_1_196' title='bbox 376 2706 463 2766; x_wconf 87' lang='lat' dir='ltr'>tiistis</span> <span class='ocrx_word' id='word_1_197' title='bbox 483 2723 659 2784; x_wconf 84' lang='lat' dir='ltr'>nunqnam,</span> <span class='ocrx_word' id='word_1_198' title='bbox 673 2724 770 2785; x_wconf 86' lang='lat' dir='ltr'>neque</span> <span class='ocrx_word' id='word_1_199' title='bbox 793 2707 867 2767; x_wconf 91' lang='lat' dir='ltr'>tanti</span> <span class='ocrx_word' id='word_1_200' title='bbox 889 2712 1016 2784; x_wconf 88' lang='lat' dir='ltr'>quatuor</span> <span class='ocrx_word' id='word_1_201' title='bbox 1037 2704 1151 2767; x_wconf 87' lang='lat' dir='ltr'>milium</span> <span class='ocrx_word' id='word_1_202' title='bbox 1174 2705 1359 2767; x_wconf 88' lang='lat' dir='ltr'>occidionem</span> <span class='ocrx_word' id='word_1_203' title='bbox 1382 2706 1506 2774; x_wconf 86' lang='lat' dir='ltr'>lecistis,</span> <span class='ocrx_word' id='word_1_204' title='bbox 1529 2712 1561 2764; x_wconf 90' lang='lat' dir='ltr'>ut</span> <span class='ocrx_word' id='word_1_205' title='bbox 1581 2707 1667 2781; x_wconf 91' lang='lat' dir='ltr'>igno·</span> 
     </span>
     <span class='ocr_line' id='line_1_21' title="bbox 340 2805 1668 2888; baseline -0.004 -17"><span class='ocrx_word' id='word_1_206' title='bbox 340 2808 501 2871; x_wconf 75' lang='lat' dir='ltr'>mminiosa</span> <span class='ocrx_word' id='word_1_207' title='bbox 514 2810 660 2888; x_wconf 55' lang='lat' dir='ltr'>¹quapiam</span> <span class='ocrx_word' id='word_1_208' title='bbox 688 2809 814 2870; x_wconf 85' lang='lat' dir='ltr'>vindicta</span> <span class='ocrx_word' id='word_1_209' title='bbox 835 2806 926 2888; x_wconf 90' lang='lat' dir='ltr'>pollui</span> <span class='ocrx_word' id='word_1_210' title='bbox 954 2815 1078 2869; x_wconf 88' lang='lat' dir='ltr'>vestram</span> <span class='ocrx_word' id='word_1_211' title='bbox 1109 2808 1351 2869; x_wconf 85' lang='lat' dir='ltr'>existimationem</span> <span class='ocrx_word' id='word_1_212' title='bbox 1374 2805 1531 2868; x_wconf 85' lang='lat' dir='ltr'>volueritis.</span> <span class='ocrx_word' id='word_1_213' title='bbox 1576 2823 1668 2884; x_wconf 83' lang='lat' dir='ltr'>qnare</span> 
     </span>
     <span class='ocr_line' id='line_1_22' title="bbox 374 2906 1668 2990; baseline -0.002 -20"><span class='ocrx_word' id='word_1_214' title='bbox 374 2917 425 2979; x_wconf 91' lang='lat' dir='ltr'>tu,</span> <span class='ocrx_word' id='word_1_215' title='bbox 445 2909 647 2973; x_wconf 84' lang='lat' dir='ltr'>llarimiliane&#39;</span> <span class='ocrx_word' id='word_1_216' title='bbox 665 2911 779 2982; x_wconf 78' lang='lat' dir='ltr'>Cesar,</span> <span class='ocrx_word' id='word_1_217' title='bbox 802 2929 899 2990; x_wconf 89' lang='lat' dir='ltr'>neque</span> <span class='ocrx_word' id='word_1_218' title='bbox 922 2928 973 2972; x_wconf 88' lang='lat' dir='ltr'>eos</span> <span class='ocrx_word' id='word_1_219' title='bbox 997 2912 1132 2972; x_wconf 82' lang='lat' dir='ltr'>audivisti</span> <span class='ocrx_word' id='word_1_220' title='bbox 1154 2926 1302 2989; x_wconf 87' lang='lat' dir='ltr'>uuquam,</span> <span class='ocrx_word' id='word_1_221' title='bbox 1325 2911 1376 2987; x_wconf 87' lang='lat' dir='ltr'>qui</span> <span class='ocrx_word' id='word_1_222' title='bbox 1400 2922 1513 2970; x_wconf 82' lang='lat' dir='ltr'>veneno</span> <span class='ocrx_word' id='word_1_223' title='bbox 1533 2906 1668 2968; x_wconf 88' lang='lat' dir='ltr'>sublatu-</span> 
     </span>
     <span class='ocr_line' id='line_1_23' title="bbox 376 3008 1665 3093; baseline -0.005 -19"><span class='ocrx_word' id='word_1_224' title='bbox 376 3031 428 3074; x_wconf 87' lang='lat' dir='ltr'>ros</span> <span class='ocrx_word' id='word_1_225' title='bbox 448 3032 481 3075; x_wconf 84' lang='lat' dir='ltr'>se</span> <span class='ocrx_word' id='word_1_226' title='bbox 501 3011 584 3075; x_wconf 90' lang='lat' dir='ltr'>illum</span> <span class='ocrx_word' id='word_1_227' title='bbox 606 3011 796 3093; x_wconf 86' lang='lat' dir='ltr'>pollicentur,</span> <span class='ocrx_word' id='word_1_228' title='bbox 819 3031 916 3092; x_wconf 88' lang='lat' dir='ltr'>neque</span> <span class='ocrx_word' id='word_1_229' title='bbox 939 3030 1038 3092; x_wconf 85' lang='lat' dir='ltr'>pugna</span> <span class='ocrx_word' id='word_1_230' title='bbox 1062 3011 1212 3074; x_wconf 85' lang='lat' dir='ltr'>Cremeosi</span> <span class='ocrx_word' id='word_1_231' title='bbox 1235 3016 1352 3089; x_wconf 89' lang='lat' dir='ltr'>captum</span> <span class='ocrx_word' id='word_1_232' title='bbox 1381 3029 1397 3072; x_wconf 93' lang='lat' dir='ltr'>a</span> <span class='ocrx_word' id='word_1_233' title='bbox 1424 3008 1514 3073; x_wconf 88' lang='lat' dir='ltr'>Gallis</span> <span class='ocrx_word' id='word_1_234' title='bbox 1536 3009 1572 3069; x_wconf 89' lang='lat' dir='ltr'>ad</span> <span class='ocrx_word' id='word_1_235' title='bbox 1594 3025 1665 3087; x_wconf 82' lang='lat' dir='ltr'>snp-</span> 
     </span>
     <span class='ocr_line' id='line_1_24' title="bbox 378 3096 1753 3196; baseline -0.004 -19"><span class='ocrx_word' id='word_1_236' title='bbox 378 3115 498 3194; x_wconf 86' lang='lat' dir='ltr'>plicium</span> <span class='ocrx_word' id='word_1_237' title='bbox 519 3117 694 3196; x_wconf 89' lang='lat' dir='ltr'>poposcisti:</span> <span class='ocrx_word' id='word_1_238' title='bbox 724 3117 816 3176; x_wconf 82' lang='lat' dir='ltr'>mavis</span> <span class='ocrx_word' id='word_1_239' title='bbox 843 3115 952 3176; x_wconf 90' lang='lat' dir='ltr'>diutius</span> <span class='ocrx_word' id='word_1_240' title='bbox 973 3121 1144 3194; x_wconf 84' lang='lat' dir='ltr'>superesse,</span> <span class='ocrx_word' id='word_1_241' title='bbox 1172 3096 1273 3193; x_wconf 86' lang='lat' dir='ltr'>quam</span> <span class='ocrx_word' id='word_1_242' title='bbox 1289 3130 1365 3172; x_wconf 84' lang='lat' dir='ltr'>noro</span> <span class='ocrx_word' id='word_1_243' title='bbox 1393 3131 1427 3173; x_wconf 92' lang='lat' dir='ltr'>ae</span> <span class='ocrx_word' id='word_1_244' title='bbox 1454 3114 1570 3173; x_wconf 89' lang='lat' dir='ltr'>insueto</span> <span class='ocrx_word' id='word_1_245' title='bbox 1594 3112 1667 3172; x_wconf 85' lang='lat' dir='ltr'>Ger·</span> <span class='ocrx_word' id='word_1_246' title='bbox 1751 3138 1753 3144; x_wconf 95' lang='lat'>·</span> 
     </span>
     <span class='ocr_line' id='line_1_25' title="bbox 378 3212 1668 3297; baseline -0.005 -20"><span class='ocrx_word' id='word_1_247' title='bbox 378 3218 473 3277; x_wconf 89' lang='lat' dir='ltr'>manis</span> <span class='ocrx_word' id='word_1_248' title='bbox 493 3235 577 3279; x_wconf 91' lang='lat' dir='ltr'>more</span> <span class='ocrx_word' id='word_1_249' title='bbox 598 3218 746 3297; x_wconf 86' lang='lat' dir='ltr'>modoque</span> <span class='ocrx_word' id='word_1_250' title='bbox 771 3219 914 3285; x_wconf 79' lang='lat' dir='ltr'>interimi:</span> <span class='ocrx_word' id='word_1_251' title='bbox 943 3218 986 3278; x_wconf 81' lang='lat' dir='ltr'>vis</span> <span class='ocrx_word' id='word_1_252' title='bbox 1006 3218 1087 3277; x_wconf 83' lang='lat' dir='ltr'>enirn</span> <span class='ocrx_word' id='word_1_253' title='bbox 1110 3234 1170 3276; x_wconf 92' lang='lat' dir='ltr'>non</span> <span class='ocrx_word' id='word_1_254' title='bbox 1192 3215 1260 3276; x_wconf 93' lang='lat' dir='ltr'>dolo</span> <span class='ocrx_word' id='word_1_255' title='bbox 1282 3231 1386 3294; x_wconf 81' lang='lat' dir='ltr'>gerere</span> <span class='ocrx_word' id='word_1_256' title='bbox 1414 3212 1506 3283; x_wconf 90' lang='lat' dir='ltr'>bella,</span> <span class='ocrx_word' id='word_1_257' title='bbox 1538 3212 1668 3274; x_wconf 86' lang='lat' dir='ltr'>consiliis</span> 
     </span>
     <span class='ocr_line' id='line_1_26' title="bbox 339 3315 1726 3400; baseline -0.01 -18"><span class='ocrx_word' id='word_1_258' title='bbox 339 3338 414 3382; x_wconf 67' lang='lat' dir='ltr'>¹isac</span> <span class='ocrx_word' id='word_1_259' title='bbox 434 3321 539 3382; x_wconf 84' lang='lat' dir='ltr'>virtute</span> <span class='ocrx_word' id='word_1_260' title='bbox 562 3322 612 3381; x_wconf 86' lang='lat' dir='ltr'>vis.</span> <span class='ocrx_word' id='word_1_261' title='bbox 653 3321 715 3385; x_wconf 85' lang='lat' dir='ltr'>Sed</span> <span class='ocrx_word' id='word_1_262' title='bbox 737 3340 794 3400; x_wconf 89' lang='lat' dir='ltr'>qua</span> <span class='ocrx_word' id='word_1_263' title='bbox 815 3322 885 3382; x_wconf 88' lang='lat' dir='ltr'>satis</span> <span class='ocrx_word' id='word_1_264' title='bbox 906 3319 1013 3381; x_wconf 90' lang='lat' dir='ltr'>acerba</span> <span class='ocrx_word' id='word_1_265' title='bbox 1036 3320 1168 3379; x_wconf 89' lang='lat' dir='ltr'>oratione</span> <span class='ocrx_word' id='word_1_266' title='bbox 1190 3318 1278 3378; x_wconf 89' lang='lat' dir='ltr'>buius</span> <span class='ocrx_word' id='word_1_267' title='bbox 1301 3316 1509 3377; x_wconf 87' lang='lat' dir='ltr'>immanitatem</span> <span class='ocrx_word' id='word_1_268' title='bbox 1530 3315 1726 3394; x_wconf 68' lang='lat' dir='ltr'>persequitur</span> 
     </span>
     <span class='ocr_line' id='line_1_27' title="bbox 378 3412 1666 3503; baseline -0.005 -19"><span class='ocrx_word' id='word_1_269' title='bbox 378 3412 554 3502; x_wconf 78' lang='lat' dir='ltr'>possumus?</span> <span class='ocrx_word' id='word_1_270' title='bbox 575 3424 653 3503; x_wconf 90' lang='lat' dir='ltr'>quod</span> <span class='ocrx_word' id='word_1_271' title='bbox 677 3425 708 3484; x_wconf 94' lang='lat' dir='ltr'>in</span> <span class='ocrx_word' id='word_1_272' title='bbox 730 3424 814 3486; x_wconf 89' lang='lat' dir='ltr'>boste</span> <span class='ocrx_word' id='word_1_273' title='bbox 838 3423 1021 3484; x_wconf 88' lang='lat' dir='ltr'>odiosissimo</span> <span class='ocrx_word' id='word_1_274' title='bbox 1043 3422 1109 3481; x_wconf 88' lang='lat' dir='ltr'>lieri</span> <span class='ocrx_word' id='word_1_275' title='bbox 1129 3419 1288 3488; x_wconf 87' lang='lat' dir='ltr'>nollemus,</span> <span class='ocrx_word' id='word_1_276' title='bbox 1311 3419 1359 3478; x_wconf 91' lang='lat' dir='ltr'>bic</span> <span class='ocrx_word' id='word_1_277' title='bbox 1382 3419 1411 3478; x_wconf 94' lang='lat' dir='ltr'>in</span> <span class='ocrx_word' id='word_1_278' title='bbox 1429 3418 1577 3478; x_wconf 86' lang='lat' dir='ltr'>Germano</span> <span class='ocrx_word' id='word_1_279' title='bbox 1599 3434 1666 3477; x_wconf 92' lang='lat' dir='ltr'>san·</span> 
     </span>
     <span class='ocr_line' id='line_1_28' title="bbox 377 3519 1669 3606; baseline -0.007 -19"><span class='ocrx_word' id='word_1_280' title='bbox 377 3527 469 3602; x_wconf 90' lang='lat' dir='ltr'>guine</span> <span class='ocrx_word' id='word_1_281' title='bbox 486 3526 604 3591; x_wconf 85' lang='lat' dir='ltr'>admisit</span> <span class='ocrx_word' id='word_1_282' title='bbox 624 3524 781 3595; x_wconf 76' lang='lat' dir='ltr'>scelestus:</span> <span class='ocrx_word' id='word_1_283' title='bbox 805 3528 835 3587; x_wconf 91' lang='lat' dir='ltr'>in</span> <span class='ocrx_word' id='word_1_284' title='bbox 856 3523 951 3606; x_wconf 86' lang='lat' dir='ltr'>probo</span> <span class='ocrx_word' id='word_1_285' title='bbox 974 3543 1008 3585; x_wconf 92' lang='lat' dir='ltr'>ac</span> <span class='ocrx_word' id='word_1_286' title='bbox 1030 3524 1179 3585; x_wconf 89' lang='lat' dir='ltr'>innocenti</span> <span class='ocrx_word' id='word_1_287' title='bbox 1199 3524 1319 3590; x_wconf 89' lang='lat' dir='ltr'>invene,</span> <span class='ocrx_word' id='word_1_288' title='bbox 1341 3520 1390 3599; x_wconf 82' lang='lat' dir='ltr'>qui</span> <span class='ocrx_word' id='word_1_289' title='bbox 1405 3519 1473 3580; x_wconf 90' lang='lat' dir='ltr'>huic</span> <span class='ocrx_word' id='word_1_290' title='bbox 1492 3520 1594 3598; x_wconf 74' lang='lat' dir='ltr'>patrico</span> <span class='ocrx_word' id='word_1_291' title='bbox 1612 3519 1669 3578; x_wconf 92' lang='lat' dir='ltr'>uti·</span> 
     </span>
     <span class='ocr_line' id='line_1_29' title="bbox 378 3619 1669 3708; baseline -0.009 -18"><span class='ocrx_word' id='word_1_292' title='bbox 378 3626 429 3699; x_wconf 86' lang='lat' dir='ltr'>lis,</span> <span class='ocrx_word' id='word_1_293' title='bbox 452 3628 523 3691; x_wconf 93' lang='lat' dir='ltr'>buic</span> <span class='ocrx_word' id='word_1_294' title='bbox 543 3630 668 3708; x_wconf 90' lang='lat' dir='ltr'>imperio</span> <span class='ocrx_word' id='word_1_295' title='bbox 692 3629 875 3708; x_wconf 82' lang='lat' dir='ltr'>expetendus</span> <span class='ocrx_word' id='word_1_296' title='bbox 903 3634 981 3697; x_wconf 88' lang='lat' dir='ltr'>erat,</span> <span class='ocrx_word' id='word_1_297' title='bbox 1009 3633 1147 3705; x_wconf 87' lang='lat' dir='ltr'>expertus</span> <span class='ocrx_word' id='word_1_298' title='bbox 1175 3631 1232 3693; x_wconf 88' lang='lat' dir='ltr'>est,</span> <span class='ocrx_word' id='word_1_299' title='bbox 1266 3625 1304 3683; x_wconf 91' lang='lat' dir='ltr'>ita</span> <span class='ocrx_word' id='word_1_300' title='bbox 1333 3629 1366 3682; x_wconf 92' lang='lat' dir='ltr'>ut</span> <span class='ocrx_word' id='word_1_301' title='bbox 1390 3624 1448 3682; x_wconf 88' lang='lat' dir='ltr'>iam</span> <span class='ocrx_word' id='word_1_302' title='bbox 1475 3619 1669 3682; x_wconf 88' lang='lat' dir='ltr'>dubitandum</span> 
     </span>
    </p>
   </div>
   <div class='ocr_carea' id='block_1_3' title="bbox 381 3907 1765 5163">
    <p class='ocr_par' dir='ltr' id='par_1_3' title="bbox 381 3907 1765 5163">
     <span class='ocr_line' id='line_1_30' title="bbox 447 3907 1670 3986; baseline -0.011 -15"><span class='ocrx_word' id='word_1_303' title='bbox 447 3919 458 3950; x_wconf 86' lang='lat'>⁷</span> <span class='ocrx_word' id='word_1_304' title='bbox 477 3916 524 3986; x_wconf 84' lang='lat' dir='ltr'>uc]</span> <span class='ocrx_word' id='word_1_305' title='bbox 544 3925 572 3971; x_wconf 92' lang='lat' dir='ltr'>et</span> <span class='ocrx_word' id='word_1_306' title='bbox 589 3923 701 3979; x_wconf 65' lang='lat' dir='ltr'>cornil.</span> <span class='ocrx_word' id='word_1_307' title='bbox 755 3916 776 3951; x_wconf 83' lang='lat'>¹²</span> <span class='ocrx_word' id='word_1_308' title='bbox 794 3917 831 3970; x_wconf 79' lang='lat' dir='ltr'>cl.</span> <span class='ocrx_word' id='word_1_309' title='bbox 846 3933 870 3968; x_wconf 92' lang='lat' dir='ltr'>e.</span> <span class='ocrx_word' id='word_1_310' title='bbox 884 3933 924 3983; x_wconf 87' lang='lat' dir='ltr'>gr.</span> <span class='ocrx_word' id='word_1_311' title='bbox 936 3917 1004 3967; x_wconf 81' lang='lat' dir='ltr'>Tac.</span> <span class='ocrx_word' id='word_1_312' title='bbox 1020 3914 1111 3965; x_wconf 84' lang='lat' dir='ltr'>Germ.</span> <span class='ocrx_word' id='word_1_313' title='bbox 1128 3914 1167 3964; x_wconf 81' lang='grc'>14.</span> <span class='ocrx_word' id='word_1_314' title='bbox 1217 3911 1237 3945; x_wconf 82' lang='lat'>¹⁸</span> <span class='ocrx_word' id='word_1_315' title='bbox 1254 3910 1474 3962; x_wconf 71' lang='lat' dir='ltr'>Bartholomaeus</span> <span class='ocrx_word' id='word_1_316' title='bbox 1486 3908 1631 3959; x_wconf 80' lang='lat' dir='ltr'>d&#39;blrieno</span> <span class='ocrx_word' id='word_1_317' title='bbox 1643 3907 1670 3957; x_wconf 85' lang='lat' dir='ltr'>d.</span> 
     </span>
     <span class='ocr_line' id='line_1_31' title="bbox 384 3992 1670 4062; baseline -0.009 -10"><span class='ocrx_word' id='word_1_318' title='bbox 384 4004 405 4053; x_wconf 93' lang='lat' dir='ltr'>l.</span> <span class='ocrx_word' id='word_1_319' title='bbox 419 4003 482 4054; x_wconf 88' lang='lat' dir='ltr'>Oct.</span> <span class='ocrx_word' id='word_1_320' title='bbox 497 4020 521 4054; x_wconf 86' lang='lat' dir='ltr'>e.</span> <span class='ocrx_word' id='word_1_321' title='bbox 537 4003 609 4055; x_wconf 73' lang='lat'>1515.</span> <span class='ocrx_word' id='word_1_322' title='bbox 624 4009 745 4054; x_wconf 89' lang='lat' dir='ltr'>mortuus</span> <span class='ocrx_word' id='word_1_323' title='bbox 764 4003 869 4053; x_wconf 89' lang='lat' dir='ltr'>strenui</span> <span class='ocrx_word' id='word_1_324' title='bbox 888 4019 940 4053; x_wconf 86' lang='lat' dir='ltr'>nec</span> <span class='ocrx_word' id='word_1_325' title='bbox 958 4000 1092 4051; x_wconf 89' lang='lat' dir='ltr'>ineruditi</span> <span class='ocrx_word' id='word_1_326' title='bbox 1110 4001 1163 4049; x_wconf 86' lang='lat' dir='ltr'>viri</span> <span class='ocrx_word' id='word_1_327' title='bbox 1182 3999 1284 4049; x_wconf 80' lang='lat' dir='ltr'>semem</span> <span class='ocrx_word' id='word_1_328' title='bbox 1309 3997 1431 4062; x_wconf 84' lang='lat' dir='ltr'>reliquit.</span> <span class='ocrx_word' id='word_1_329' title='bbox 1467 3992 1568 4043; x_wconf 76' lang='lat' dir='ltr'>Clades</span> <span class='ocrx_word' id='word_1_330' title='bbox 1592 4007 1670 4042; x_wconf 88' lang='lat' dir='ltr'>exer-</span> 
     </span>
     <span class='ocr_line' id='line_1_32' title="bbox 381 4077 1670 4154; baseline -0.01 -16"><span class='ocrx_word' id='word_1_331' title='bbox 381 4090 450 4138; x_wconf 85' lang='lat' dir='ltr'>citui</span> <span class='ocrx_word' id='word_1_332' title='bbox 468 4087 653 4139; x_wconf 79' lang='lat' dir='ltr'>Maximilieni</span> <span class='ocrx_word' id='word_1_333' title='bbox 672 4086 744 4154; x_wconf 87' lang='lat' dir='ltr'>epud</span> <span class='ocrx_word' id='word_1_334' title='bbox 763 4084 917 4138; x_wconf 85' lang='lat' dir='ltr'>Codeurnm</span> <span class='ocrx_word' id='word_1_335' title='bbox 936 4103 961 4136; x_wconf 83' lang='lat' dir='ltr'>e.</span> <span class='ocrx_word' id='word_1_336' title='bbox 978 4083 1188 4135; x_wconf 71' lang='lat' dir='ltr'>intumueras</span> <span class='ocrx_word' id='word_1_337' title='bbox 1206 4083 1343 4134; x_wconf 88' lang='lat' dir='ltr'>rhetorice</span> <span class='ocrx_word' id='word_1_338' title='bbox 1363 4097 1455 4132; x_wconf 85' lang='lat' dir='ltr'>coram</span> <span class='ocrx_word' id='word_1_339' title='bbox 1473 4077 1670 4129; x_wconf 85' lang='lat' dir='ltr'>Germanorum</span> 
     </span>
     <span class='ocr_line' id='line_1_33' title="bbox 382 4161 1671 4239; baseline -0.01 -17"><span class='ocrx_word' id='word_1_340' title='bbox 382 4175 562 4239; x_wconf 83' lang='lat' dir='ltr'>imperatore,</span> <span class='ocrx_word' id='word_1_341' title='bbox 585 4178 617 4224; x_wconf 86' lang='lat' dir='ltr'>ut</span> <span class='ocrx_word' id='word_1_342' title='bbox 638 4172 864 4224; x_wconf 82' lang='lat' dir='ltr'>benevolentiam</span> <span class='ocrx_word' id='word_1_343' title='bbox 889 4161 947 4222; x_wconf 79' lang='lat' dir='ltr'>eins</span> <span class='ocrx_word' id='word_1_344' title='bbox 971 4175 1081 4235; x_wconf 83' lang='lat' dir='ltr'>captet,</span> <span class='ocrx_word' id='word_1_345' title='bbox 1104 4170 1302 4235; x_wconf 84' lang='lat' dir='ltr'>interpretetus</span> <span class='ocrx_word' id='word_1_346' title='bbox 1327 4173 1370 4217; x_wconf 84' lang='lat' dir='ltr'>est</span> <span class='ocrx_word' id='word_1_347' title='bbox 1395 4179 1488 4216; x_wconf 73' lang='lat' dir='ltr'>canses</span> <span class='ocrx_word' id='word_1_348' title='bbox 1512 4162 1671 4212; x_wconf 81' lang='lat' dir='ltr'>lluttenicce</span> 
     </span>
     <span class='ocr_line' id='line_1_34' title="bbox 382 4255 1253 4324; baseline -0.007 -15"><span class='ocrx_word' id='word_1_349' title='bbox 382 4259 519 4309; x_wconf 83' lang='lat' dir='ltr'>defensor.</span> <span class='ocrx_word' id='word_1_350' title='bbox 554 4258 631 4310; x_wconf 89' lang='lat' dir='ltr'>Idem</span> <span class='ocrx_word' id='word_1_351' title='bbox 648 4259 678 4308; x_wconf 90' lang='lat' dir='ltr'>in</span> <span class='ocrx_word' id='word_1_352' title='bbox 696 4259 784 4324; x_wconf 85' lang='lat' dir='ltr'>epigr.</span> <span class='ocrx_word' id='word_1_353' title='bbox 802 4259 831 4308; x_wconf 87' lang='lat' dir='ltr'>in</span> <span class='ocrx_word' id='word_1_354' title='bbox 849 4255 1080 4307; x_wconf 79' lang='lat' dir='ltr'>Bartholomaeum</span> <span class='ocrx_word' id='word_1_355' title='bbox 1098 4255 1132 4304; x_wconf 89' lang='lat' dir='ltr'>de</span> <span class='ocrx_word' id='word_1_356' title='bbox 1150 4255 1253 4305; x_wconf 86' lang='lat' dir='ltr'>Vicno:</span> 
     </span>
     <span class='ocr_line' id='line_1_35' title="bbox 650 4340 1365 4407; baseline -0.014 -12"><span class='ocrx_word' id='word_1_357' title='bbox 650 4343 735 4395; x_wconf 80' lang='lat' dir='ltr'>Nolle</span> <span class='ocrx_word' id='word_1_358' title='bbox 753 4348 801 4403; x_wconf 74' lang='lat' dir='ltr'>est</span> <span class='ocrx_word' id='word_1_359' title='bbox 813 4342 937 4407; x_wconf 86' lang='lat' dir='ltr'>relligio:</span> <span class='ocrx_word' id='word_1_360' title='bbox 956 4342 1076 4391; x_wconf 79' lang='lat' dir='ltr'>servasti</span> <span class='ocrx_word' id='word_1_361' title='bbox 1095 4340 1200 4390; x_wconf 83' lang='lat' dir='ltr'>loedere</span> <span class='ocrx_word' id='word_1_362' title='bbox 1219 4351 1365 4402; x_wconf 84' lang='lat' dir='ltr'>nunquam,</span> 
     </span>
     <span class='ocr_line' id='line_1_36' title="bbox 702 4420 1383 4484; baseline -0.012 -6"><span class='ocrx_word' id='word_1_363' title='bbox 702 4427 906 4478; x_wconf 85' lang='lat' dir='ltr'>Contemerssti</span> <span class='ocrx_word' id='word_1_364' title='bbox 917 4441 1042 4483; x_wconf 84' lang='lat' dir='ltr'>omnem,</span> <span class='ocrx_word' id='word_1_365' title='bbox 1061 4423 1268 4484; x_wconf 83' lang='lat' dir='ltr'>Bartholomee‚</span> <span class='ocrx_word' id='word_1_366' title='bbox 1290 4420 1383 4471; x_wconf 87' lang='lat' dir='ltr'>fidem:</span> 
     </span>
     <span class='ocr_line' id='line_1_37' title="bbox 651 4506 1298 4574; baseline -0.015 -8"><span class='ocrx_word' id='word_1_367' title='bbox 651 4513 774 4566; x_wconf 81' lang='lat' dir='ltr'>Moribus</span> <span class='ocrx_word' id='word_1_368' title='bbox 793 4513 836 4563; x_wconf 90' lang='lat' dir='ltr'>bis</span> <span class='ocrx_word' id='word_1_369' title='bbox 854 4512 879 4564; x_wconf 84' lang='lat' dir='ltr'>ei</span> <span class='ocrx_word' id='word_1_370' title='bbox 898 4516 925 4561; x_wconf 90' lang='lat' dir='ltr'>te</span> <span class='ocrx_word' id='word_1_371' title='bbox 944 4511 1043 4561; x_wconf 79' lang='lat' dir='ltr'>durare</span> <span class='ocrx_word' id='word_1_372' title='bbox 1062 4509 1172 4574; x_wconf 90' lang='lat' dir='ltr'>impune</span> <span class='ocrx_word' id='word_1_373' title='bbox 1190 4506 1298 4568; x_wconf 87' lang='lat' dir='ltr'>videbo,</span> 
     </span>
     <span class='ocr_line' id='line_1_38' title="bbox 703 4592 1300 4662; baseline -0.013 -13"><span class='ocrx_word' id='word_1_374' title='bbox 703 4595 778 4662; x_wconf 82' lang='lat' dir='ltr'>Quos</span> <span class='ocrx_word' id='word_1_375' title='bbox 797 4596 897 4659; x_wconf 74' lang='lat' dir='ltr'>coluit,</span> <span class='ocrx_word' id='word_1_376' title='bbox 916 4595 1004 4647; x_wconf 89' lang='lat' dir='ltr'>nullos</span> <span class='ocrx_word' id='word_1_377' title='bbox 1024 4610 1084 4645; x_wconf 87' lang='lat' dir='ltr'>esse</span> <span class='ocrx_word' id='word_1_378' title='bbox 1102 4592 1206 4659; x_wconf 80' lang='lat' dir='ltr'>putabo</span> <span class='ocrx_word' id='word_1_379' title='bbox 1225 4592 1300 4642; x_wconf 88' lang='lat' dir='ltr'>deos.</span> 
     </span>
     <span class='ocr_line' id='line_1_39' title="bbox 381 4673 1670 4752; baseline -0.016 -14"><span class='ocrx_word' id='word_1_380' title='bbox 381 4689 418 4738; x_wconf 81' lang='lat' dir='ltr'>Et</span> <span class='ocrx_word' id='word_1_381' title='bbox 435 4688 464 4737; x_wconf 88' lang='lat' dir='ltr'>in</span> <span class='ocrx_word' id='word_1_382' title='bbox 481 4686 604 4752; x_wconf 84' lang='lat' dir='ltr'>proxime</span> <span class='ocrx_word' id='word_1_383' title='bbox 622 4683 756 4749; x_wconf 85' lang='lat' dir='ltr'>superiori</span> <span class='ocrx_word' id='word_1_384' title='bbox 775 4683 863 4748; x_wconf 84' lang='lat' dir='ltr'>epigr.</span> <span class='ocrx_word' id='word_1_385' title='bbox 882 4680 1021 4731; x_wconf 82' lang='lat' dir='ltr'>Hnttenus</span> <span class='ocrx_word' id='word_1_386' title='bbox 1045 4678 1145 4730; x_wconf 77' lang='lat' dir='ltr'>frivole</span> <span class='ocrx_word' id='word_1_387' title='bbox 1168 4679 1260 4727; x_wconf 84' lang='lat' dir='ltr'>iurare</span> <span class='ocrx_word' id='word_1_388' title='bbox 1283 4675 1393 4726; x_wconf 87' lang='lat' dir='ltr'>solitum</span> <span class='ocrx_word' id='word_1_389' title='bbox 1418 4690 1478 4724; x_wconf 86' lang='lat' dir='ltr'>csse</span> <span class='ocrx_word' id='word_1_390' title='bbox 1503 4673 1670 4721; x_wconf 87' lang='lat' dir='ltr'>Venetorum</span> 
     </span>
     <span class='ocr_line' id='line_1_40' title="bbox 382 4754 1670 4835; baseline -0.016 -11"><span class='ocrx_word' id='word_1_391' title='bbox 382 4773 479 4824; x_wconf 91' lang='lat' dir='ltr'>ducem</span> <span class='ocrx_word' id='word_1_392' title='bbox 497 4771 656 4835; x_wconf 82' lang='lat' dir='ltr'>scripserat.</span> <span class='ocrx_word' id='word_1_393' title='bbox 713 4767 735 4801; x_wconf 79' lang='lat'>¹⁸</span> <span class='ocrx_word' id='word_1_394' title='bbox 754 4764 911 4832; x_wconf 66' lang='lat' dir='ltr'>meritumc‘pg</span> <span class='ocrx_word' id='word_1_395' title='bbox 930 4769 952 4815; x_wconf 84' lang='grc'>1.</span> <span class='ocrx_word' id='word_1_396' title='bbox 1009 4763 1032 4796; x_wconf 79' lang='lat'>²²</span> <span class='ocrx_word' id='word_1_397' title='bbox 1050 4763 1184 4814; x_wconf 83' lang='lat' dir='ltr'>Alvienns</span> <span class='ocrx_word' id='word_1_398' title='bbox 1202 4756 1588 4821; x_wconf 82' lang='lat' dir='ltr'>d.14.ldni.c.150ll.prope</span> <span class='ocrx_word' id='word_1_399' title='bbox 1606 4754 1670 4804; x_wconf 84' lang='lat' dir='ltr'>Cre·</span> 
     </span>
     <span class='ocr_line' id='line_1_41' title="bbox 382 4841 1672 4920; baseline -0.016 -12"><span class='ocrx_word' id='word_1_400' title='bbox 382 4871 505 4908; x_wconf 76' lang='lat' dir='ltr'>mensem</span> <span class='ocrx_word' id='word_1_401' title='bbox 518 4856 610 4906; x_wconf 81' lang='lat' dir='ltr'>vicum</span> <span class='ocrx_word' id='word_1_402' title='bbox 623 4856 668 4906; x_wconf 89' lang='lat' dir='ltr'>cni</span> <span class='ocrx_word' id='word_1_403' title='bbox 681 4855 824 4920; x_wconf 77' lang='lat' dir='ltr'>Agandello</span> <span class='ocrx_word' id='word_1_404' title='bbox 843 4865 940 4901; x_wconf 89' lang='lat' dir='ltr'>nomen</span> <span class='ocrx_word' id='word_1_405' title='bbox 959 4854 1013 4910; x_wconf 89' lang='lat' dir='ltr'>cst,</span> <span class='ocrx_word' id='word_1_406' title='bbox 1034 4849 1111 4901; x_wconf 81' lang='lat' dir='ltr'>susus</span> <span class='ocrx_word' id='word_1_407' title='bbox 1125 4863 1158 4898; x_wconf 86' lang='lat' dir='ltr'>sc</span> <span class='ocrx_word' id='word_1_408' title='bbox 1170 4846 1330 4897; x_wconf 84' lang='lat' dir='ltr'>vulneratus</span> <span class='ocrx_word' id='word_1_409' title='bbox 1343 4852 1493 4910; x_wconf 82' lang='lat' dir='ltr'>captusque</span> <span class='ocrx_word' id='word_1_410' title='bbox 1513 4847 1554 4891; x_wconf 89' lang='lat' dir='ltr'>est</span> <span class='ocrx_word' id='word_1_411' title='bbox 1573 4841 1607 4889; x_wconf 84' lang='lat' dir='ltr'>ab</span> <span class='ocrx_word' id='word_1_412' title='bbox 1627 4855 1672 4889; x_wconf 81' lang='lat' dir='ltr'>ex-</span> 
     </span>
     <span class='ocr_line' id='line_1_42' title="bbox 383 4924 1765 5005; baseline -0.017 -11"><span class='ocrx_word' id='word_1_413' title='bbox 383 4943 473 4994; x_wconf 85' lang='lat' dir='ltr'>ercitu</span> <span class='ocrx_word' id='word_1_414' title='bbox 491 4939 615 5002; x_wconf 81' lang='lat' dir='ltr'>Gallico,</span> <span class='ocrx_word' id='word_1_415' title='bbox 636 4942 681 4991; x_wconf 90' lang='lat' dir='ltr'>cui</span> <span class='ocrx_word' id='word_1_416' title='bbox 699 4938 870 5005; x_wconf 82' lang='lat' dir='ltr'>praefuerunt</span> <span class='ocrx_word' id='word_1_417' title='bbox 880 4933 1051 4994; x_wconf 82' lang='lat' dir='ltr'>Trivuleins,</span> <span class='ocrx_word' id='word_1_418' title='bbox 1077 4948 1125 4983; x_wconf 80' lang='lat' dir='ltr'>rex</span> <span class='ocrx_word' id='word_1_419' title='bbox 1141 4931 1296 4982; x_wconf 86' lang='lat' dir='ltr'>Ludovicus</span> <span class='ocrx_word' id='word_1_420' title='bbox 1313 4930 1376 4978; x_wconf 86' lang='lat' dir='ltr'>xt1.</span> <span class='ocrx_word' id='word_1_421' title='bbox 1395 4933 1424 4978; x_wconf 90' lang='lat' dir='ltr'>et</span> <span class='ocrx_word' id='word_1_422' title='bbox 1441 4925 1555 4977; x_wconf 82' lang='lat' dir='ltr'>Carolus</span> <span class='ocrx_word' id='word_1_423' title='bbox 1573 4924 1671 4974; x_wconf 84' lang='lat' dir='ltr'>limbo·</span> <span class='ocrx_word' id='word_1_424' title='bbox 1761 4929 1765 4937; x_wconf 89' lang='lat'>&#39;</span> 
     </span>
     <span class='ocr_line' id='line_1_43' title="bbox 383 5008 1620 5092; baseline -0.016 -14"><span class='ocrx_word' id='word_1_425' title='bbox 383 5029 442 5078; x_wconf 84' lang='lat' dir='ltr'>sius</span> <span class='ocrx_word' id='word_1_426' title='bbox 460 5030 543 5092; x_wconf 82' lang='lat' dir='ltr'>etque</span> <span class='ocrx_word' id='word_1_427' title='bbox 561 5022 663 5075; x_wconf 90' lang='lat' dir='ltr'>nobilis</span> <span class='ocrx_word' id='word_1_428' title='bbox 681 5023 805 5074; x_wconf 88' lang='lat' dir='ltr'>dominus</span> <span class='ocrx_word' id='word_1_429' title='bbox 816 5019 984 5073; x_wconf 83' lang='lat' dir='ltr'>Palioseusis</span> <span class='ocrx_word' id='word_1_430' title='bbox 1003 5018 1045 5081; x_wconf 85' lang='lat' dir='ltr'>(dc</span> <span class='ocrx_word' id='word_1_431' title='bbox 1063 5021 1089 5067; x_wconf 88' lang='lat' dir='ltr'>lo</span> <span class='ocrx_word' id='word_1_432' title='bbox 1107 5016 1225 5078; x_wconf 80' lang='lat' dir='ltr'>Palisse).</span> <span class='ocrx_word' id='word_1_433' title='bbox 1278 5013 1299 5046; x_wconf 43' lang='grc' dir='ltr'>’ᾗ</span> <span class='ocrx_word' id='word_1_434' title='bbox 1318 5008 1422 5079; x_wconf 76' lang='lat' dir='ltr'>expet]</span> <span class='ocrx_word' id='word_1_435' title='bbox 1441 5009 1576 5077; x_wconf 89' lang='lat' dir='ltr'>petendus</span> <span class='ocrx_word' id='word_1_436' title='bbox 1596 5012 1620 5058; x_wconf 84' lang='lat'>2.</span> 
     </span>
     <span class='ocr_line' id='line_1_44' title="bbox 448 5096 1451 5163; baseline -0.017 0"><span class='ocrx_word' id='word_1_437' title='bbox 448 5113 580 5163; x_wconf 81' lang='lat' dir='ltr'>Hvrresr</span> <span class='ocrx_word' id='word_1_438' title='bbox 600 5108 669 5159; x_wconf 85' lang='lat' dir='ltr'>Orr.</span> <span class='ocrx_word' id='word_1_439' title='bbox 689 5123 751 5157; x_wconf 83' lang='lat' dir='ltr'>von.</span> <span class='ocrx_word' id='word_1_440' title='bbox 767 5108 797 5154; x_wconf 83' lang='lat' dir='ltr'>l&#39;.</span> <span class='ocrx_word' id='word_1_441' title='bbox 1432 5096 1451 5154; x_wconf 78' lang='lat'><strong>2</strong></span> 
     </span>
    </p>
   </div>
   <div class='ocr_carea' id='block_1_4' title="bbox 0 0 2176 6052">
    <p class='ocr_par' dir='ltr' id='par_1_4' title="bbox 0 0 2176 6052">
     <span class='ocr_line' id='line_1_45' title="bbox 0 0 2176 6052; baseline 0 0"><span class='ocrx_word' id='word_1_442' title='bbox 0 0 2176 6052; x_wconf 95' lang='lat' dir='ltr'> </span> 
     </span>
    </p>
   </div>
  </div>
 </body>
</html>
