4300 6059
419 734 524 772 mm
536 734 1000 779 x.cunctabundunmoutuomu.
1010 734 1162 773 cottuvnuu.
1175 735 1229 772 PRO
1242 690 1457 774 11;!D·00Ussl
1470 724 1611 773 ”BG-Olc-
1633 705 1704 779 147

417 894 447 952 Si
470 894 687 970 suscipiendum.
705 895 877 952 detonsirum
899 911 947 958 nc,
969 912 1004 951 arr
1027 893 1205 953 olleusivumt
1720 903 1742 949 tt

416 978 484 1051 Qum
506 979 571 1037 belli
592 980 800 1056 susceptionem
815 980 945 1055 impedire
967 997 1049 1056 posse
1069 981 1227 1050 videantur,
1250 989 1277 1037 et
1292 981 1430 1056 quomodo
1445 998 1476 1038 ea
1490 980 1665 1039 dimovenda?
1721 991 1752 1036 tn.

416 1066 460 1122 An
480 1064 582 1123 bellum
603 1074 761 1141 susceptum
783 1082 832 1139 per
854 1082 947 1122 ornnes
960 1062 1129 1123 Christianos
1150 1066 1287 1141 principes
1302 1067 1464 1140 gerendum,
1489 1083 1586 1141 anper
1601 1064 1707 1141 aliquos
1723 1078 1751 1121 rt.

481 1158 602 1214 uotum.
625 1160 654 1210 ct
674 1168 725 1225 per
746 1159 826 1227 quot.
850 1159 896 1207 aut
919 1151 1008 1226 quos?

396 1233 530 1304 tQuanto
552 1242 685 1312 apparatu
706 1234 808 1293 bellurn
830 1235 884 1292 boc
905 1235 1002 1293 instrui
1025 1235 1134 1309 otgeri
1162 1236 1321 1294 conveniat?
1350 1254 1381 1293 ac
1401 1237 1434 1294 dc
1457 1238 1538 1294 rebus
1561 1237 1593 1293 ad
1615 1237 1710 1294 buius·
1723 1243 1744 1286 l·

482 1320 556 1379 modi
577 1330 738 1397 apparatum
760 1321 930 1379 necessariis.

480 1406 572 1464 Primo
594 1407 627 1464 de
649 1405 850 1466 reconciliando
872 1406 933 1463 deo.

376 1520 393 1541 ι
482 1492 603 1549 secundo
624 1492 659 1563 dc
680 1493 812 1568 pecuniis.

484 1577 566 1635 tertio
588 1577 622 1634 dc
644 1578 732 1652 copiis
752 1576 925 1635 militaribus.

484 1658 577 1729 Quoad
599 1663 745 1737 pecunias,
775 1661 913 1735 quomodo
936 1661 1170 1737 cogendosque
1198 1663 1266 1719 satis
1288 1679 1348 1718 esse
1369 1663 1491 1738 possint.
1519 1672 1547 1720 ct
1569 1681 1619 1739 per
1641 1681 1711 1738 quos

546 1746 744 1811 custodienda.
767 1765 798 1804 ac
819 1747 1025 1823 dispensandoel

482 1829 576 1899 Quoad
598 1833 730 1890 militares
752 1833 860 1907 copias¹
883 1833 1037 1908 exquibus
1059 1833 1233 1908 potissimum
1254 1832 1425 1896 nationibus.
1455 1841 1483 1890 ct
1505 1850 1585 1908 quem
1608 1826 1640 1891 ad
1662 1851 1711 1892 nu·

547 1934 665 1981 merum,
690 1927 743 1974 tam
765 1926 919 1991 equestres.
943 1935 1022 1993 quarn
1044 1918 1183 1994 pedestres
1204 1919 1372 1976 assumendae
1395 1919 1468 1975 sinti

546 2002 580 2061 ta
600 2003 660 2060 baec
680 2003 713 2059 ad
735 2002 800 2060 bclli
822 2012 979 2078 apparatum
1002 2005 1149 2079 pertinent.

384 2087 459 2146 ¹³Ad
484 2087 713 2159 consultationem
735 2105 799 2145 vcro
822 2099 849 2146 ct
871 2089 1130 2147 administrationem
1153 2088 1218 2146 belli
1241 2090 1365 2163 gerendi:
1724 2093 1754 2137 lt·

483 2174 575 2230 Primo
598 2190 651 2248 qua
672 2174 714 2229 via
741 2172 860 2231 eundum
889 2175 926 2231 sit
954 2175 1082 2232 ailrcrsus
1111 2174 1218 2239 hostes,
1249 2184 1320 2232 terra
1348 2191 1381 2232 ue
1404 2191 1437 2231 an
1465 2175 1547 2237 mari,
1579 2191 1611 2231 au
1635 2183 1712 2231 utro·

548 2275 601 2333 quc
623 2259 724 2325 inodo?

483 2343 609 2400 Secundo
630 2360 663 2399 an
686 2343 772 2400 diviso
797 2344 823 2400 in
846 2353 938 2418 partes
960 2344 1080 2402 exercitu
1103 2353 1130 2401 ct
1153 2345 1277 2401 terrestri
1300 2353 1328 2400 et
1342 2345 1492 2408 maritimo.
1516 2362 1549 2400 an
1565 2344 1668 2400 viribus
1685 2345 1712 2401 in

462 2446 469 2459 ‘
533 2446 632 2486 ‘unum
654 2430 775 2486 coactis?

382 2523 410 2564 Ἃ
483 2515 576 2572 Tertio
599 2531 653 2588 quo
677 2513 773 2570 itincre
795 2523 822 2570 et
845 2523 915 2571 terra
938 2514 1039 2572 milites
1060 2515 1174 2572 ducendi
1197 2515 1315 2572 otmari
1340 2515 1510 2571 traiiciendi?

483 2598 585 2668 Quarto
608 2599 653 2656 ubi
676 2600 819 2656 convenire
842 2601 869 2655 in
891 2618 973 2657 unum
994 2601 1148 2663 exercitus,
1177 2608 1205 2656 et
1233 2619 1294 2675 quac
1324 2601 1442 2674 primurn
1471 2609 1517 2656 aut
1539 2601 1712 2674 potissimum

545 2683 606 2742 loca
626 2682 746 2741 bostium
768 2684 864 2742 debeat
886 2685 1028 2742 invadere?

425 2803 428 2810 ,
482 2766 585 2838 Quinto
608 2787 669 2844 qua·
691 2768 871 2845 providenda,
900 2779 931 2826 ut
958 2776 1098 2827 conrcatus
1126 2770 1272 2827 necessarii
1302 2771 1405 2826 nostris
1428 2770 1590 2827 exercitibus
1613 2787 1712 2847 suppe-

546 2854 686 2912 ditentur?
740 2854 744 2862 ’
804 2907 806 2910 a

385 2938 508 2998 aarum
529 2947 558 2996 et
580 2938 632 2996 alia
652 2940 707 2997 duo
730 2919 896 2999 extrinsecus
918 2941 949 2997 ad
972 2940 1053 2998 buius
1075 2939 1140 2997 belli
1162 2941 1295 3010 rationem
1317 2939 1359 2997 rol
1374 2941 1536 3004 necessaria,
1560 2939 1599 2997 vel
1616 2938 1709 2998 utilia:

481 3026 602 3100 Primum
618 3042 648 3082 ea
664 3043 725 3101 quae
740 3024 792 3083 boc
807 3025 879 3083 bello
895 3026 1070 3101 acquirentur
1092 3025 1126 3098 (si
1141 3026 1207 3083 deus
1223 3026 1341 3098 alluerit)
1364 3025 1500 3100 quomodo
1518 3019 1523 3103 Ι
1540 3027 1610 3082 inter
1632 3026 1779 3089 Chri-(rat

546 3110 650 3167 stianos
673 3109 825 3186 principes.
855 3119 883 3168 et
905 3129 1019 3187 quorum
1043 3110 1149 3168 iudicio·
1164 3110 1320 3175 dividenda,
1350 3119 1378 3167 ct
1400 3119 1461 3167 ante
1484 3109 1584 3168 bollum
1608 3129 1656 3176 nc,
1678 3129 1711 3168 an

547 3203 624 3271 post,
647 3204 678 3253 ut
700 3212 789 3253 causae
810 3194 899 3252 litium
915 3196 1105 3263 amoveantur?
1693 3265 1696 3270 ι

483 3281 622 3344 Alterum,
650 3297 683 3336 an
712 3280 810 3356 aliquis
839 3278 987 3338 infidelium
1009 3281 1163 3356 principum
1185 3280 1237 3337 sibi
1266 3289 1403 3345 metuens,
1431 3290 1585 3355 suspectam
1608 3281 1711 3338 babens

387 3379 412 3420 se
551 3366 663 3423 Thurcae
685 3367 848 3440 potentiam,
872 3367 908 3423 sit
930 3366 962 3423 ad
984 3367 1065 3424 buius
1089 3365 1152 3443 belli
1175 3374 1279 3440 partem
1302 3366 1491 3441 capessendam
1514 3384 1545 3422 cx
1561 3383 1612 3424 suo
1628 3367 1712 3424 latero

548 3469 597 3527 per
617 3468 668 3508 nos
684 3451 853 3509 incitandus?
1373 3508 1377 3516 ,

485 3535 670 3594 praemisimus
691 3536 778 3611 capita
802 3552 893 3594 rerum
917 3555 978 3612 quac
1001 3538 1029 3593 in
1044 3536 1272 3617 consultationem
1288 3538 1398 3594 veniunt
1412 3553 1462 3612 per
1478 3537 1618 3599 ordinem.
1641 3554 1712 3593 nunc

419 3621 536 3698 singulis
557 3621 652 3680 eodem
675 3622 770 3679 ordine
793 3621 958 3696 explicandis
980 3631 1102 3679 nostram
1125 3624 1284 3680 sententiam
1308 3619 1578 3680 accommodabimus.
1627 3634 1630 3645 '

732 3724 851 3783 Primum
874 3742 907 3782 an
929 3724 981 3780 boc
1004 3723 1103 3781 bellurn
1126 3727 1163 3782 sit
1185 3725 1394 3800 suscipiendum.

388 3841 412 3882 as
483 3826 543 3884 lloc
563 3844 619 3884 non
641 3826 748 3884 uidetur
768 3827 863 3884 cudere
886 3826 913 3882 in
936 3824 1178 3889 consultationem.
1208 3845 1263 3884 non
1292 3829 1362 3884 ruirn
1386 3830 1437 3885 iarn
1460 3837 1502 3884 ost
1526 3829 1552 3883 iu
1574 3834 1739 3901 potestaten

420 3921 531 3976 nostra.
560 3930 621 3969 cum
650 3921 744 3969 noster
771 3921 889 3970 aeternus
920 3920 948 3968 et
975 3911 1045 3968 idern
1071 3913 1278 3985 potentissimus
1302 3914 1390 3970 bostis
1413 3914 1543 3970 maximos
1567 3920 1711 3987 apparatus

420 3998 515 4055 lecerit
538 3997 673 4073 iaciatque
700 3999 732 4055 ad
760 4014 811 4053 nos
842 4005 869 4055 et
897 4004 970 4054 statu
993 4006 1021 4054 ct
1044 3998 1163 4053 lortnuis
1185 4006 1213 4054 et
1236 4000 1287 4054 vita
1311 3999 1368 4072 ipsa
1391 3998 1574 4054 exturbandos
1597 4016 1626 4054 ac
1649 4014 1712 4071 spo·

419 4080 539 4146 liandos,
563 4082 708 4158 palamque
730 4084 813 4140 iactet
835 4081 912 4138 valde
933 4083 1064 4139 ferociter
1087 4099 1117 4138 se
1139 4083 1272 4154 orientem
1295 4084 1376 4140 ruodo
1392 4083 1549 4157 subegisse,
1572 4100 1644 4139 nunc
1658 4090 1712 4137 sta·

421 4168 469 4226 tim
492 4168 526 4226 ad
549 4168 716 4226 occidentem
738 4185 813 4225 arma
834 4176 1005 4230 convertere,
1034 4184 1086 4224 uec
1115 4168 1152 4224 sit
1178 4169 1230 4225 nisi
1259 4169 1384 4225 universa
1406 4168 1608 4227 christianitate
1634 4174 1712 4241 capta

390 4251 478 4310 trullo
500 4253 583 4315 modo
605 4254 763 4328 quieturus.
786 4261 817 4309 ut
839 4270 889 4310 nos
912 4261 958 4309 aut
980 4252 1044 4309 dare
1067 4251 1106 4309 illi
1129 4254 1215 4327 gratis
1238 4261 1362 4310 nostrum
1384 4254 1552 4327 sanguinem,
1576 4260 1623 4309 aut
1638 4252 1712 4308 lerro

419 4357 480 4397 cum
502 4355 536 4396 co
563 4337 701 4411 decertare
724 4345 865 4414 oporteat:
889 4337 994 4395 nullum
1017 4338 1103 4413 igitur
1125 4338 1207 4395 babet
1229 4337 1317 4395 locum
1341 4338 1521 4400 consultatio,
1555 4337 1601 4396 ubi
1625 4338 1711 4394 inter·

419 4427 492 4483 verrit
513 4423 672 4483 necessitas.
1615 4441 1617 4444 ·

486 4573 553 4626 ¹1tt
569 4575 595 4625 si
608 4576 631 4624 1.
678 4568 814 4639 ’quoquo
826 4572 905 4624 modo
918 4575 943 4622 2.
952 4576 984 4630 3,,
1031 4564 1303 4625 ⁵huius'm.oru.2.3.
1330 4571 1521 4635 lPrimnmt.
1570 4568 1592 4603 ¹⁰
1610 4570 1711 4636 thno

420 4656 492 4713 adt.
530 4655 553 4692 ¹2
570 4658 607 4710 ed
625 4671 704 4727 quem
722 4673 749 4709 n.
762 4660 787 4708 2.
840 4654 1079 4709 ”debeantdl-
1124 4657 1147 4690 ¹³
1166 4659 1325 4709 comm.1.2.
1373 4656 1395 4689 ²⁸
1414 4655 1508 4707 adca.
1561 4653 1711 4722 ”lceusel

354 4759 362 4785 ¹
420 4749 590 4797 amoventur.
604 4746 629 4794 2.
661 4740 776 4795 consul.
789 4746 964 4794 removeatur
977 4745 1003 4792 3.
1055 4741 1078 4778 ¹⁰
1097 4728 1216 4808 ct‘susp.
1231 4744 1254 4792 1.
1311 4740 1333 4774 ⁸⁰
1350 4741 1448 4792 Turcae
1461 4744 1485 4790 1.
1505 4739 1594 4807 ubique
1609 4756 1660 4805 per
1678 4739 1712 4790 cla

419 4826 666 4882 ”consulatione
686 4831 712 4880 3.
764 4824 788 4860 ⁸⁴
804 4827 827 4878 1.
839 4827 882 4877 An
896 4830 920 4877 1.
937 4825 1005 4892 Cup.
1018 4826 1039 4877 1.
1052 4827 1096 4877 An
1108 4833 1156 4879 etc.
1170 4831 1195 4877 2.
1210 4824 1300 4894 Capit.
1313 4826 1335 4878 l.
1347 4825 1390 4875 Au
1403 4828 1429 4876 3.
1444 4831 1468 4875 et
1479 4828 1517 4875 eie
1529 4827 1554 4875 ia
1565 4841 1622 4893 sqq.
1636 4840 1711 4889 capp.
1787 4822 1792 4834 ’

419 4914 555 4966 liubriconr
565 4914 636 4966 onio.
650 4916 674 4964 4.
696 4914 745 4965 aed
753 4918 814 4979 port
825 4931 847 4964 o.
860 4911 1090 4964 consultationem
1107 4913 1200 4963 adiecit
1211 4912 1337 4962 nimirum
1354 4909 1503 4962 cabellum
1521 4910 1559 4960 uit
1571 4925 1642 4959 nunc
1655 4925 1719 4958 erin>

420 4999 587 5066 clpieudnm‚
639 4996 934 5051 ¹⁸coneoletionem'll.
985 4995 1184 5049 ”idemoaaz
1236 4994 1412 5060 'tractatque
1427 4997 1490 5046 Μ.
1541 4993 1564 5027 ⁸⁸
1581 4995 1712 5046 iactata,

420 5082 499 5137 ltoim
513 5087 537 5136 1.
575 5080 856 5151 ienlvelocitcrm.
891 5082 955 5135 ”sc
975 5098 1053 5136 conr.
1072 5080 1145 5134 uelle
1159 5085 1181 5132 1.
1218 5077 1406 5145 “decertarel
1425 5079 1575 5130 docerbere
1594 5081 1667 5130 Μ.

1421 5167 1486 5226 ill*
