4300 6059
446 658 521 731 280
550 690 587 724 ΙΧ
600 689 714 726 tonum
728 689 965 726 renuentum
979 691 1099 726 evaneat
1114 691 1142 724 ill
1157 691 1253 725 DBPOE.
1263 688 1636 724 ΙΔΧΙΙῙΗΛΜῚΙΜΙΔΙῙΤΔ.

446 857 611 906 conventum
633 846 800 905 celebrasset
821 848 1040 922 provincialium,
1069 849 1113 905 cui
1136 849 1163 903 in
1186 846 1286 922 oppido
1311 849 1387 922 regio
1410 846 1509 904 Tirolis
1532 847 1667 922 lnsprugli
1689 849 1736 904 ad·

446 941 540 990 essent
561 951 592 989 eu
615 932 793 990 haereditariis
823 931 938 1006 singulis
960 933 1078 991 lustriae
1107 933 1189 988 terris
1218 931 1323 988 nobiles
1352 951 1384 990 ac
1411 940 1566 995 servatores,
1594 932 1736 1006 multaque

447 1017 504 1074 illic
525 1017 633 1080 lutura,
656 1035 716 1090 quae
739 1035 768 1073 sc
791 1025 900 1075 mortuo
923 1034 974 1092 pro
997 1028 1062 1092 pace
1084 1035 1115 1074 ac
1136 1018 1342 1075 conservatione
1364 1018 1458 1091 patriae
1480 1025 1562 1091 atque
1584 1018 1736 1092 provincia·

446 1121 507 1159 rum
522 1103 639 1159 bustriae
660 1103 814 1158 necessaria
837 1103 935 1165 iurent,
958 1104 1010 1159 iam
1031 1102 1223 1180 disposuisset,
1246 1104 1397 1176 Arrgustam
1420 1101 1618 1159 Vindelicasruru
1641 1104 1735 1177 petiit:

446 1187 503 1243 illic
516 1187 655 1262 principes
669 1186 819 1249 electores,
842 1188 988 1262 caeterique
1003 1188 1153 1246 Germanias
1167 1187 1319 1261 principes,
1342 1187 1485 1261 primates,
1507 1185 1642 1262 Episcopi,
1664 1205 1755 1262 prae-a

446 1271 511 1339 lati,
534 1269 695 1346 respublicae
716 1290 748 1329 ac
770 1273 903 1329 innumeri
931 1272 1038 1330 nobiles
1065 1280 1255 1331 convenerant.
1299 1272 1417 1328 Aderant
1439 1291 1549 1346 quoque
1568 1273 1646 1330 Pont.
1668 1272 1736 1329 blaa

446 1357 546 1413 Leonis
562 1357 591 1412 X.
615 1356 722 1430 legatus
739 1357 901 1415 Cardinalis:
925 1358 1027 1432 Regum
1043 1358 1107 1413 item
1123 1357 1329 1431 llispauiarum,
1352 1356 1485 1419 l'ranciae,
1507 1356 1661 1431 ilungariae,
1685 1358 1736 1413 l‘o·

447 1440 543 1504 leniae,
566 1448 648 1515 atque
670 1441 803 1500 bohemiae
819 1443 956 1500 Oratores.
991 1441 1142 1499 Celebravit
1157 1442 1261 1498 dietam
1277 1441 1396 1498 omnium
1411 1441 1627 1505 celeberrimam,
1650 1443 1735 1498 multa

448 1526 532 1582 rebus
555 1526 660 1599 imperii
684 1527 848 1599 praevidens,
871 1545 902 1584 ac
922 1528 956 1584 de
979 1529 1072 1585 tuturo
1095 1524 1276 1583 Romanorum
1300 1542 1364 1599 rege
1385 1525 1528 1600 deligendo
1550 1543 1611 1583 cum
1634 1526 1736 1584 electo·

448 1610 525 1669 ribus
545 1611 714 1673 consultans.
753 1612 826 1668 Adeo
849 1612 940 1669 hercle
963 1621 994 1669 ut
1015 1631 1047 1669 es
1069 1612 1112 1668 luis
1133 1612 1239 1670 duabus
1260 1611 1342 1668 dietis
1364 1629 1434 1686 poue
1448 1613 1629 1669 coniecturam
1645 1612 1733 1675 liceat,
1747 1629 1771 1668 ιι

448 1696 578 1754 Ειιιιιιιιιι
602 1705 727 1752 nostrum
751 1705 865 1753 mortem
888 1716 963 1755 suam
986 1697 1140 1754 iamdiulunr
1162 1697 1347 1771 praescivisse,
1377 1705 1428 1752 ιιιιι
1451 1697 1528 1753 enixe
1549 1698 1619 1754 circa
1641 1716 1672 1754 ea
1695 1698 1736 1753 in-

450 1782 540 1842 stetit,
570 1799 630 1855 quas
660 1799 689 1837 se
717 1790 826 1837 mortuo
853 1783 969 1856 lmperio
997 1790 1080 1856 atque
1107 1782 1252 1856 provinciis
1280 1782 1433 1839 neccssaria
1460 1781 1560 1838 lorent.
1602 1781 1639 1837 llo
1662 1781 1735 1838 bello

450 1883 559 1940 quoquo
583 1866 610 1922 iu
629 1865 730 1923 Turcas
753 1868 929 1929 assumendo,
951 1867 1039 1941 ileque
1060 1865 1195 1923 bellorum
1218 1875 1363 1940 appmatu,
1386 1874 1467 1940 atque
1491 1863 1531 1937 [ut
1551 1865 1655 1934 dicunt)
1678 1866 1735 1922 bel·

449 1948 541 2006 lorunr
563 1967 646 2007 nervo
669 1951 752 2006 multa
774 1968 824 2025 per
847 1953 976 2010 Caesarem
999 1960 1027 2008 et
1050 1952 1199 2026 principes,
1229 1952 1255 2007 in
1285 1952 1433 2025 primisque
1462 1969 1511 2026 per
1533 1952 1650 2024 legatum
1674 1968 1736 2007 san·

450 2036 562 2092 ctissimi
578 2034 606 2090 o.
621 2034 651 2091 ll.
667 2035 834 2092 cardinalem
849 2036 876 2092 S.
893 2036 958 2093 suat
983 2045 1097 2094 tractata
1117 2036 1238 2099 luerunt.
1275 2038 1397 2110 Augusta
1418 2044 1604 2110 (posteaquam
1618 2054 1736 2093 eonven-
1748 2055 1772 2096 ra

450 2128 495 2177 tus
518 2119 564 2176 ille
586 2121 738 2195 principum
760 2130 834 2178 esset
855 2120 1017 2193 dissolutus)
1040 2122 1181 2179 discedens
1203 2120 1337 2195 lnspruglr
1360 2138 1499 2183 reversus,
1528 2122 1634 2178 alemuru
1658 2124 1737 2196 oppi-

449 2205 514 2261 dum
536 2204 687 2279 liopllstain
711 2201 876 2283 [Kusateiu]
901 2207 1070 2282 petilentia
1092 2223 1141 2280 per
1155 2205 1263 2280 aliquos
1278 2214 1400 2262 moratus
1414 2207 1472 2263 dies
1487 2225 1548 2263 curu
1563 2208 1736 2280 magistratu,
1808 2270 1814 2283 ⁸

383 2316 387 2323 ¹
449 2289 495 2364 qui
518 2290 663 2363 provinciae
685 2290 784 2347 l'ivolis
806 2299 920 2365 praest,
943 2289 1074 2348 normulla
1096 2299 1303 2348 corrvmeutatus.
1348 2291 1420 2348 Adiit
1447 2291 1519 2347 illico
1548 2308 1610 2348 eum
1632 2310 1737 2365 magnae

449 2373 519 2448 apud
543 2391 572 2430 se
594 2374 654 2431 fidei
676 2392 759 2432 cecus
782 2375 943 2450 peculiaris,
973 2379 1019 2451 qui
1041 2394 1056 2430 a
1078 2374 1147 2433 cibis
1168 2375 1350 2449 decoquendis
1379 2394 1429 2449 pro
1451 2376 1555 2435 Caesare
1584 2385 1658 2433 esset
1680 2379 1737 2450 pri·

449 2459 565 2522 marius,
588 2460 719 2535 cuiusque
741 2460 819 2517 fideus
841 2480 892 2536 per
912 2479 999 2518 annus
1021 2461 1136 2536 amplius
1164 2478 1243 2536 quarn
1266 2460 1395 2516 xxxvttt.
1418 2461 1605 2518 inconcussam
1627 2479 1773 2537 semperao

448 2543 548 2600 luisset
569 2553 713 2619 expertus:
737 2547 840 2603 veniam
862 2564 877 2603 a
900 2549 1003 2606 Caesare
1025 2548 1196 2621 petiit,·quo
1219 2546 1270 2603 sibi
1293 2563 1403 2602 uxorem
1419 2545 1566 2602 acliberos
1582 2547 1738 2620 quiessent

448 2628 476 2685 iu
498 2628 633 2704 lnsprugli
655 2632 771 2689 invisere
794 2633 887 2691 liceat:
918 2632 971 2689 lam
994 2633 1064 2708 enim
1088 2649 1118 2688 se
1140 2633 1181 2688 eis
1203 2630 1323 2688 abluisse
1344 2630 1439 2689 debus
1468 2631 1689 2706 quamplurimis:
1714 2634 1737 2689 si

449 2730 513 2771 vero
535 2714 667 2772 llaiestati
689 2733 745 2789 suae
767 2718 804 2775 ita
825 2718 911 2774 visum
934 2725 1020 2779 esset,
1050 2734 1079 2774 se
1101 2716 1134 2775 ad
1155 2716 1258 2774 curiam
1281 2716 1440 2789 quantotius
1463 2733 1644 2774 reversurum.
1689 2718 1737 2774 (lui

450 2804 506 2855 ῑιιιιι
528 2799 617 2858 Caesar
639 2801 781 2876 respondit
810 2802 870 2859 ‘Nee
894 2812 922 2859 tu
944 2820 1008 2859 sane
1030 2801 1140 2859 aloinum
1162 2802 1215 2858 boc
1238 2810 1360 2876 tempore
1382 2801 1526 2864 ascendes,
1554 2801 1602 2859 sed
1629 2820 1737 2860 ιιιιιιιιιι
1785 2809 1790 2819 ’

448 2884 541 2958 potius
563 2902 676 2960 perges,
706 2887 855 2961 sepulturae
884 2905 925 2944 rue
958 2887 1123 2943 trarliturus'.
1167 2885 1338 2943 Abhorrcnte
1367 2887 1423 2942 viro
1451 2886 1569 2948 dietum,
1588 2887 1771 2962 'longequeaa

448 2969 529 3025 aliter
552 2971 716 3045 imprecante
739 2971 816 3040 ‘Quin
840 2980 885 3035 tu,
915 2973 1016 3047 optime
1038 2971 1149 3035 Caesar,’
1177 2971 1301 3044 inquiens
1324 2979 1382 3045 ‘per
1408 2969 1508 3044 longos
1529 2979 1610 3045 atque
1633 2972 1738 3029 multos

448 3052 529 3111 nobis
551 3055 622 3111 vivas
644 3056 746 3113 annos'.
792 3057 838 3114 ‘lta
867 3058 934 3121 erit,
959 3066 989 3115 ut
1011 3056 1074 3114 disi’
1097 3057 1238 3131 respondit
1259 3055 1360 3118 Cesar,
1391 3063 1429 3112 ‘tu
1452 3074 1556 3113 rrvecum
1578 3057 1738 3120 descendes,

448 3155 545 3216 meque
567 3142 716 3216 sepulture
739 3143 843 3205 trades,
865 3159 927 3200 uam
951 3142 1024 3199 brevi
1045 3141 1197 3199 moriturus
1218 3139 1294 3198 suur'.
1332 3140 1474 3198 Aducruut
1488 3141 1579 3204 multi,
1601 3158 1664 3199 curn
1678 3141 1740 3200 haec

449 3223 552 3280 diceret
574 3225 685 3305 Ceasar,
702 3228 748 3300 qui
772 3228 831 3284 baec
853 3245 885 3284 es
908 3245 956 3284 ore
979 3228 1092 3285 Caesaris
1114 3227 1265 3283 audieruut.
1309 3225 1333 3281 ls
1356 3243 1466 3299 quoque
1496 3226 1580 3288 idem,
1609 3227 1652 3283 cui
1680 3244 1737 3284 ma·

447 3309 535 3383 gister
556 3310 670 3367 loannes
692 3328 790 3368 nonrcn
812 3322 868 3375 est,
893 3312 1000 3387 publice
1021 3329 1052 3369 ac
1073 3329 1165 3368 coraru
1186 3303 1358 3384 magnatibus
1372 3311 1481 3373 multis,
1505 3310 1611 3370 etmilri
1627 3311 1773 3386 quidornae

448 3393 587 3452 lachrimis
609 3395 717 3458 multis,
742 3387 819 3472 'saepe
842 3397 941 3472 sapius
966 3404 1083 3453 testatus
1105 3403 1156 3451 cst.
1200 3395 1252 3452 Per
1274 3395 1340 3475 neni
1369 3397 1459 3469 itaque
1489 3395 1598 3452 llurium
1626 3397 1737 3471 navigio

447 3479 537 3537 Caesar
558 3480 738 3544 descendens,
762 3482 792 3538 ad
817 3482 892 3538 Wels
915 3481 1042 3557 oppidum
1059 3482 1175 3539 niustria
1194 3481 1329 3555 pervenit:
1353 3478 1409 3537 illic
1423 3489 1470 3537 aut
1485 3487 1576 3542 avecta,
1598 3488 1647 3537 aut
1661 3490 1738 3539 certe

449 3572 539 3640 ecepta
560 3563 711 3622 inllrrnitas.
754 3567 806 3624 Per
827 3567 885 3624 dies
907 3568 1013 3641 aliquot
1034 3567 1097 3622 dum
1119 3565 1208 3623 adhuc
1229 3567 1255 3621 in
1278 3567 1401 3638 Augusta
1424 3573 1497 3621 esset
1517 3566 1622 3628 Caesar,
1646 3567 1737 3642 prins·

448 3666 527 3725 φιιιιιι
550 3650 660 3708 adversa
683 3650 834 3708 valetudiue
855 3651 1007 3714 laboraret,
1031 3660 1171 3709 vocaverat
1192 3650 1224 3706 ad
1248 3667 1278 3707 se
1299 3650 1531 3713 Carthasiensem,
1553 3666 1584 3705 cu
1599 3648 1738 3726 Friburgo

447 3735 626 3808 llrisgaudiae,
649 3735 787 3794 dominum
810 3737 970 3812 Gregorium
993 3736 1105 3798 lleisclr,
1134 3753 1237 3810 nmgnae
1266 3734 1343 3793 lamas
1371 3752 1402 3792 ac
1429 3735 1560 3793 doctrinae
1588 3734 1796 3799 imminemus·

447 3837 502 3896 quo
526 3837 555 3876 sc
578 3821 604 3877 in
627 3821 728 3896 oppido
750 3821 827 3878 Wels
848 3823 1019 3879 conveniret:
1043 3820 1100 3878 illic
1121 3839 1181 3878 curn
1204 3822 1333 3882 servisset,
1356 3827 1608 3894 staretquecoraut
1630 3819 1737 3880 Caesare

448 3905 617 3981 perlaurnane
639 3905 673 3962 ab
695 3923 727 3963 eo
750 3915 911 3982 susceptus,
941 3906 1040 3974 ¹Bono’,
1066 3907 1154 3980 iuquit
1176 3913 1276 3980 pater,
1300 3905 1409 3967 venisti,
1438 3903 1527 3961 omine
1549 3924 1580 3962 ac
1603 3912 1737 3980 tempore,

447 3991 492 4064 qui
516 3989 580 4046 milri
603 3991 703 4049 ausilio
726 3992 813 4048 aderis
836 4009 891 4066 quo
913 3991 998 4049 coelos
1020 3990 1125 4067 petam'.
1163 3989 1257 4062 lieguli
1280 4005 1344 4045 vero
1366 3987 1503 4052 nounulli,
1527 3989 1574 4064 qui
1591 3997 1647 4047 tum
1663 3990 1737 4048 lorte

447 4076 547 4132 Cesari
569 4084 705 4139 astarent,
733 4076 921 4143 subriserunt,
952 4076 1016 4132 nihil
1046 4076 1136 4131 miuus
1164 4092 1242 4148 quam
1266 4075 1377 4132 Caesaris
1399 4084 1514 4131 mortem
1536 4075 1597 4131 lore
1624 4077 1737 4151 propin·

446 4178 527 4235 quam
543 4161 693 4218 credentes.
730 4163 864 4220 eleasar
879 4162 1098 4219 constantissime
1112 4159 1268 4221 allirinavit,
1285 4158 1359 4215 brevi
1374 4177 1404 4216 sc
1418 4157 1591 4217 moriturum.
1616 4160 1737 4218 Somnus
1748 4177 1773 4217 to

449 4246 511 4303 inde
533 4243 586 4301 sibi
607 4263 658 4321 per
679 4246 737 4304 dies
759 4265 790 4304 ac
813 4258 907 4304 noctes
929 4247 1086 4321 ademptus,
1111 4243 1292 4319 valetudoque
1313 4244 1423 4302 adversa
1445 4246 1530 4302 indies
1552 4252 1640 4303 aucta.
1684 4247 1739 4302 Ad·

446 4330 524 4386 bibiti
548 4330 645 4388 medici
668 4332 832 4394 doctissimi,
859 4331 1002 4389 domestici
1024 4331 1129 4405 primo,
1157 4329 1255 4386 deinde
1282 4330 1362 4387 otiam
1384 4330 1469 4386 exteri
1492 4348 1524 4386 en
1547 4330 1648 4386 Vienna
1669 4330 1739 4386 Pan·

447 4416 535 4474 neniae
551 4456 653 4472 .....
669 4416 723 4475 Νιι
745 4425 834 4474 tamen
858 4419 939 4475 etiarn
960 4417 1032 4474 lecto
1054 4413 1220 4473 decumbens
1243 4433 1257 4470 a
1280 4413 1395 4489 publicis
1418 4416 1491 4472 curis
1513 4415 1659 4477 abstinuit,
1682 4433 1739 4473 ma·

447 4501 517 4557 rime
537 4507 628 4558 autem
651 4520 711 4576 qnae
733 4511 929 4561 concernerent
951 4501 1052 4558 bellurn
1074 4501 1203 4556 adversus
1226 4501 1327 4557 Turcas
1348 4499 1539 4557 assumendum
1632 4542 1738 4556 .....

447 4629 454 4641 .
472 4628 478 4640 .
496 4628 502 4641 .
518 4628 525 4642 .
541 4584 665 4644 llortuus
687 4597 730 4644 est
751 4589 821 4644 inira
844 4588 951 4644 tertiam
974 4595 1003 4643 et
1024 4593 1147 4660 quartarn
1169 4585 1264 4643 boram
1285 4585 1328 4640 die
1344 4583 1396 4641 Xll.
1411 4585 1512 4642 mensis
1526 4585 1643 4642 ianuarii
1658 4585 1738 4654 Anno
1749 4603 1774 4643 u

447 4669 542 4728 salutis
557 4672 696 4728 ll.ll.lllll.
713 4681 856 4748 postquem
880 4673 989 4729 vixisset
1010 4687 1097 4728 annos
1111 4670 1173 4726 blll.
1196 4687 1304 4727 menses
1318 4669 1359 4726 tx.
1379 4670 1439 4727 dies
1461 4688 1524 4726 vero
1546 4669 1610 4726 xlx,
1625 4686 1739 4745 regnas·

446 4765 544 4833 setque
566 4759 644 4816 annis
665 4757 766 4815 lllllllll
768 4799 964 4814 .........

904 4935 1273 4954 ——-—-——
