4300 6059
372 713 509 752 ΙΙΒΙΔΙΒΙ
521 713 696 749 adornentur
711 713 813 748 ousnto
826 714 862 749 DE
876 714 1064 751 uxuuutntortu
1078 713 1187 750 CONTRA
1201 714 1306 769 TVBOAO
1320 714 1514 751 evacuantem.
1551 685 1625 758 259

335 888 497 946 queremur,
520 888 580 946 quae
602 880 691 946 possit
715 873 816 934 oratio.
840 881 871 928 ut
894 871 1047 929 Tullianum
1071 871 1137 930 illud
1161 875 1290 935 referam,
1319 891 1368 947 par
1390 873 1504 930 inveniri
1529 874 1627 932 tuoiu
1688 899 1690 903 ¹

334 957 458 1030 negociis
478 955 580 1018 labori.
605 956 758 1013 fortitudini
780 959 808 1013 in
833 957 972 1031 periculis,
997 957 1138 1018 industriae
1161 959 1188 1014 in
1210 959 1330 1032 agendo,
1358 958 1489 1015 celeritati
1512 959 1539 1014 in
1561 976 1627 1015 con·

334 1039 465 1103 lleieudo,
488 1040 605 1098 consilio
629 1042 655 1097 iu
678 1042 862 1115 providendo?
892 1061 952 1116 quae
975 1043 1063 1100 omnia
1094 1061 1148 1099 uno
1177 1044 1203 1099 in
1233 1052 1259 1100 te
1287 1042 1347 1099 solo
1376 1052 1476 1117 quanta
1505 1045 1531 1099 in
1562 1044 1626 1101 reli·

334 1126 399 1200 quis
413 1125 633 1200 imperatoribus,
656 1144 726 1199 quos
748 1127 861 1184 vidimus
883 1137 930 1184 aut
951 1128 1114 1191 audivimus,
1137 1144 1192 1185 non
1215 1130 1334 1185 luerunt.
1364 1127 1477 1195 Quantae
1491 1133 1693 1202 pretereunte

299 1224 314 1262 s
334 1211 512 1269 authoritatis
534 1211 605 1285 apud
629 1220 736 1268 exteras
758 1212 881 1270 nationes
903 1213 956 1275 sis,
979 1211 1046 1269 illud
1068 1230 1120 1286 pro
1141 1222 1283 1288 comperto
1298 1213 1428 1276 habetur,
1451 1221 1482 1268 ut
1496 1215 1555 1270 sine
1572 1214 1627 1271 tuis

334 1296 466 1371 auspiciis
487 1294 645 1370 reipublice
667 1295 825 1353 Christianae
846 1296 999 1355 libertatem
1022 1316 1052 1353 ac
1074 1297 1190 1371 gloriam
1213 1299 1284 1355 tueri
1307 1315 1389 1372 posse
1404 1297 1475 1355 baud
1490 1316 1627 1374 quaquam

334 1379 506 1439 arbitreutur
528 1389 659 1455 tantaque
682 1383 799 1438 nominis
820 1382 1006 1456 magnitudine
1028 1384 1100 1457 apud
1122 1382 1264 1458 Scythicos
1285 1382 1404 1457 populos
1432 1392 1460 1439 et
1481 1373 1561 1439 Periti
1583 1401 1627 1441 ac·

333 1463 409 1522 celas
431 1464 547 1528 coleris,
571 1475 601 1522 ut
625 1474 672 1521 tuo
696 1475 764 1522 nutu
786 1466 827 1523 vel
849 1484 942 1542 pacem
964 1467 1097 1541 accipiant
1117 1467 1158 1523 vel
1181 1467 1281 1524 bellum
1310 1467 1510 1542 aggrediantur.
1553 1468 1626 1524 Rasi-

334 1549 414 1607 leum
441 1549 517 1606 illum
545 1550 735 1607 Rhosanorum
766 1553 916 1626 principem
946 1570 977 1608 ac
1004 1552 1205 1625 sigismundum
1235 1553 1413 1614 fortissimum
1442 1548 1626 1610 Sarmatarum

301 1646 432 1709 taregem
453 1634 595 1709 intelligo;
617 1653 672 1692 non
696 1648 824 1694 recenseo
847 1637 1012 1694 Pannoniam
1034 1654 1064 1693 ac
1086 1638 1235 1700 boemiam,
1259 1655 1313 1694 nou
1335 1638 1501 1695 Lusitaniam
1523 1656 1555 1695 ac
1576 1639 1626 1694 lla·

333 1720 418 1782 eiam
447 1738 516 1793 quas
544 1720 594 1776 tibi
622 1738 652 1777 ae
675 1722 793 1795 posteris
816 1721 999 1778 indissolubili
1022 1723 1236 1796 propinquitatis
1264 1740 1334 1779 nexu
1356 1723 1535 1788 coniunxisti;
1569 1740 1625 1781 nou

335 1805 517 1868 (lemanum.
541 1813 614 1861 tuam
637 1807 758 1862 omnium
778 1807 979 1880 provinciarum
1002 1807 1089 1862 tetius
1112 1807 1187 1863 orbis
1210 1805 1301 1881 (modo
1324 1826 1388 1864 suas
1409 1817 1572 1882 agnosceret
1587 1808 1624 1864 vi·

334 1907 381 1947 res
402 1899 431 1946 et
452 1889 625 1947 concordiam
655 1889 767 1965 coleret)
796 1892 1028 1965 potentissimam
1056 1909 1111 1948 nou
1141 1891 1378 1966 opulentissimum
1409 1911 1439 1949 ac
1460 1893 1623 1949 ditissimum
1634 1897 1693 1947 tol.

333 1974 481 2031 Britanniae
497 1992 603 2048 regem.
628 1975 673 2050 qui
697 1984 779 2033 tautae
800 1976 982 2051 expeditionis
1004 1977 1075 2032 lasce
1098 1994 1129 2032 ac
1148 1994 1230 2033 onere
1245 1974 1441 2050 gloriabundus
1457 1986 1483 2033 te
1499 1987 1626 2051 tanquam

300 2072 430 2116 asuerum
453 2058 528 2115 orbis
550 2069 686 2117 terrarum
707 2060 858 2135 principem
881 2061 948 2118 colit
969 2079 999 2118 ac
1022 2071 1179 2123 reiteratur:
1207 2079 1276 2123 nain.
1307 2062 1626 2135 inquam.¹Christiauis·

334 2143 397 2200 simi
419 2161 451 2200 ac
473 2144 599 2201 catholici
628 2162 723 2219 regum
751 2148 929 2203 maximorum
957 2164 987 2202 ac
1014 2146 1266 2220 potentissimorum
1295 2145 1480 2203 incredibilem
1506 2165 1571 2221 erga
1600 2157 1626 2204 te

334 2245 457 2286 amorem
478 2238 506 2286 et
529 2229 726 2287 observantiam
748 2232 931 2288 recitaverim:
955 2231 1024 2287 alter
1046 2233 1117 2287 enim
1140 2231 1313 2288 loelicissimae
1336 2232 1489 2289 concordiae
1511 2251 1543 2289 ac
1562 2251 1627 2307 pro·

333 2312 525 2388 pinquissimae
547 2314 688 2372 affinitatis
710 2315 980 2390 viuculoalligatus,
1011 2315 1082 2372 alter
1110 2317 1242 2390 sauguine
1270 2317 1433 2374 coniunctus
1461 2317 1490 2380 in
1518 2326 1544 2373 te
1569 2326 1626 2373 tan·

334 2416 418 2473 quam
440 2399 467 2455 iu
489 2398 575 2456 solem
606 2401 716 2457 unicum
743 2401 827 2457 aciem
854 2409 1030 2463 convertunt,
1061 2410 1087 2456 te
1116 2401 1276 2464 observant.
1308 2401 1355 2457 tibi
1385 2400 1567 2465 obsecuntur,
1596 2419 1627 2459 ac

300 2484 420 2540 aolidem
442 2484 632 2541 sacratissimae
655 2485 803 2541 maiestatis
832 2494 885 2542 tuae
914 2485 960 2542 filii
989 2493 1017 2541 et
1044 2487 1194 2559 nuncupari
1223 2493 1251 2541 et
1273 2485 1365 2541 baberi
1394 2485 1496 2543 volunt.
1540 2486 1627 2560 lgitur

334 2577 465 2642 quantam
487 2569 527 2625 rei
548 2568 674 2626 militaris
696 2571 880 2644 coguitionem
903 2570 1015 2633 babeas,
1045 2587 1125 2643 quarn
1152 2569 1222 2626 clara
1251 2570 1277 2625 in
1301 2580 1327 2625 te
1350 2572 1549 2645 exercitamque
1572 2572 1625 2626 vir·

336 2660 381 2710 lus
404 2661 433 2711 et
455 2670 536 2726 quam
558 2655 677 2713 maximae
699 2656 769 2729 apud
798 2672 892 2712 omnes
919 2654 1095 2711 authoritatis
1117 2663 1144 2711 ct
1172 2655 1289 2710 nominis
1311 2656 1363 2717 sis.
1385 2655 1509 2712 diximus.
1552 2656 1623 2713 Nihil
1634 2664 1696 2715 §.aa

334 2739 390 2795 erit
412 2755 481 2813 ergo
504 2739 578 2813 quod
599 2749 647 2795 aut
669 2740 868 2814 sapientissima
890 2749 970 2798 aetate
993 2749 1039 2796 tua
1061 2748 1109 2796 aut
1129 2739 1245 2796 consilio
1274 2747 1321 2794 aut
1350 2741 1449 2796 virtute
1471 2749 1518 2798 aut
1541 2742 1627 2798 nomi·

336 2823 378 2881 nis
400 2823 587 2897 magnitudine
610 2825 722 2899 aggredi
745 2834 773 2882 et
794 2826 926 2882 coulicere
948 2843 1010 2882 cum
1031 2824 1110 2881 laude
1133 2842 1187 2881 uon
1209 2826 1309 2898 possis.
1356 2833 1457 2899 quanto
1485 2827 1571 2900 magis
1593 2827 1627 2884 iis

300 2907 536 2982 aspotentissimis
558 2910 670 2982 regibus
692 2910 840 2972 adiunctis.
864 2911 911 2985 qui
933 2910 964 2966 ad
988 2908 1192 2983 amplitudinem
1214 2908 1393 2967 Christianam
1420 2927 1558 2984 nunquam
1581 2911 1627 2968 de·

336 2992 423 3049 lutari
447 3000 525 3056 suut.
548 3002 576 3050 et
600 3002 625 3051 te
648 3002 676 3052 et
698 2995 773 3069 ipsos
795 3012 886 3051 rerum
909 3003 1047 3068 gestarum
1069 2994 1157 3068 gloria
1180 2988 1206 3049 in
1229 2994 1342 3050 deorum
1365 3011 1506 3051 numerum
1523 2995 1627 3052 referre

335 3077 462 3154 poteris?
484 3076 551 3141 Vos,
575 3087 678 3141 autem,
702 3097 718 3135 o
742 3079 884 3138 tortissimi
907 3079 1051 3136 Christiani
1075 3079 1192 3136 nominis
1215 3095 1308 3152 reges.
1338 3077 1414 3136 lube't
1436 3078 1574 3156 paulisper
1595 3088 1695 3137 aclea.

335 3163 360 3220 si
383 3161 533 3225 edessena.
556 3163 695 3221 vobiscum
718 3163 811 3239 loqui,
835 3173 910 3222 tanto
934 3164 1074 3220 ardentius
1097 3164 1159 3220 buic
1181 3164 1290 3238 incepto
1307 3182 1354 3219 vos
1369 3164 1446 3221 decet
1462 3164 1626 3228 incumbere,

336 3255 442 3321 quanto
463 3245 660 3305 illustrioribus
683 3249 816 3307 institutis
839 3259 867 3307 et
888 3266 1035 3323 regnorum
1057 3249 1180 3322 potentia
1202 3256 1230 3304 et
1253 3248 1353 3304 virtute
1380 3248 1489 3305 caeteris
1517 3248 1628 3323 regibus

303 3331 418 3390 wlaeile
440 3331 617 3391 antecellitis:
640 3334 772 3408 siquidem
795 3336 911 3392 maiores
934 3335 1030 3396 vestri,
1053 3342 1198 3408 postquam
1221 3333 1247 3388 iu
1269 3331 1377 3391 excelso
1399 3333 1570 3392 fortunarum
1585 3351 1629 3391 ve·

336 3426 457 3475 stratum
478 3415 540 3475 loco
562 3417 712 3475 collocatos
735 3437 764 3475 sc
786 3419 921 3482 viderant,
945 3418 1073 3493 quicquid
1096 3417 1170 3491 opis,
1195 3416 1322 3492 quicquid
1345 3418 1441 3474 virium
1463 3418 1496 3474 ab
1519 3417 1629 3493 amplis·

337 3501 414 3558 simis
436 3502 530 3575 regnis
552 3502 727 3577 suppetebat,
751 3514 798 3560 aut
819 3513 915 3560 centra
937 3503 1064 3560 barbaras
1087 3503 1211 3558 nationes
1232 3511 1280 3558 aut
1298 3513 1352 3576 'pro
1374 3503 1559 3576 recuperando
1580 3504 1628 3560 do·

338 3586 429 3644 miuici
451 3587 577 3661 corporis
599 3587 745 3662 sepulchro
767 3587 980 3645 transtulerunt:
1004 3594 1141 3662 pretereo
1164 3585 1284 3661 exempla
1306 3587 1405 3661 quibus
1420 3587 1531 3645 annales
1546 3588 1628 3644 vestri

338 3671 433 3728 relerti
457 3679 535 3733 sunt.
563 3689 625 3730 cum
654 3671 696 3728 illi
724 3682 851 3749 tanquam
873 3673 944 3730 Decii
973 3671 1051 3728 bellis
1072 3670 1221 3728 barbaricis
1243 3671 1438 3730 confodiendos
1466 3689 1528 3730 sese
1549 3673 1629 3729 deuo·

309 3765 451 3818 uiuent,
473 3773 571 3831 nempe
593 3757 639 3832 qui
662 3757 729 3814 nibil
751 3757 901 3833 gloriosius
923 3757 1055 3832 putabant
1078 3757 1137 3813 lore
1160 3773 1239 3830 quam
1262 3757 1335 3812 siin
1358 3755 1501 3821 ebbella,
1525 3757 1628 3832 inquo

339 3841 422 3897 etde
444 3839 512 3903 lide.
534 3841 568 3898 de
590 3843 726 3899 communi
749 3843 890 3904 libertate.
913 3842 995 3898 etde
1019 3840 1165 3899 immortali
1188 3842 1294 3898 demum
1317 3840 1406 3914 gloria
1433 3842 1628 3905 decertaretur,

339 3925 509 3984 cecidissent.
546 3943 634 4002 neque
656 3927 743 3984 adhuc
764 3927 957 3986 florentissima
978 3924 1033 3982 illis
1056 3942 1154 4000 regua,
1185 3935 1216 3983 ut
1237 3927 1357 4000 posteris
1385 3926 1535 4001 reliquere.
1563 3939 1687 3990 con-§.sa

340 4011 474 4085 ligarunt:
497 4027 559 4067 uum
581 4013 604 4067 si
627 4010 862 4070 bellicosissimam
884 4030 915 4069 ac
937 4010 1176 4086 populosissimam
1199 4010 1325 4072 Galliam,
1355 4011 1378 4066 si
1406 4010 1502 4085 Belgas
1530 4029 1561 4069 ac
1587 4019 1630 4068 tot

340 4094 471 4152 latissima
486 4095 621 4170 prauiae
644 4115 741 4171 regna,
764 4098 786 4153 si
802 4116 862 4173 qun
878 4099 905 4155 iu
920 4097 1052 4173 Aphrica‚
1076 4096 1099 4151 si
1115 4113 1175 4170 quae
1191 4096 1261 4170 apud
1276 4095 1356 4152 ludos
1378 4103 1533 4169 comparata
1556 4104 1628 4158 suut.

309 4180 364 4237 tesi
386 4179 552 4237 indomabile
572 4181 763 4238 Britannorum
785 4200 884 4256 genus.
908 4180 932 4238 si
953 4182 1084 4238 Dacorum
1098 4181 1310 4254 Pannouumque
1332 4198 1362 4236 ac
1377 4180 1558 4242 Sumatarum
1573 4181 1630 4236 aui·

341 4282 448 4323 morum
470 4265 619 4329 leuitatem.
643 4267 665 4323 si
688 4267 844 4324 immensam
866 4268 982 4341 denique
1005 4265 1199 4323 Germanorum
1222 4265 1371 4338 potentiam
1394 4264 1574 4340 virtutemque
1590 4265 1630 4320 in·

341 4350 439 4408 victam
465 4358 548 4425 atque
575 4350 785 4425 insuperabilem
814 4352 902 4409 auimo
924 4342 1068 4426 complecti
1097 4349 1235 4412 volumus,
1260 4350 1403 4406 verendum
1428 4367 1462 4406 ne
1489 4358 1531 4407 est
1553 4348 1629 4406 orbis

342 4435 428 4493 totius
451 4434 609 4509 imperium,
633 4435 845 4493 immortalitatis
866 4437 948 4494 modo
971 4434 1060 4510 gloria
1082 4432 1272 4510 impelltmini.
1301 4451 1349 4490 vos
1377 4434 1485 4490 minime
1506 4433 1629 4493 vendica·

411 4616 534 4683 ¹posset
546 4621 570 4668 2.
591 4618 650 4668 Cic.
665 4616 682 4668 l.
698 4634 721 4670 c.
738 4618 814 4682 llas.
851 4614 951 4685 ⁵net.]
972 4621 1108 4685 gonterii.
1143 4613 1275 4683 ⁸quantia
1288 4619 1311 4667 1.
1353 4615 1384 4649 Μ
1402 4616 1535 4667 Basiliam
1546 4619 1572 4666 2.
1592 4615 1630 4668 ci.

342 4701 416 4763 hil.
450 4700 763 4754 'temhoxorsnomn
806 4701 824 4734 ¹¹
838 4704 914 4753 Felix
926 4702 1131 4761 declamando.
1145 4700 1273 4762 Of.§.ll.
1288 4699 1484 4752 etBartboliui
1500 4699 1629 4765 descript.

342 4786 411 4849 §.lh
448 4783 621 4838 ¹⁸·1‘ostlioe
638 4787 837 4854 Hispaniaque
855 4801 959 4851 regum.
996 4784 1016 4819 ¹⁸
1032 4786 1224 4838 incrediborn.
1238 4789 1271 4849 2.,
1312 4783 1333 4860 ’ἶ
1351 4783 1426 4835 lelio.
1439 4787 1465 4833 2.
1512 4781 1533 4817 ¹⁸
1550 4782 1629 4835 obse·

342 4874 501 4938 quuntur2.
540 4870 561 4904 ²¹
581 4875 723 4937 quantist.
769 4870 791 4904 ¹⁴
809 4870 1026 4922 cumhconht.
1066 4869 1089 4904 ¹⁸
1105 4872 1263 4936 incoeptat.
1311 4883 1360 4920 vos
1377 4872 1463 4920 orn-2.
1509 4865 1532 4900 ¹⁸
1550 4872 1579 4919 et
1595 4865 1629 4934 ιη]

344 4973 377 5008 sc
394 4974 418 5009 r.
431 4959 459 5007 2.
516 4953 537 4988 ¹¹
556 4955 619 5007 loco
636 4973 683 5007 om.
698 4961 721 5006 2.
779 4955 802 4987 ⁸⁴
820 4962 851 5006 nt
868 4956 973 5006 Decius
989 4955 1059 5006 Mus.
1078 4954 1115 5004 cl.
1131 4953 1294 5007 le.X.28.
1352 4951 1406 5020 “3⁸⁵
1423 4953 1630 5005 demanarunt&

343 5041 442 5093 ²⁸st
463 5039 534 5091 Μ.
569 5038 590 5072 ⁴¹
609 5040 700 5105 deniq.
713 5041 785 5090 imm.
800 5042 825 5090 2.

1349 5123 1411 5186 17·
