4300 6059
523 686 544 722 ῐ.
557 685 729 728 t'ttanqvlm
743 685 896 721 retransitu
908 685 1061 723 annnorum
1074 687 1212 723 nanum
1225 687 1333 723 coum
1346 688 1471 725 TEVBCAE
1485 689 1596 726 ΟΙΔΤῙΟ.
1627 658 1701 731 2⁰9

611 842 673 899 Cui
698 845 827 916 quaesisse
849 844 915 901 satis
937 861 991 901 non
1014 852 1056 901 est
1078 853 1121 901 tot
1143 863 1238 921 regna.
1264 854 1305 902 tot
1326 844 1417 908 nrbes,

578 944 590 984 t
697 927 820 984 lmminet
840 928 974 985 horrenda
997 929 1095 1004 (tygris
1117 940 1149 987 ut
1171 930 1239 1000 atra)
1262 932 1334 996 lace;

626 1011 737 1086 Colligit
759 1014 884 1086 ingentes
906 1015 1100 1090 spaciosa-per
1121 1016 1220 1090 oppida
1242 1017 1320 1079 vires.

693 1097 808 1171 lmperio
830 1098 934 1171 subigit
957 1100 1085 1174 quicquid
1107 1100 1135 1155 in
1158 1100 1225 1157 orbe
1246 1109 1330 1176 patet.

398 1198 411 1236 s
627 1181 654 1238 ld
676 1181 745 1238 licus
767 1192 884 1246 avorut.
907 1182 1027 1240 eoelestia
1050 1186 1158 1241 numina
1179 1187 1269 1271 poscit

577 1283 590 1323 a
694 1265 868 1345 Parthenius.
892 1267 952 1326 ritas
974 1276 1068 1325 nostra
1090 1268 1190 1343 pericla
1212 1270 1326 1334 docens;

626 1351 682 1408 lloc
703 1359 732 1407 et
752 1351 833 1408 Pierii
856 1350 949 1409 latices
972 1353 999 1408 in
1021 1354 1139 1410 carmine
1162 1354 1248 1428 sparsi

693 1434 725 1491 Et
746 1443 872 1493 contorta
894 1454 974 1494 mann
997 1437 1050 1494 tela
1072 1438 1183 1495 trisulca
1204 1428 1305 1513 rigent]

625 1521 685 1577 Non
706 1520 821 1578 bumana
843 1531 923 1596 putes
944 1530 1083 1579 moturum
1103 1531 1215 1596 pectora
1238 1531 1349 1587 tantum,
1413 1536 1421 1560 ’

383 1617 411 1657 tt
564 1620 588 1662 12
692 1604 796 1679 Cogere
817 1606 865 1662 sed
886 1624 1019 1664 summum
1041 1607 1092 1665 sub
1114 1625 1162 1664 sua
1184 1617 1245 1665 rota
1267 1608 1363 1664 lovem.
1457 1648 1462 1657 ·

626 1790 849 1848 Ttteonbmcvs
871 1791 975 1848 sebur
997 1792 1198 1850 PREPOSlTVS
1220 1793 1504 1852 stvcttnubtttttsts.

628 1927 741 1984 Horrida
764 1927 928 1984 Tbnrcarum
951 1927 1157 2002 minitantiaque
1178 1929 1283 2003 agmina
1305 1931 1405 1987 sanctis

695 2009 879 2075 Christicolis.
902 2029 1004 2086 magno·
1023 2014 1065 2069 vix
1088 2014 1258 2070 memoranda
1281 2022 1362 2078 metu,

632 2095 806 2170 Tranquillus
828 2097 959 2167 breviter,
983 2098 1051 2154 mira
1071 2097 1266 2172 descripsit'ct
1289 2109 1355 2161 arte,

695 2181 728 2238 Ut
749 2199 817 2239 nova
838 2181 944 2238 Maeonii
967 2199 1080 2256 surgere
1101 2182 1203 2257 plectra
1225 2192 1314 2257 putes.

604 2266 668 2351 ‘Ab
690 2265 784 2339 quales
806 2265 955 2340 lachrymas
977 2267 1079 2330 tundit.
1103 2285 1163 2341 qum
1185 2275 1246 2323 vota
1269 2269 1399 2325 Tonanti!

557 2412 571 2440 ·
694 2350 828 2407 Flecteret
849 2351 892 2407 bis
913 2351 1040 2426 precibus
1060 2351 1187 2415 flumina,
1210 2369 1287 2415 sara,
1310 2353 1390 2410 feras.

914 2552 1217 2562 ...ι-*-

640 2721 865 2790 nulnuvtbnvs
886 2722 1093 2780 Pnnrdttttvs
1114 2723 1317 2781 dllllltONlCllS
1338 2724 1494 2782 bubata

786 2839 978 2884 cnntttsutnto
994 2841 1035 2882 ΔΟ
1049 2841 1260 2885 momumento
1276 2841 1352 2885 VIRO

719 2930 935 2982 HIERONYMO
953 2932 1003 2982 DE
1022 2931 1181 2982 catonum
1197 2933 1235 2982 tn
1252 2931 1414 2983 TAPFAIM

870 3030 1122 3073 rrarvaovsrrnre
1140 3031 1261 3066 nocronr

1032 3120 1058 3162 Β.
1075 3122 1108 3162 1).

514 3220 580 3283 Etsi,
602 3220 643 3277 vir
663 3220 867 3285 humanissime.
890 3239 944 3279 non
967 3224 1033 3279 satis
1055 3223 1173 3299 propria
1193 3221 1359 3281 calamitates
1381 3223 1446 3281 mibi
1467 3222 1614 3298 deploratae
1636 3232 1709 3285 sunt.

425 3317 518 3363 umen
546 3322 629 3380 quum
658 3306 758 3364 videam
786 3305 977 3381 rempublicam
998 3307 1176 3364 Christianam
1205 3307 1458 3365 immanissimorum
1480 3308 1646 3365 'lburcarum
1667 3326 1709 3364 ra·

394 3393 472 3452 ubic
495 3391 670 3447 vehementer
691 3390 889 3455 labefactatam,
913 3392 1096 3466 maioremque
1119 3391 1204 3449 indies
1226 3391 1374 3448 subituram
1398 3410 1457 3449 esse
1480 3393 1617 3454 iacturam.
1641 3392 1710 3448 ala·

426 3475 549 3550 cbrymis
571 3483 721 3549 temperare
743 3492 798 3532 non
816 3476 902 3550 potui.
946 3476 1140 3534 Ferocissimus
1162 3475 1270 3550 quidem
1292 3494 1323 3532 ac
1345 3477 1543 3534 infensissimus
1566 3477 1653 3533 bostis
1669 3478 1709 3533 io·

428 3571 483 3616 stat
505 3561 611 3616 nostris
633 3560 794 3622 cervicibus,
817 3571 899 3634 atque
922 3569 952 3616 ut
974 3562 1068 3618 eodem
1091 3569 1214 3635 tempore
1236 3560 1317 3619 litora
1340 3579 1488 3637 omnesque
1511 3580 1573 3619 oras
1590 3562 1708 3624 infestet.

427 3648 557 3720 ingentes
580 3653 607 3701 ct
631 3652 774 3702 terrestres
796 3655 824 3701 et
845 3644 953 3702 navales
975 3646 1110 3703 exercitus
1131 3646 1252 3719 undiquc
1280 3647 1363 3720 cogit.
1408 3646 1600 3722 Superioribus
1622 3647 1708 3708 anuis,

428 3749 513 3805 quum
535 3730 622 3786 adhuc
644 3739 716 3787 esset
738 3729 884 3800 infirmior.
907 3729 1029 3796 Venetis,
1044 3730 1124 3787 -olim
1146 3729 1337 3805 potentissimo
1361 3740 1433 3788 terra
1455 3733 1575 3805 marique
1598 3731 1709 3806 populo.

399 3824 496 3874 sotunc
518 3815 601 3871 ctiam
624 3813 760 3870 Gallorum
782 3813 1014 3889 Hispanorumque
1037 3832 1067 3872 ac
1089 3813 1149 3870 aliis
1171 3815 1344 3872 auxiliaribus
1365 3817 1451 3891 copiis
1473 3816 1631 3892 potentiori,
1653 3833 1710 3871 mn·

429 3900 579 3955 nitissimas
601 3899 628 3954 in
651 3898 763 3962 Euboea.
786 3897 898 3962 Gracia,
926 3899 1038 3962 Achaia,
1066 3899 1183 3960 lstbmo.
1206 3898 1409 3976 Peloponneso.
1437 3899 1520 3975 Epiro
1543 3901 1663 3956 civitates
1685 3900 1710 3958 vi

429 3984 544 4048 adomim
566 3983 722 4040 Dalmatiam
744 3990 790 4041 aut
811 3983 971 4046 devastarit,
994 3992 1041 4040 aut
1063 3984 1215 4058 occuparit,
1238 3993 1285 4040 aut
1301 3985 1470 4043 tributariam
1485 3985 1617 4041 reddidit:
1641 4001 1710 4040 nunc
1779 4034 1781 4036 .
1838 4049 1843 4061 Ι

429 4068 573 4125 debellatis
595 4067 808 4125 bellicosissimis
834 4068 1005 4131 nationibus,
1033 4068 1147 4125 subacta.
1165 4067 1269 4132 Cilicia,
1298 4070 1454 4132 Antiochia.
1484 4068 1576 4143 Syria.
1604 4068 1710 4124 Pboeni·

431 4157 484 4214 cia.
509 4153 719 4227 Mesopotamia,
742 4153 842 4214 lndaea.
864 4152 1021 4215 Palaestina,
1044 4153 1220 4227 immissoque
1242 4154 1269 4209 in
1284 4153 1394 4227 libyam
1417 4170 1466 4229 per
1480 4152 1642 4227 Canopicum
1658 4152 1709 4207 Nili

402 4242 532 4296 uestium
556 4238 685 4312 imperio,
712 4237 809 4311 quibus
831 4235 1044 4294 Christianorum
1072 4237 1174 4300 viribus
1201 4237 1403 4313 prohibebitur,
1431 4238 1574 4311 quominus
1597 4235 1710 4311 popula·

431 4323 551 4379 tionibus
574 4331 603 4379 et
624 4321 754 4378 incendiis
777 4329 861 4378 totam
883 4320 1017 4395 Europam
1038 4321 1189 4378 deformem
1211 4323 1263 4377 nisi
1286 4321 1357 4377 forte
1371 4321 1525 4395 Principum
1549 4320 1709 4376 discordiam

431 4425 462 4463 ae
482 4415 580 4463 nostra
599 4404 704 4464 scelera
725 4405 804 4462 nobis
826 4405 969 4480 profutura
992 4423 1141 4480 speramus.
1184 4406 1284 4463 ldcirco
1299 4405 1381 4463 neum
1404 4405 1535 4480 optimum
1558 4405 1708 4467 marimum,

431 4500 462 4548 nt
482 4493 555 4549 vires
576 4498 659 4566 atque
681 4490 785 4547 animos
800 4489 974 4548 atrocissima
989 4491 1079 4564 gentis
1094 4490 1237 4571 inlriqgat.
1259 4489 1313 4563 boc
1333 4490 1451 4546 carmine
1465 4490 1625 4564 deprecatus
1640 4505 1709 4544 snm.

431 4575 508 4644 ouon
530 4577 580 4633 tibi
602 4575 809 4649 religiosissimo
830 4583 858 4632 ct
880 4577 1031 4632 communia
1052 4592 1160 4650 semper
1180 4573 1249 4631 mala
1271 4575 1426 4638 miseranti.
1449 4575 1556 4649 meique
1576 4573 1709 4648 imprimis

403 4662 616 4719 amantissimo
636 4660 766 4725 dedicari,
788 4669 819 4717 ut
840 4659 891 4716 sub
913 4667 960 4717 tuo
982 4661 1090 4717 nomine
1112 4658 1213 4717 nullam
1234 4660 1385 4743 graviorem
1406 4676 1548 4718 censuram
1571 4665 1707 4732 expaveat.

431 4745 513 4809 Vale..
525 4746 565 4804 Ex
584 4743 753 4820 ingolstadio
774 4743 857 4802 lionis
878 4743 985 4802 llarciis
999 4786 1006 4801 .
1021 4744 1182 4801 ll.ll.xriii.

495 4911 641 4978 ‘subiget
659 4913 681 4960 l.
716 4907 738 4941 ¹⁸
754 4909 857 4960 Meonii
875 4913 898 4960 1.
933 4908 956 4941 ²⁰
973 4898 1220 4974 PhssippiComitis
1231 4908 1353 4959 Palatini
1364 4906 1644 4960 Rheni'ecBarariae
1660 4904 1708 4955 dn·
1759 4910 1766 4924 ¹

431 4998 470 5047 eis
486 4994 658 5048 consiliario.
689 4991 724 5070 ⁴⁸¹
744 4993 846 5046 Grecis
864 4997 888 5042 1.
933 4994 1018 5043 latmo
1036 4996 1060 5042 1.
1111 4989 1134 5024 ⁸⁴
1151 4992 1236 5043 lndea
1254 4993 1378 5044 Palestia
1396 4998 1419 5045 t.
1465 4982 1583 5057 Libiam
1600 4993 1623 5040 t.

487 5083 623 5134 Herma
642 5076 710 5128 Ore.
729 5091 793 5128 vor..
806 5076 838 5127 V.
1021 5142 1025 5149 Ι
1455 5078 1492 5157 14
