4300 6059
568 713 691 747 ararent
712 715 739 747 rrt
761 715 851 748 nruuu
873 709 1149 749 wrrrrsxrunanusuxt
1169 716 1270 750 enarro
1290 717 1347 750 tttt.
1372 711 1590 753 11.Δεῠ.1.1517.
1674 689 1717 760 81

430 864 549 946 perdas.
595 886 650 928 neo
672 868 743 929 illud
766 885 945 952 magnopere
967 869 1018 930 tibi
1047 869 1199 937 obiciam,
1230 871 1477 947 quemadmodum
1505 871 1587 933 illum
1615 890 1794 945 scnemata,

431 969 570 1030 abbatem
593 971 750 1040 invaseris,
780 973 830 1050 qui
859 989 925 1030 cum
949 973 1079 1031 omnium
1109 974 1273 1032 testimonio
1295 972 1385 1054 rebqs
1408 973 1539 1034 ecclesie
1567 993 1627 1036 suae
1654 993 1724 1054 pro·

431 1072 536 1133 luisset
557 1071 649 1141 bene,
673 1071 726 1132 abs
747 1078 776 1132 tc
799 1074 949 1133 coniectus
977 1079 1021 1133 est
1048 1075 1078 1132 in
1106 1091 1256 1135 carcerem
1284 1082 1313 1134 et
1337 1075 1462 1153 pecunia
1488 1075 1641 1146 multatus;
1675 1077 1725 1137 de·

431 1174 499 1234 inde
533 1192 583 1234 res
617 1172 743 1234 coenobii
780 1172 915 1253 direptae,
955 1192 1043 1235 senex
1081 1177 1143 1254 ipse
1177 1177 1290 1236 honore
1323 1178 1462 1255 privatus.
1507 1178 1585 1254 quod
1617 1186 1723 1239 utcun-

412 1291 492 1354 aque
521 1276 630 1336 lactum
660 1274 713 1336 abs
740 1283 769 1337 te
798 1284 856 1347 est,
885 1294 944 1361 non
974 1275 1098 1337 multum
1128 1296 1244 1356 quaero,
1276 1295 1372 1355 neque
1400 1281 1462 1356 ipse
1491 1296 1580 1356 super
1607 1280 1723 1340 bisiu-

431 1377 507 1437 dico.
554 1385 583 1438 et
604 1379 633 1438 in
656 1395 787 1456 praesens
810 1377 880 1439 nihil
903 1396 986 1456 agam
1009 1380 1088 1457 quod
1119 1379 1155 1439 ad
1184 1397 1239 1439 uos
1266 1380 1343 1439 haud
1371 1381 1529 1458 pertineat,
1558 1399 1612 1441 nce
1636 1380 1792 1444 extracto.
1859 1374 1863 1380 ’

432 1496 529 1539 meam
552 1473 682 1539 causam¹
693 1479 919 1558 peregrinabor:
934 1499 1034 1558 ,quare
1056 1483 1142 1541 etiam
1166 1501 1225 1541 non
1241 1481 1375 1541 obiiciam
1391 1481 1443 1542 tibi
1459 1501 1493 1542 ex
1511 1482 1625 1543 lortuna
1642 1491 1724 1544 tuum

432 1579 514 1640 illum
536 1587 690 1657 patruum,
720 1583 803 1641 cuius
825 1589 884 1643 tam
906 1582 1019 1660 perdita
1042 1584 1096 1645 luit
1118 1582 1221 1653 libido,
1245 1590 1277 1642 ut
1299 1602 1336 1643 ne
1358 1602 1374 1643 a
1397 1583 1496 1644 bestiis
1518 1585 1636 1663 quidem
1658 1584 1724 1645 abs·

433 1684 567 1751 tinuerit;
599 1691 628 1743 et
656 1682 693 1743 de
715 1690 766 1742 tuo
788 1687 872 1762 patre
894 1683 964 1744 nibil
988 1693 1138 1763 repetam,
1162 1686 1211 1763 qui
1235 1685 1313 1763 quod
1335 1683 1483 1763 plebeium
1506 1686 1655 1747 bominem
1671 1705 1725 1765 per

401 1784 542 1844 saliarium
564 1786 723 1863 suspendio
745 1787 866 1854 necarit,
891 1787 947 1846 iain
971 1805 1049 1847 nuttc
1072 1804 1191 1846 caruere
1214 1784 1344 1846 inclusus
1367 1795 1498 1857 tenetur;
1522 1806 1556 1848 ao
1578 1790 1660 1848 mitto
1677 1788 1790 1854 ‹tt-§.ua

434 1904 501 1946 cere
524 1887 672 1964 quomodo
700 1887 839 1949 habueris
868 1894 947 1948 tuarn
976 1907 1113 1956 rixarum,
1144 1889 1376 1949 honestissimam
1406 1889 1554 1949 faeminam
1581 1889 1724 1950 nobilissi-

433 2005 585 2066 mamque,
610 2007 674 2067 quae
697 1998 764 2050 cum
786 1997 865 2050 tuam
889 1988 1088 2050 incredibilem
1112 1989 1265 2058 malitiam,
1291 1999 1369 2051 tuam
1390 2010 1558 2070 perversam
1574 1977 1724 2052 libidinem

434 2109 468 2150 ac
491 2091 702 2168 turpitudinem
725 2092 803 2152 lerre
826 2110 885 2150 non
907 2077 1022 2169 posset,
1046 2099 1202 2168 postquam
1225 2094 1254 2151 in
1277 2111 1341 2153 earn
1362 2100 1430 2158 taos
1453 2111 1541 2153 canes
1556 2095 1724 2154 immisisses

434 2193 512 2252 etei
535 2193 612 2270 apud
637 2192 819 2269 coniugalem
841 2192 949 2255 lectum
973 2210 1030 2252 non
1054 2192 1145 2253 semel
1169 2201 1218 2254 aut
1240 2196 1346 2254 iterum
1369 2194 1420 2255 sed
1451 2212 1528 2272 saepe
1557 2214 1591 2254 ac
1618 2195 1724 2255 multo·

403 2307 425 2347 ιε
435 2295 490 2354 ties
512 2292 693 2355 borrendum
717 2293 796 2355 illum
819 2303 901 2355 tuum
924 2313 1023 2356 ensem
1039 2296 1167 2355 iamdum
1183 2303 1284 2356 nostro
1299 2295 1455 2356 rubentem
1471 2287 1613 2374 sanguine
1628 2303 1724 2357 osten·

434 2395 542 2463 disses,
577 2395 806 2457 clarissimorum
835 2397 959 2458 fratrum
987 2399 1013 2457 ri
1042 2416 1076 2458 ac
1104 2399 1193 2457 armis
1221 2398 1355 2474 adempta
1378 2398 1430 2457 tibi
1464 2407 1517 2458 est.
1572 2398 1717 2459 Praeterea
1726 2407 1793 2457 §.tto

435 2497 550 2576 negligo
570 2497 624 2558 alia
648 2497 752 2566 multa,
777 2517 835 2558 non
859 2501 926 2577 quia
949 2518 1007 2558 non
1030 2500 1089 2558 sint
1111 2499 1257 2577 profligati
1279 2502 1367 2559 animi
1390 2502 1509 2577 pessimi
1532 2519 1644 2569 mores,
1671 2501 1723 2561 sed

435 2602 503 2678 quia
526 2602 596 2660 satis
617 2608 777 2678 occupatus
799 2620 864 2662 sum
886 2599 916 2661 in
939 2619 997 2660 uno
1019 2599 1131 2662 scelere
1154 2581 1238 2680 quud*
1255 2609 1356 2660 nostro
1379 2604 1506 2661 maximo
1535 2602 1612 2662 malo
1634 2603 1725 2662 admi·
1747 2613 1750 2620 '

433 2702 505 2761 sisti.
551 2701 588 2762 ad
610 2703 687 2780 quod
710 2703 951 2780 pertractandum
974 2720 1039 2763 uum
1063 2705 1109 2762 vix
1137 2703 1194 2763 boc
1222 2703 1301 2780 quod
1330 2701 1416 2762 datur
1444 2710 1562 2781 tempus
1590 2705 1724 2772 sufficiat,

401 2818 426 2859 aa
435 2802 571 2882 relinquo
593 2805 648 2865 ista
669 2811 701 2865 ut
722 2804 759 2866 ab
782 2805 845 2865 aliis
868 2807 1017 2874 dicantur,
1049 2815 1076 2865 et.
1099 2807 1128 2864 in
1150 2823 1279 2883 presens
1301 2803 1354 2864 abs
1376 2812 1405 2864 te
1427 2821 1542 2880 quaero,
1574 2824 1640 2865 cum
1663 2805 1726 2866 haec

434 2905 534 2966 lacere
553 2897 744 2976 instituisses,
767 2925 916 2986 uunquam
939 2925 976 2967 ne
998 2906 1052 2966 tibi
1067 2907 1165 2968 iudicii
1180 2908 1280 2977 buius,
1304 2884 1454 2984 nunquam
1480 2905 1623 2967 liberrimi
1639 2907 1725 2967 huius

435 3014 612 3078 conventus,
647 3009 875 3070 clarissimorum
908 3028 1083 3087 procerum,
1114 3029 1196 3069 suam
1231 3010 1474 3069 existimationem
1502 3015 1553 3068 tuo
1581 3007 1724 3086 supplicio

434 3111 510 3171 tueri
532 3109 700 3186 volentium,
723 3098 857 3195 ueniebat
878 3113 907 3171 in
930 3114 1078 3172 mentem?
1101 3111 1206 3172 tleiude
1229 3111 1301 3170 nihil
1325 3119 1352 3171 te
1375 3108 1552 3170 admonebat
1566 3109 1643 3170 illius
1659 3118 1794 3170 tamtan.

435 3218 591 3291 perspecta
613 3213 699 3281 fides,
728 3212 814 3274 huius
842 3215 933 3291 patris
960 3213 1102 3292 praeclara
1131 3215 1159 3273 in
1186 3221 1215 3272 te
1244 3215 1362 3281 merita,
1391 3211 1463 3271 nibil
1490 3213 1543 3271 istc
1572 3210 1727 3271 diuturnus
1830 3278 1833 3283 ⁸

401 3314 510 3375 asadeo
532 3316 696 3384 convietus,
720 3317 773 3374 ista
795 3322 839 3374 tot
860 3332 1003 3375 annorum
1026 3314 1222 3383 cousuetudo,
1245 3316 1299 3374 ista
1321 3317 1363 3374 sie
1384 3316 1529 3380 instituta,
1553 3315 1596 3373 sic
1618 3314 1726 3372 conflr—
1818 3391 1821 3397 Ι

434 3424 512 3477 mata
534 3418 675 3486 amicitia,
698 3415 770 3477 nibil
793 3416 979 3477 humanitatis
1002 3417 1095 3476 ratio?
1117 3416 1243 3493 denique
1266 3416 1332 3483 hoc,
1357 3415 1436 3492 quod
1459 3417 1488 3474 in
1510 3421 1561 3473 tuo
1583 3414 1726 3493 obsequio

436 3519 594 3587 eduxeras,
619 3520 697 3595 quod
720 3520 870 3579 amineae
892 3518 997 3578 blande
1020 3517 1237 3598 appellaveras‘?
1268 3525 1318 3577 aut
1339 3517 1413 3577 adeo
1436 3535 1501 3576 cras
1524 3516 1659 3575 omnibus
1681 3519 1726 3575 iu·

435 3638 535 3682 sessus
558 3620 653 3691 iuriis,
682 3629 715 3681 ut
744 3638 781 3680 ne
803 3620 860 3680 boc
882 3621 997 3698 quidem
1022 3620 1249 3700 cotrsyderares,
1278 3620 1356 3698 quod
1384 3619 1430 3679 vel
1452 3620 1475 3678 si
1498 3617 1545 3678 ille
1567 3619 1609 3677 sic
1631 3617 1724 3677 occidi

435 3723 559 3784 meritus
581 3730 667 3791 esset,
691 3740 779 3801 quam
802 3728 830 3782 te
852 3739 911 3782 nou
934 3723 1053 3782 deceret
1074 3723 1132 3781 tuis
1154 3721 1211 3780 boc
1233 3720 1369 3782 manibus
1384 3723 1506 3799 exequi?
1528 3721 1651 3781 Possum
1667 3719 1794 3795 igi-§.¹⁷2

373 3867 377 3875 .
403 3833 488 3885 atur
511 3823 620 3902 aliquid
643 3825 701 3885 tuis
723 3825 844 3903 dignum
866 3823 1000 3887 moribus
1021 3822 1118 3902 loqui?
1141 3831 1191 3883 aut
1213 3830 1243 3883 tu
1260 3841 1326 3883 cum
1342 3823 1394 3882 ista
1411 3823 1525 3890 leceris,
1549 3819 1656 3898 aliquid
1672 3821 1726 3879 mi·

382 3972 387 3980 .
435 3929 494 3988 tius
516 3945 618 4005 speras
639 3944 728 4006 quam
749 3944 804 3986 nos
827 3924 1062 4003 expostulamus?
1085 3926 1165 3985 l‘one
1180 3925 1298 3984 tandem
1313 3927 1399 3985 istam
1415 3923 1621 3987 confidentiam
1637 3929 1726 3989 tuam,

435 4046 516 4109 ponc
536 4028 616 4090 illam
639 4047 704 4108 quae
726 4034 754 4089 te
777 4028 863 4106 erigit
884 4045 981 4105 spem,
1006 4033 1035 4087 et
1057 4027 1163 4087 iudicio
1186 4046 1220 4086 ac
1242 4026 1356 4104 legibus
1372 4026 1444 4087 cede
1458 4024 1602 4102 nobisque
1617 4025 1658 4084 sic
1673 4040 1728 4101 per

434 4139 465 4192 te
488 4132 667 4191 contristatis
689 4148 805 4210 poenam
828 4130 873 4190 da.
920 4148 1073 4208 quousque
1096 4130 1174 4191 enim
1196 4129 1314 4197 llemus,
1344 4130 1369 4189 si
1391 4128 1448 4188 boc
1471 4127 1522 4187 tibi
1545 4125 1647 4185 solatio
1670 4131 1724 4194 est,

436 4235 487 4313 qui
509 4234 566 4294 uisi
586 4233 628 4294 sic
649 4232 783 4310 lugentes
805 4250 859 4292 uos
880 4233 1004 4300 rideres,
1026 4232 1188 4311 perdidisse
1210 4238 1238 4291 te
1261 4229 1356 4290 soclus
1378 4230 1514 4307 putares?
1537 4228 1658 4305 Magnus
1672 4227 1795 4286 hictdtt·

403 4343 483 4397 ssest
505 4337 603 4416 operis
625 4337 667 4397 tui
688 4336 816 4396 tructus:
846 4352 915 4412 quo
927 4334 951 4393 si
973 4332 1099 4394 libenter
1120 4334 1244 4400 frueris,
1269 4349 1328 4390 non
1350 4333 1457 4391 invitus
1479 4348 1534 4408 ego
1555 4346 1673 4408 quoque
1695 4335 1724 4387 te

435 4439 521 4500 rideo
543 4447 602 4499 tam
625 4439 749 4499 invisum
772 4436 908 4497 omuibus
930 4453 1018 4516 quam
1039 4436 1096 4514 ipsi
1117 4434 1185 4502 tibi,
1209 4451 1305 4511 neqqe
1326 4451 1396 4501 nos,
1420 4431 1508 4491 modo
1531 4431 1601 4501 dum
1618 4427 1727 4509 quein

503 4694 516 4729 ²
534 4691 675 4761 abbatem]
689 4691 956 4744 blaulbronueusem.
970 4692 1025 4742 Res
1039 4707 1065 4741 a.
1081 4688 1153 4740 tsoa.
1167 4693 1247 4756 gesta
1260 4691 1310 4737 est.
1329 4685 1373 4736 Cf.
1387 4686 1486 4736 Sattter
1499 4685 1586 4736 Gesclr.
1601 4683 1728 4748 deptlt.

440 4781 577 4834 Warteab.
590 4782 613 4831 Ι.
631 4780 670 4841 ἕξ.
686 4777 726 4828 19.
741 4793 799 4843 sqq.
817 4779 897 4842 Ilepd
914 4778 936 4827 1.
949 4793 975 4842 p.
991 4774 1046 4826 103.
1060 4790 1119 4838 sqq.
1184 4774 1194 4806 ⁸
1212 4766 1348 4839 patruum]
1372 4769 1560 4819 Eberhardum
1583 4769 1727 4818 iuniorem.

436 4868 480 4919 Cf.
493 4865 656 4918 Phalarism.
669 4865 693 4925 5.
707 4863 749 4914 32.
806 4862 817 4894 ⁹
836 4863 878 4913 cf.
892 4859 1131 4926 Hepd1.8ll.sqq.
1189 4858 1210 4890 ¹⁰
1227 4858 1366 4907 Henrieus
1385 4871 1475 4905 comes
1493 4855 1511 4916 †
1530 4854 1555 4903 d.
1571 4853 1611 4902 15.
1623 4853 1687 4939 bpr.
1702 4868 1729 4901 a.

438 4950 513 5002 1519.
532 4954 562 5000 iu
580 4965 693 5000 carcere
706 4948 868 4998 Auracensi.
922 4945 943 4978 ¹⁷
961 4945 1036 5011 proli.
1103 4959 1191 4992 moros
1209 4951 1317 4993 mutasse
1329 4947 1359 4990 11.
1379 4942 1426 4990 sed
1436 4956 1464 4990 re
1482 4943 1566 5003 tepere
1584 4953 1634 4988 aaa
1651 4952 1727 5001 parre

436 5039 525 5087 adnot.
538 5039 564 5086 2.
617 5034 639 5067 ²¹
656 5040 705 5085 tao
723 5034 810 5100 suppl.
830 5034 976 5083 emendasse
994 5036 1023 5077 tt.
1042 5031 1090 5078 sed
1107 5030 1205 5078 nescire
1222 5043 1250 5078 ee
1269 5044 1316 5094 quo
1335 5028 1408 5077 moda
1426 5027 1514 5077 adnot.
1527 5027 1552 5074 2.

496 5123 628 5174 Hrrraru
640 5121 709 5172 Ora.
723 5135 785 5172 ror..
799 5119 831 5170 V.
1490 5108 1510 5171 6
