4300 6059
556 727 679 763 levarim
698 727 728 762 ttt
748 720 841 763 DVCE!
858 727 1137 762 WIR'l'Elll‘EllGliilSflld
1155 727 1259 772 ORATIO
1277 729 1310 764 11.
1329 729 1442 765 tutatur.
1461 729 1488 764 A.
1502 723 1563 764 lbl'l.
1656 699 1702 769 39

414 891 529 963 potest:
553 884 631 962 qnod
655 901 760 953 carere
779 902 833 944 nos
852 830 984 962 oportet:
1006 884 1064 943 iarn
1088 885 1165 944 enim
1187 883 1322 961 implevit·
1337 903 1440 945 omncs
1462 880 1578 945 saevitiae
1601 903 1703 949 uume-

412 1004 479 1056 ros,
505 987 635 1047 evomuit
657 1002 744 1046 ornne
763 984 931 1046 acerbitatis
953 1003 1112 1046 venenum:
1142 993 1259 1064 tempus
1281 994 1341 1054 est,
1371 994 1403 1046 ut
1424 997 1453 1046 ει
1476 1007 1527 1046 ros
1548 985 1649 1054 liberi,
1674 994 1704 1046 et

350 1136 352 1140 ,
414 1106 469 1147 rios
492 1089 581 1164 digna
607 1087 666 1148 hoc
694 1086 797 1148 dolore
824 1088 928 1149 relecti
955 1089 1046 1148 simus
1075 1086 1195 1149 ultione.
1240 1090 1324 1166 Agite
1352 1089 1598 1167 igituroptatum
1622 1087 1771 1152 roboan.

414 1190 527 1251 bouum
550 1189 691 1259 invadite,
722 1189 807 1250 uobis
831 1188 985 1249 turbarum
1009 1190 1162 1251 authorem
1185 1190 1295 1251 dedite!
1326 1189 1383 1251 boo
1407 1191 1532 1251 inuicem
1559 1190 1704 1251 beneficio

396 1292 564 1368 substringi
585 1290 682 1361 lnbel,
705 1291 768 1351 baec
791 1291 926 1370 expiandi
946 1293 1021 1350 ratio
1044 1294 1113 1359 erit;
1137 1310 1192 1352 nec
1212 1291 1282 1352 illud
1306 1300 1435 1361 moreat,
1457 1292 1535 1370 quod
1551 1292 1704 1353 dernercn·

418 1395 463 1455 dis
487 1393 570 1455 robis
593 1392 748 1454 consilinm
770 1394 880 1453 invenit
904 1391 1038 1454 callidus:
1073 1395 1222 1472 captiones
1249 1401 1317 1454 sunt
1344 1412 1409 1472 quae
1436 1394 1576 1455 beneficia
1607 1401 1704 1460 rocam

415 1495 532 1557 reducit
553 1497 631 1556 eninr
653 1493 770 1564 exules,
793 1502 823 1554 at
845 1514 897 1555 cur
920 1497 1180 1555 exterminaverat?
1203 1496 1300 1557 reddit
1320 1496 1431 1565 ablata,
1454 1505 1483 1556 at
1504 1515 1557 1556 cnr
1576 1494 1704 1556 abstule-

415 1599 480 1658 rat't
503 1604 556 1657 ant
576 1589 630 1657 cu'r
650 1614 711 1656 nou
731 1616 782 1658 eos
805 1614 923 1675 quoqne
946 1597 1061 1657 reducit
1084 1616 1158 1676 qrrcrs
1179 1597 1323 1676 supplicio
1344 1599 1455 1665 affecit,
1480 1601 1651 1675 inquorum
1671 1617 1703 1656 εε

415 1702 562 1777 sanguiue·
581 1699 683 1759 mersit
705 1698 835 1770 nefarius
856 1699 1021 1776 parricida?
1044 1699 1105 1759 lam
1125 1700 1181 1760 hoc
1199 1706 1298 1760 autern
1320 1719 1408 1778 qnam
1431 1718 1489 1759 non
1510 1700 1580 1759 boni
1595 1707 1773 1760 consu-§.⁰⁵-

384 1816 408 1856 ro
418 1802 542 1862 lendum
562 1802 591 1860 in
614 1802 683 1869 islo,
718 1800 795 1878 quod
824 1818 883 1860 uon
911 1801 1011 1862 rolens
1033 1801 1095 1861 haec
1118 1803 1200 1869 lacit,
1234 1803 1286 1862 sed
1309 1810 1428 1863 coactus
1456 1803 1598 1862 aclnrittit?
1629 1820 1704 1860 novo

418 1904 565 1966 beneficio
591 1910 671 1963 retus
693 1903 793 1963 odium
814 1905 997 1979 restinguere
1018 1905 1134 1970 nititur,
1156 1919 1228 1963 nora
1253 1903 1404 1964 clementia
1425 1924 1557 1983 novaque
1578 1902 1705 1964 liberali·

418 2012 479 2066 tate
501 2004 640 2067 altissime
659 2003 844 2092 irradicatarn
874 2007 947 2065 iram
975 2006 1120 2082 extirpare
1147 2008 1269 2083 cogitem
1298 2006 1349 2066 sed
1377 2025 1436 2066 uon
1462 2013 1506 2065 est
1529 2006 1705 2067 beneficium

419 2103 499 2186 quod
523 2116 642 2167 coactus
660 2108 725 2185 quis
749 2106 864 2167 confert
885 2115 935 2166 ant
957 2108 1036 2183 <pared
1056 2116 1222 2185 temporum
1239 2109 1392 2168 occasione
1407 2109 1541 2168 irretitur:
1562 2108 1706 2168 Prodesse

419 2209 470 2271 ubi
492 2208 599 2270 obesse
620 2226 681 2267 non
703 2209 798 2287 possis
819 2216 848 2268 et
874 2208 959 2277 velis,
989 2209 1060 2269 dare
1083 2209 1135 2268 nbi
1160 2210 1277 2271 anlerre
1303 2229 1370 2270 cnm
1399 2208 1469 2270 velis
1496 2228 1641 2287 nequeas,
1670 2228 1705 2270 ea

388 2295 412 2368 rs
422 2330 538 2372 mxuma
552 2311 671 2371 demum
682 2311 773 2378 lraus,
790 2329 903 2371 summa
915 2310 1022 2371 malitia
1036 2319 1095 2380 est;
1110 2330 1206 2390 neque
1221 2330 1289 2371 vero
1306 2312 1420 2372 dedisse
1435 2313 1592 2389 quicquam
1609 2312 1706 2372 existi·

417 2417 492 2474 mari
516 2413 604 2474 debet
625 2413 705 2491 quod
726 2430 778 2472 ros
797 2414 854 2472 iarn
877 2415 908 2473 in
928 2413 1025 2473 medic
1043 2415 1170 2490 positum
1189 2413 1233 2473 ael
1250 2415 1339 2473 inrito
1354 2414 1403 2474 illo
1422 2414 1559 2490 accipere
1575 2410 1705 2491 potestls.

418 2515 543 2594 proinde
563 2522 675 2576 vestros
696 2533 747 2573 ros
761 2516 838 2575 cives
859 2515 1003 2575 reducere
1018 2515 1054 2575 ab
1073 2516 1193 2591 indigno
1209 2514 1293 2576 exilio
1311 2516 1465 2593 perderet,
1484 2517 1617 2594 iniquum
1633 2522 1773 2575 recolat·

418 2625 446 2678 et
469 2616 621 2678 crudelem
640 2616 792 2676 dominum
813 2616 1000 2677 exturbatum
1024 2617 1235 2679 calamitatibus
1263 2637 1298 2676 ac
1328 2619 1453 2678 miseriis
1482 2635 1644 2694 exponere:
1678 2617 1707 2677 id

418 2720 499 2798 quod
520 2717 690 2780 facillimum
715 2718 796 2779 vobis
818 2725 876 2786 est;
899 2737 958 2777 nou
981 2718 1070 2779 babet
1092 2720 1169 2779 unde
1192 2719 1316 2787 lxaereat3
1346 2718 1437 2780 multo
1459 2721 1556 2779 urinas
1577 2727 1622 2779 est
1649 2737 1707 2797 quo

383 2820 587 2897 ncontugiae,
611 2821 746 2881 desertus
769 2829 813 2881 est
836 2820 873 2881 ab
897 2819 1049 2890 omnibns,
1073 2823 1159 2881 etiarn
1180 2822 1280 2881 amicis
1305 2830 1334 2881 et
1358 2822 1546 2887 necessarum
1572 2839 1631 2880 uno
1658 2839 1707 2880 eo·

418 2903 554 3001 demque¹
568 2922 679 2998 llagitio
702 2939 819 2982 omnem
843 2925 974 2983 omnium
995 2924 1126 2984 favorem
1149 2925 1243 2991 exuit,
1271 2924 1393 2983 summis
1415 2941 1479 2982 sese
1503 2923 1575 2982 odiis
1597 2921 1707 2999 obliga·

418 3028 587 3093 rit‚'nenro
607 3025 714 3103 recipit
734 3024 864 3103 hospitio
886 3044 921 3085 ac
941 3032 1035 3095 tecto,
1065 3043 1152 3085 nemo
1182 3025 1278 3094 aditu,
1308 3025 1516 3102 congressione
1544 3041 1631 3083 nemo
1659 3030 1709 3083 ant

419 3128 556 3188 convictu
579 3127 700 3202 dignum
723 3125 818 3196 ducit,
847 3146 949 3188 ouantes
974 3126 1201 3187 abhominantur
1229 3145 1320 3204 seque
1345 3133 1481 3186 contactu
1510 3144 1626 3204 quoquo
1654 3126 1707 3185 lae·

419 3229 485 3288 dari
507 3228 623 3296 timent,
647 3246 749 3288 omnes
771 3227 850 3288 velut
872 3230 1029 3289 immanem
1052 3228 1192 3295 bestiam,
1222 3230 1419 3306 perniciosam
1446 3236 1560 3305 pestem
1583 3230 1707 3306 largimrt,

383 3330 501 3409 acquod
525 3330 562 3390 de
583 3329 664 3409 nullo
687 3348 816 3407 urrqnam
841 3332 971 3391 auditum
993 3339 1053 3399 εει,
1083 3338 1113 3390 ιιι
1141 3330 1182 3391 illi
1205 3348 1264 3389 uno
1288 3332 1371 3408 quasi
1398 3316 1524 3408 impetu,
1553 3350 1612 3390 uuo
1633 3340 1707 3389 tenr-

419 3435 502 3511 poris
530 3438 680 3492 momento
713 3450 817 3492 omnes
849 3435 985 3492 omniurn
1008 3432 1145 3492 ordinum
1177 3431 1312 3491 homines
1340 3430 1426 3491 simul
1454 3433 1566 3491 inimici
1586 3433 1706 3499 decoram

418 3533 623 3600 haecxidetis,
647 3540 676 3594 et
702 3541 734 3594 ut
750 3533 920 3611 expellatis,
951 3553 1033 3595 mora
1063 3536 1125 3595 est'l
1156 3542 1188 3593 ιιι
1214 3534 1375 3611 recipiatis,
1405 3537 1511 3594 cansa?
1542 3541 1592 3592 ant
1619 3535 1777 3596 istnxnter.

419 3637 509 3697 Sueri
531 3637 641 3706 serent,
665 3637 716 3714 qni
740 3638 795 3715 ipsi
817 3639 960 3696 unirersae
982 3637 1052 3697 olim
1075 3637 1241 3697 Germaniae
1261 3638 1478 3710 regnaverunt?
1500 3635 1714 3703 bledinslidius,

421 3757 487 3818 qnae
508 3745 603 3798 restra
625 3747 668 3798 est
691 3737 845 3806 fortitudo,
875 3756 935 3798 non
956 3741 1089 3799 servietis
1119 3740 1145 3797 ei
1167 3757 1254 3816 quem
1283 3736 1328 3797 vel
1350 3736 1492 3816 aequalem
1514 3736 1624 3796 babere
1649 3742 1710 3795 tur·

384 3842 575 3920 sepissimum
598 3847 656 3909 est,
679 3859 777 3918 neque
797 3840 941 3901 latronem
961 3850 990 3900 et
1011 3842 1150 3900 sicarium
1180 3842 1281 3900 seretis
1304 3839 1471 3907 dominnm,
1502 3857 1628 3916 quorum
1649 3856 1711 3897 nra·

420 3945 501 4002 iores
524 3960 561 4001 ne
583 3960 669 4019 reges
690 3942 808 4019 quidem
831 3960 914 4020 aequo
934 3944 1031 4001 arxrirnc
1052 3941 1192 4001 tulerunt.
1233 3959 1305 4019 ergo
1321 3942 1409 4017 igitur
1431 3944 1524 4003 eiicite
1544 3942 1711 4018 principatu

422 4044 640 4122 sanguinariam
661 4042 794 4113 belnam,
822 4042 944 4103 liberate
966 4043 1046 4103 alios
1061 4030 1234 4112 formidine,
1259 4061 1310 4102 ros
1332 4045 1464 4121 pernicie
1486 4045 1630 4122 prinlum,
1662 4043 1711 4101 de·

420 4146 491 4207 inde
513 4147 632 4206 inlamia
656 4147 756 4213 etiam,
779 4163 833 4204 nos
857 4153 953 4206 autem
976 4145 1064 4222 digno
1087 4147 1178 4223 gratia
1202 4145 1283 4205 robis
1305 4144 1480 4222 obstringite
1500 4145 1660 4213 beneficio,
1684 4152 1713 4203 et
1780 4153 1783 4157 ’

423 4266 528 4308 noram
552 4248 633 4307 noxis
655 4245 827 4321 tumultibus
851 4266 969 4308 causam
996 4248 1124 4309 auferte!
1154 4246 1261 4306 L'lcisci
1289 4246 1365 4317 banc
1390 4256 1503 4325 pestem
1530 4247 1607 4307 aliud
1636 4245 1780 4309 nibilum,
1836 4238 1839 4246 ’

385 4356 470 4411 esest
490 4367 578 4429 qnam
600 4345 774 4409 subtrahere
796 4351 947 4409 materiam
969 4351 1136 4427 pernicioso
1159 4349 1374 4408 immanissimae
1397 4347 1491 4409 belnae
1521 4349 1631 4408 lurori:
1657 4348 1713 4408 fuit

422 4452 481 4512 hoc
502 4450 544 4511 illi
565 4468 661 4530 nuper
683 4451 827 4519 studium,
856 4456 889 4512 ut
911 4452 938 4511 id
960 4470 1014 4511 aros
1037 4452 1170 4511 vindictae
1192 4467 1285 4526 genus
1308 4452 1530 4528 experiremur,
1559 4451 1637 4529 quod
1664 4468 1714 4509 ros

423 4553 592 4633 praecipites
613 4553 711 4623 daret,
733 4552 864 4613 futurum
887 4560 968 4614 ratus
987 4561 1020 4614 ut
1042 4572 1096 4615 suo
1112 4552 1247 4613 incendio
1266 4569 1317 4612 ros
1337 4569 1454 4629 quoqne
1476 4545 1713 4630 conllagr·aretis;

423 4674 479 4715 nec
503 4654 628 4714 obscure
650 4656 776 4733 optavit,
800 4665 829 4713 ut
856 4673 972 4715 omnent
995 4658 1090 4715 statim
1114 4661 1223 4714 terram
1246 4655 1365 4731 igneae
1387 4654 1466 4712 lerro
1488 4655 1714 4714 clerastarexnns.
1752 4693 1755 4698 -

491 4873 544 4906 '²⁰¹³
556 4874 605 4923 sed
617 4889 671 4924 non
684 4878 743 4933 ete]
757 4876 816 4924 Hoc
827 4891 956 4939 nurnqnenn
970 4877 1083 4925 cliacdnr.
1127 4873 1178 4906 ¹⁵⁴⁹
1198 4875 1311 4925 idest
1327 4890 1394 4924 corn
1406 4879 1435 4922 11.
1450 4874 1515 4934 (narn
1528 4877 1596 4940 quod
1606 4878 1630 4922 2.
1645 4875 1715 4922 dedit

422 4959 518 5020 nobis,
536 4966 627 5023 aperte
642 4961 734 5022 salsam
746 4960 805 5021 eat.)
819 4961 877 5021 (lna
894 4960 946 5008 lroc
959 4965 1050 5008 autem
1065 4956 1149 5008 facile
1163 4957 1241 5006 uobis
1254 4965 1305 5009 est.
1320 4963 1344 5008 l.
1385 4958 1405 4990 ²³
1419 4959 1538 5009 abomin.
1551 4963 1576 5008 2.
1627 4956 1649 4989 ²⁸
1668 4960 1714 5007 be·

425 5045 508 5094 sliam
523 5046 547 5092 1.
566 5044 687 5093 belluam
701 5047 729 5093 H.
776 5042 799 5074 ²³
818 5044 1020 5106 ,Quodornaes
1078 5022 1099 5055 ²²
1119 5025 1206 5073 ¹¹1²¹³⁰
1219 5043 1310 5075 ‘mim-
1358 5043 1499 5094 ³²beluam
1514 5046 1536 5092 1.
1556 5043 1673 5093 bestiam
1686 5050 1715 5092 Η.
