4300 6059
480 704 623 772 arotoutl
636 735 751 773 clarent
764 737 864 772 nolint
880 737 980 773 11081111
994 738 1046 771 PRO
1060 737 1088 772 tt·
1103 735 1231 772 LleiliRO
1244 737 1280 771 AD
1294 736 1387 773 vitant
1401 735 1506 771 ROUU.
1566 706 1639 776 345

349 911 425 957 cum.
454 893 615 957 Philebum,
646 895 866 957 Volaterranum,
903 896 1053 952 orationem
1082 891 1211 951 Pacensis
1247 903 1355 951 mortno
1382 894 1540 952 Innocentio
1568 896 1640 959 Vlll..

349 979 497 1054 baptistam
520 978 693 1036 blantuanum
716 980 743 1035 in
767 979 867 1054 Sylvis,
891 981 918 1035 in
940 979 1041 1043 Fastis,
1070 981 1103 1036 de
1126 979 1342 1041 calamitatibus,
1371 980 1397 1035 in
1420 981 1507 1054 prima
1528 982 1641 1038 Parthe-

351 1063 424 1125 niae,
447 1065 474 1119 in
496 1053 623 1137 Eglogis.
646 1063 778 1120 Platinam
801 1066 827 1120 in
851 1065 989 1139 plerisque
1011 1063 1088 1121 loeis.

435 1147 577 1222 Nunquam
606 1149 717 1206 miserta
746 1167 776 1206 es
804 1158 890 1223 captae
918 1149 1183 1224 Constantinopolis,
1213 1158 1243 1204 ut
1272 1168 1329 1206 eam
1358 1150 1390 1206 ad
1418 1167 1460 1205 me
1488 1151 1642 1214 reduceres,

328 1232 415 1290 ilicet
438 1250 488 1308 per
510 1232 598 1289 bullas
620 1233 851 1307 indulgentiarum
874 1234 996 1291 crebram
1019 1235 1182 1292 mentionem
1206 1234 1302 1291 multis'
1321 1236 1398 1291 anuis
1420 1236 1517 1291 leceris
1532 1235 1565 1292 de
1579 1253 1642 1292 eru-

348 1318 433 1379 enta,
455 1318 489 1375 de
511 1319 698 1392 expugnandis
720 1336 770 1392 per
792 1328 817 1374 te
840 1319 1066 1396 exeleemosyna
1095 1337 1243 1394 pauperum
1272 1327 1301 1375 et
1327 1319 1489 1393 simplicium
1518 1337 1641 1377 meorum

349 1403 475 1462 hostibus
497 1401 559 1460 lidei
582 1421 663 1460 meae:
687 1405 713 1460 in
737 1421 806 1476 quos
829 1422 896 1460 usus
918 1405 1046 1478 pecunias
1069 1422 1136 1478 quas
1157 1405 1312 1467 corrasisti,
1342 1422 1410 1478 quas
1433 1404 1471 1459 tui
1494 1405 1568 1460 missi
1593 1405 1642 1460 ob·
1733 1408 1735 1411 ’

350 1488 487 1552 tulerunt,
510 1488 619 1549 iuterim
640 1487 794 1544 distributae
818 1489 897 1544 sunt?
927 1489 973 1544 ubi
1002 1491 1145 1546 thesaurus
1174 1508 1187 1545 a
1210 1489 1294 1545 Paulo
1317 1489 1436 1545 seeundo
1459 1498 1487 1544 et
1507 1489 1576 1544 lulio
1599 1508 1642 1545 se·

349 1572 440 1630 eundo
462 1571 593 1629 relictus?
617 1572 663 1627 ubi
686 1572 852 1629 immensitas
875 1574 1049 1647 pecuniarum
1074 1592 1141 1648 quas
1165 1575 1236 1629 omni
1261 1575 1327 1630 bora
1356 1575 1382 1629 in
1412 1575 1531 1630 omniurn
1554 1575 1641 1630 homi·

318 1669 416 1713 tanum
438 1657 552 1731 negotio
575 1652 651 1732 (nibil
674 1657 745 1713 enim
769 1674 864 1730 negas,
894 1658 917 1712 si
940 1676 1035 1714 arnum
1058 1654 1136 1732 adsit)
1160 1656 1290 1731 colligere
1313 1657 1393 1714 solita
1421 1658 1467 1713 es?
1495 1658 1641 1714 Redditura

348 1740 495 1815 aliquando
517 1760 547 1798 es
570 1744 703 1798 rationem
727 1743 924 1815 negociationis
943 1751 1016 1798 tnae:
1044 1760 1099 1798 non
1123 1760 1165 1798 me
1194 1743 1284 1805 laites,
1314 1743 1440 1799 indicium
1469 1761 1556 1800 meum
1586 1761 1641 1800 noa

348 1826 589 1898 evadcs.,tametsi
612 1844 644 1883 ea
667 1826 841 1901 simplicitate
863 1826 980 1884 filiorum
1003 1844 1125 1883 meorum
1148 1827 1291 1884 ambitiose
1315 1827 1476 1900 triumphes.

846 2077 1150 2086 ——-——

948 2155 1035 2347 [inl]

811 2402 978 2459 llldllTlNVS
1007 2403 1181 2460 Lvrdattvs

789 2516 1010 2567 CHRISTIANO
1042 2516 1204 2567 LECTORI

567 2628 712 2671 enarrari
735 2630 867 2672 onerari
890 2631 923 2671 ru
947 2600 1095 2671 seturna
1124 2630 1286 2671 mannaan
1309 2631 1425 2672 orror.

432 2748 514 2807 Fama
536 2749 660 2824 pervenit
681 2750 714 2806 ad
735 2767 793 2814 me,
816 2750 968 2807 Christiane
990 2749 1091 2815 lector,
1115 2750 1213 2806 exiisse
1228 2749 1330 2806 bullam
1346 2751 1477 2824 quandam
1500 2752 1642 2809 adversum

305 2886 310 2901 ,
349 2854 408 2897 me,
431 2851 501 2909 pene
523 2833 550 2890 in
571 2852 677 2896 omnem
701 2843 816 2898 terram,
844 2836 1004 2909 priusquam
1027 2835 1060 2891 ad
1083 2852 1140 2904 me,
1169 2836 1196 2891 in
1225 2852 1305 2909 quern
1328 2835 1413 2891 unice
1435 2836 1518 2899 lurit,
1549 2846 1576 2892 et
1597 2839 1642 2894 cni
1665 2887 1668 2893 .

349 2920 464 2979 maxime
485 2928 544 2977 erat
567 2919 721 2982 inserenda,
746 2921 857 2976 veniret.
895 2919 990 2982 Forte,
1014 2920 1089 2993 quud
1110 2921 1200 2976 noctis
1222 2928 1249 2976 et
1271 2919 1444 2977 tenebrarum
1459 2919 1564 2977 scilicet
1578 2921 1642 2983 tilia.

314 3005 442 3063 intimuit
463 2987 550 3061 lucem
574 3003 666 3060 vultus
689 3004 750 3060 mei.
786 3004 859 3062 lianc
881 3012 970 3061 tamen
993 3004 1079 3078 ipsam
1102 3013 1242 3067 noctuam,
1265 3005 1307 3061 vii
1330 3005 1437 3061 modern
1460 3005 1574 3061 multum
1590 3006 1642 3062 ad·

350 3089 504 3149 iuvantibus
526 3090 633 3151 amicis,
657 3089 683 3144 in
707 3089 823 3162 imagine
846 3108 894 3146 sua
916 3090 1008 3145 datum
1031 3096 1073 3145 est
1097 3089 1194 3147 ridere.
1239 3088 1304 3156 Quae
1326 3099 1486 3152 causaest,
1510 3098 1541 3146 ut
1555 3090 1644 3147 adbuc

350 3178 471 3233 incertus
498 3192 558 3232 esse
585 3191 684 3247 cogar,
712 3173 842 3231 ludantne
872 3175 899 3230 in
927 3192 969 3231 me
994 3174 1114 3248 'Paptstae
1143 3174 1195 3230 mci
1225 3172 1319 3230 libello
1347 3174 1462 3247 quodam
1487 3175 1592 3231 lamoso
1615 3184 1643 3231 et

350 3276 501 3334 anonymo.
525 3276 558 3316 an
581 3259 655 3315 serio
671 3266 699 3314 et
714 3276 777 3315 vere
791 3260 832 3316 sio
845 3260 937 3317 Roma
953 3260 1098 3315 insaniant.
1135 3258 1228 3332 Neque
1250 3259 1322 3316 euim
1344 3258 1389 3315 bic
1411 3257 1491 3314 stilus
1514 3257 1555 3332 (nt
1577 3259 1643 3315 dici·

349 3340 404 3422 tur)
427 3360 517 3418 neque
539 3361 687 3417 processus
708 3343 835 3400 Romana
858 3345 944 3424 curiae
968 3353 1092 3401 servatus
1122 3352 1178 3406 est,
1209 3351 1281 3406 tum,
1311 3343 1384 3417 quod
1411 3343 1524 3400 maxime
1553 3352 1642 3417 urget,

313 3427 487 3487 asdrticulos
513 3437 541 3484 et
572 3428 690 3502 imponit
712 3436 740 3484 et
761 3429 870 3484 damnat
897 3429 976 3504 plane
1004 3447 1034 3487 ac
1063 3428 1205 3486 manifeste
1234 3427 1494 3492 christianissimos,
1525 3437 1555 3484 nt
1577 3428 1643 3484 mibi

348 3514 471 3571 omnium
491 3512 716 3571 verisimillimum
739 3514 790 3580 sit,
820 3514 889 3571 hanc
910 3515 1014 3589 prolem
1036 3531 1097 3570 esse
1119 3513 1235 3570 monstri
1258 3512 1332 3569 illius
1354 3512 1462 3569 loannis
1483 3511 1570 3574 Eooii,
1594 3514 1644 3569 lio·

348 3599 429 3656 minis
452 3615 485 3655 ex
513 3598 675 3661 mendaciis,
706 3597 939 3660 simulationibus,
967 3598 1123 3660 erroribus.
1154 3597 1359 3672 baeresibusque
1386 3597 1493 3654 contusi
1521 3606 1549 3654 et
1577 3615 1643 3654 oon·

347 3684 414 3741 suti.
451 3683 541 3757 Auget
562 3684 758 3758 suspitionem,
783 3682 855 3756 quod
879 3684 950 3739 idern
971 3682 1066 3738 Eccius
1090 3682 1152 3738 talis
1166 3682 1250 3739 Buttae
1265 3681 1415 3756 Apostolus
1438 3682 1522 3738 luisse
1543 3682 1644 3739 dicitur

348 3770 495 3827 Romanus.
532 3785 622 3842 neque
651 3768 723 3824 enirn
752 3768 800 3824 tali
822 3767 985 3842 Apostolatu
1013 3767 1124 3840 dignior
1152 3767 1224 3823 ullus
1247 3766 1406 3842 Apostolus.
1451 3770 1541 3840 Atque
1563 3785 1644 3841 supe·

315 3853 471 3912 terioribus
492 3852 589 3909 diebus
611 3854 747 3911 audieram
770 3853 901 3928 parturiri
924 3853 953 3908 in'
973 3851 1041 3908 nrbe
1062 3862 1157 3908 eontra
1187 3870 1228 3908 me
1251 3851 1353 3908 Bnllam
1381 3852 1528 3925 quandam,
1557 3853 1643 3907 diram

349 3948 376 3995 et
399 3955 510 3999 savam,
534 3939 630 3996 eodem
652 3938 792 3995 coartificc
815 3937 907 3999 Eccio,
931 3937 959 3993 id
982 3937 1054 4009 quod
1077 3935 1158 3993 stilus
1180 3946 1208 3993 et
1235 3937 1318 3992 saliva
1346 3936 1478 3998 indicant,
1506 3937 1553 3992 scd
1583 3952 1643 4009 qna

347 4023 404 4081 illic
427 4022 506 4079 bonis
529 4016 556 4078 el
572 4023 688 4079 eruditis
703 4022 857 4097 quibusque
872 4023 937 4078 viris
953 4039 1057 4078 summe
1071 4021 1242 4096 displiceret,
1265 4039 1354 4094 eoque
1368 4021 1538 4084 differretur,
1563 4022 1644 4077 immo

349 4107 583 4182 opprimeretur·
607 4107 720 4169 Verum,
749 4108 878 4182 quicquid
900 4109 950 4177 sit,
982 4107 1047 4164 mibi
1071 4105 1229 4164 incredibile
1257 4122 1312 4161 non
1340 4115 1396 4168 est.
1426 4105 1472 4162 ubi
1495 4104 1644 4180 Apostolus

349 4267 536 4346 mea.iivi.·1.
555 4306 580 4355 p.
593 4287 653 4340 898.
667 4304 725 4354 sqq.
783 4287 942 4355 Ludolinrn]
966 4290 1118 4350 saxonem,
1142 4288 1188 4353 qni
1205 4288 1309 4338 Pisano
1329 4286 1447 4338 coneilio
1467 4303 1492 4337 a.
1508 4285 1581 4337 1499.
1601 4289 1643 4336 in·

348 4375 464 4426 cersuit?
528 4372 947 4439 Ioa.PieuaMiraudulanus.†
963 4372 1035 4423 1494.
1100 4373 1298 4422 ¹Franciscus
1316 4371 1477 4446 Philolphus
1495 4369 1642 4436 Ι1111499.
1671 4435 1673 4440 Α

349 4468 393 4510 set.
405 4458 451 4512 89.
507 4457 654 4525 Volscam]
674 4458 845 4524 Raphaelem
863 4458 994 4509 Maffeum
1012 4456 1233 4507 Volaterranum.
1252 4454 1359 4520 'slbtb
1423 4460 1529 4506 mortuo
1548 4457 1642 4507 Inuoc.

347 4543 436 4611 vind
456 4561 483 4595 a.
498 4542 571 4594 1492.
596 4543 640 4594 Ol.
655 4543 782 4594 Oiaoonii
801 4544 868 4594 vitt.
887 4541 1000 4592 Pontia.
1013 4541 1064 4592 111.
1084 4559 1110 4606 p.
1125 4539 1182 4591 115.
1202 4542 1355 4591 orationem
1373 4540 1519 4591 funebrem
1537 4556 1555 4591 a
1572 4541 1643 4591 Leo-

348 4628 422 4680 nello
441 4629 571 4695 episeopo
594 4627 792 4678 concordiensi
814 4621 948 4677 habitam]
1006 4625 1166 4691 ²Baptista.
1188 4625 1381 4691 Hispaniam,
1407 4623 1671 4694 celebratissimus¹

349 4713 503 4766 carmelita
520 4710 539 4777 †
557 4728 582 4762 a.
597 4710 672 4763 1516.
690 4717 735 4762 nt.
748 4710 790 4763 68.
810 4710 881 4776 Opp.
895 4711 955 4761 eius
973 4710 1134 4776 prodierant
1146 4710 1278 4776 Antverp.
1294 4708 1367 4761 toro.
1383 4705 1642 4764 sternumentis.

348 4799 393 4852 tv.
412 4796 451 4849 8⁰.
484 4796 633 4848 'Plotina
645 4795 681 4862 .(†
694 4797 779 4859 1481.)
797 4797 870 4846 vitas
883 4795 1043 4861 pontificum
1056 4795 1216 4860 prodierunt
1228 4797 1343 4860 primum
1355 4794 1452 4845 Venet.
1469 4791 1543 4845 1479.
1577 4789 1644 4842 ⁴cst

349 4882 475 4948 eapteK.
510 4881 521 4912 ⁸
534 4878 615 4946 thes]
629 4881 757 4946 ci.aupra
769 4898 796 4946 p.
805 4879 990 4931 173.0rct.ne
1000 4881 1029 4929 in
1039 4880 1139 4930 decim.
1152 4884 1245 4945 preest.
1254 4875 1458 4939 eonsent.§.23.
1495 4875 1518 4908 ¹⁰
1530 4878 1644 4927 Poterat

349 4966 490 5018 commode
509 4967 621 5016 adicere
640 4972 731 5016 orator
749 4981 807 5030 queo
820 4966 929 5015 dixerat
941 4964 984 5013 hia
997 4964 1044 5028 qui
1057 4962 1198 5014 columbas
1210 4963 1375 5023 vendebant,
1391 4978 1434 5027 ep.
1449 4962 1544 5011 loann.
1558 4960 1642 5010 11.16.

416 5047 439 5082 ²⁸
452 5049 490 5102 ci.
503 5049 660 5115 Epi'atolam
674 5049 729 5099 lob.
743 5050 824 5100 Eccii
842 5049 917 5099 sedis
935 5048 1082 5114 papisticae
1100 5048 1208 5109 nuncii,
1226 5064 1254 5113 p.
1266 5046 1325 5098 34¹2.
1340 5047 1496 5110 repetitam.
