4300 6059
811 1377 983 1435 tttccdlttut
1004 1376 1202 1435 andrunnun
1301 1438 1305 1444 ,

625 1493 675 1544 DE
695 1491 891 1544 CONVENTV
908 1492 1134 1545 AVGVSTENSI
1156 1491 1385 1544 DESCRIPTIO.

445 1653 480 1707 tt
507 1649 598 1708 Caesar
624 1667 684 1706 oum
708 1648 875 1707 Thureerum
905 1651 1047 1725 imperium
1080 1667 1111 1707 ac
1138 1651 1209 1707 vires
1232 1651 1318 1707 indies
1342 1650 1434 1725 angeri
1457 1650 1705 1726 trucidatoqnel·¹·
1794 1671 1803 1703 t

360 1735 479 1793 Soldano
501 1735 614 1810 lllgypti
636 1734 777 1810 Syriteque
806 1753 836 1792 ac
856 1735 1001 1793 Pboeniciae
1032 1753 1147 1811 regnum
1176 1753 1245 1810 pene
1269 1737 1295 1792 in
1323 1736 1489 1812 provinciam
1512 1736 1650 1793 redactum

336 1820 540 1896 ⁵intelligeret,
562 1821 744 1895 festinandum
766 1829 842 1876 ratus
864 1822 995 1895 Augustae
1017 1829 1178 1898 conventum
1204 1821 1317 1877 huiusce
1346 1822 1383 1878 rei
1414 1821 1500 1895 gretia
1524 1821 1649 1878 omnibns

358 1906 509 1972 Germaniae
531 1904 701 1983 principibus
723 1905 828 1962 indixit.
864 1906 973 1963 interim
995 1906 1054 1981 ipse
1076 1905 1109 1961 ad
1131 1906 1284 1981 provincias
1305 1924 1368 1962 suas
1383 1907 1515 1981 pacandas
1530 1907 1649 1963 animum

358 1990 470 2053 adiecit.
493 1989 642 2065 habitoque
666 1990 693 2046 iu
707 1990 794 2047 Ponte
815 1991 880 2047 Ocni
903 1991 1102 2065 provinciarum
1124 1999 1258 2047 conventu
1280 2000 1308 2047 et
1329 1991 1505 2047 auxiliaribus
1526 1991 1649 2067 pecuniis

356 2075 469 2133 adiutus
491 2084 547 2136 est.
571 2083 598 2132 et
620 2073 704 2131 multa
727 2070 796 2149 quaa
810 2074 861 2131 sibi
884 2084 946 2132 ante
969 2076 1018 2132 bac
1040 2074 1203 2132 detrimento
1226 2075 1351 2139 fuerant,
1375 2076 1406 2132 ad
1429 2076 1568 2132 meliorem
1591 2077 1648 2133 lor·

356 2177 429 2217 mam
451 2152 564 2234 redegit.
614 2160 676 2216 lnde
704 2160 853 2234 Augustam
884 2161 989 2234 primns
1018 2161 1136 2217 omnium
1166 2162 1307 2236 proiectus
1334 2161 1482 2217 Germanos
1509 2162 1647 2236 principes
1660 2169 1705 2222 §.n

322 2253 461 2319 loquente
484 2252 592 2321 potarat
608 2244 699 2301 studio
723 2253 750 2302 et
772 2244 957 2307 solicitudine.
982 2246 1080 2302 additis
1103 2247 1184 2302 etiam
1206 2246 1343 2321 pontificis
1366 2245 1472 2302 maximi
1493 2245 1648 2321 diplomati·

356 2329 422 2392 bus,
444 2330 477 2388 ad
500 2338 662 2387 conventum
691 2329 816 2404 urgebat.
861 2330 989 2387 ulbertus
1011 2331 1240 2406 drcbiepiscopus
1262 2332 1435 2405 maguntinus
1464 2339 1526 2387 ante
1554 2348 1648 2389 omnes

355 2415 490 2473 mandatis
512 2413 619 2490 paruit:
643 2415 785 2489 ingressus
808 2422 851 2471 est
874 2415 977 2472 obviam
1001 2415 1053 2471 sibi
1075 2416 1108 2472 de
1132 2433 1207 2476 more
1230 2425 1312 2473 eunte
1328 2416 1447 2472 Caesare:
1470 2416 1508 2472 ita
1523 2423 1551 2473 et
1566 2416 1647 2473 etiam

355 2500 464 2557 caeteris
486 2499 669 2574 principibus,
693 2516 726 2557 ne
749 2500 775 2555 in
794 2498 914 2574 singulis
936 2515 1041 2562 morer.
1065 2500 1231 2557 factumest.
1260 2499 1352 2557 nullus
1374 2518 1428 2557 non
1444 2510 1553 2558 centnm
1569 2501 1646 2576 equis

354 2583 397 2641 vel
419 2592 551 2660 apparatu
573 2584 650 2658 regio
665 2584 824 2641 adventavit.
858 2584 967 2642 Interim
983 2583 1131 2641 Cardinalis
1153 2585 1238 2641 saneti
1255 2584 1335 2648 Sinti.
1359 2585 1406 2659 qui
1428 2602 1481 2641 nna
1496 2604 1556 2643 cnm
1571 2604 1647 2643 reve·
1660 2590 1705 2642 l·³·

323 2670 519 2727 tercentesimo
542 2685 573 2726 ac
589 2668 775 2726 illustrissimo
792 2669 922 2727 dorcensi
936 2669 1044 2744 legatus
1059 2677 1131 2732 erat,
1154 2667 1306 2745 Lantsberg
1321 2670 1422 2726 llncnm
1437 2669 1553 2728 bavariae
1569 2671 1647 2746 oppi-

354 2754 419 2830 dum
442 2754 534 2830 petiit,
557 2752 682 2828 (triginta
703 2752 823 2811 millibus
845 2772 973 2830 passuum
996 2754 1029 2811 ab
1051 2757 1175 2829 Augusta
1197 2753 1283 2830 abest)
1308 2756 1491 2830 inposterum
1507 2756 1592 2819 diem,
1616 2764 1647 2813 ut

274 2869 277 2873 ·
354 2839 498 2902 credebat.
527 2839 661 2897 Caesarem
682 2839 800 2897 visurus.
837 2841 884 2897 sed
914 2838 995 2915 longe
1017 2839 1099 2896 aliter
1120 2857 1200 2915 qnam
1230 2838 1414 2896 arbitrabatur
1444 2840 1555 2896 accidit:
1585 2842 1651 2897 nam

353 2941 416 2981 eum
439 2924 472 2981 de
495 2924 620 2999 ingressu
642 2941 733 2981 sermo
755 2923 865 2982 babitus
887 2932 943 2988 est,
967 2942 1011 2981 res
1034 2925 1061 2982 in
1083 2925 1294 2982 controversiam
1316 2925 1428 2988 cecidit.
1452 2925 1523 2981 unde
1546 2927 1572 2981 in
1596 2943 1644 3003 op·

354 3008 420 3084 pido
443 3007 484 3066 vel
508 3009 607 3067 invitus
629 3009 730 3066 morari
753 3018 863 3067 coaetus
886 3018 936 3067 est.
965 3009 993 3065 ln
1008 3010 1195 3067 controversia
1211 3019 1300 3067 autem
1315 3011 1368 3068 boe
1382 3011 1391 3081 Ι
1405 3003 1644 3091 fflwfffflss'
1659 3009 1705 3061 §.n

318 3101 430 3151 areret:
457 3091 686 3169 Arcbiepiscopns
714 3084 887 3169 llagnntinus
916 3093 1075 3169 quibusdam
1104 3093 1207 3158 literis.
1237 3113 1318 3169 quas,
1353 3095 1479 3170 quoniam
1508 3111 1523 3150 a
1550 3094 1646 3154 Carolo

354 3178 438 3236 aedita
459 3187 536 3240 sunt.
560 3177 699 3236 carolinas
722 3178 874 3255 appellant,
902 3179 1030 3237 suffultus
1057 3187 1216 3237 constanter
1243 3179 1395 3237 affirmabat
1422 3197 1451 3236 se
1477 3179 1575 3254 legatis
1597 3181 1646 3237 mi·

353 3263 426 3321 nime
449 3281 607 3329 cessurum
631 3265 732 3339 quippe
754 3265 782 3320 in
805 3265 938 3321 eiusmodi
960 3264 1049 3322 literis
1071 3275 1180 3323 cantum
1203 3274 1276 3328 erat,
1300 3265 1577 3345 neldrehiepiscopus
1592 3264 1646 3321 lla·

353 3349 502 3424 guntinus,
524 3366 585 3406 eum
608 3348 758 3423 Imperialis
780 3345 929 3407 conventus
951 3348 1112 3413 haberetur,
1142 3348 1270 3407 a'latere
1292 3350 1440 3411 Cusanum,
1468 3349 1511 3405 vel
1533 3348 1644 3423 regibus

353 3433 552 3508 presentibus,
574 3434 733 3492 discederet.
777 3432 834 3502 Qua
857 3452 885 3491 re
908 3435 940 3491 ad
962 3435 1059 3493 lluoem
1083 3435 1219 3498 Senoniae,
1242 3436 1328 3491 virum
1351 3435 1512 3510 prudentem
1533 3442 1563 3491 et
1581 3452 1644 3508 gra·
1657 3441 1702 3494 bl.

319 3527 426 3582 navem,
449 3517 554 3583 delata,
577 3536 637 3576 cnm
660 3519 748 3594 pridie
771 3518 850 3576 aliter
871 3521 1017 3583 sensisset.
1047 3519 1175 3595 perendie
1204 3521 1263 3576 eins
1291 3519 1344 3577 diei
1374 3519 1536 3577 sententiam
1558 3526 1645 3576 muta·

315 3618 318 3623 ·
352 3604 405 3667 vit,
430 3611 590 3679 tantumque
612 3602 700 3661 abluit
722 3613 752 3660 ut
773 3603 930 3661 consuleret
945 3605 1185 3680 brebiepiscopnm
1207 3605 1303 3661 cedere
1326 3605 1423 3679 legatis
1438 3612 1580 3678 oportere.
1604 3613 1642 3668 ut,

353 3689 375 3744 si
399 3689 459 3764 ipse
481 3705 591 3764 qnoque
612 3688 704 3746 locum
725 3689 816 3752 daret,
840 3707 870 3745 se
893 3707 1035 3765 perperam
1058 3692 1201 3747 iacturum.
1245 3689 1310 3746 Cum
1332 3691 1424 3764 itaque
1446 3689 1589 3763 utrinqne,
1612 3695 1644 3747 ut
1656 3689 1703 3741 §.n

353 3790 397 3829 res
418 3782 645 3848 componeretur,
669 3775 771 3831 frustra
794 3782 928 3831 tentatum
951 3774 1062 3838 luisset,
1093 3776 1130 3831 ita
1154 3775 1263 3848 ingenio
1286 3773 1502 3831 reverendissimi
1525 3773 1644 3832 duacen·

251 3899 256 3908 .
353 3857 390 3913 sis
412 3857 474 3915 finis
495 3857 666 3917 altercationi
687 3860 768 3916 datus
790 3867 847 3920 est,
870 3867 901 3915 ut
923 3859 1027 3916 scilieet
1048 3860 1107 3935 ipse
1130 3860 1156 3916 in
1179 3860 1282 3934 templo
1297 3877 1312 3915 a
1328 3852 1453 3924 Caesarei
1479 3851 1645 3932 fflffiffgss

321 3951 345 3991 ³⁰
355 3959 386 4000 ac
399 3942 515 4018 reliquis
530 3943 709 4018 principibus,
732 3943 852 4018 legatum
870 3952 926 4000 tum
941 3944 1058 4019 primum
1074 3962 1167 4020 agens,
1190 3944 1373 4019 exciperetur,
1397 3944 1493 4000 deinde
1509 3943 1643 4001 cardinali

353 4028 438 4084 saneti
462 4026 529 4084 Sinti
552 4027 658 4085 obviam
680 4029 924 4105 progrederentur.
961 4029 998 4085 ita
1021 4046 1065 4086 res
1089 4037 1161 4086 acta:
1188 4046 1249 4085 nam
1272 4030 1300 4085 in
1323 4027 1424 4104 templo
1448 4046 1463 4086 a
1485 4027 1589 4086 Cessare
1611 4029 1644 4087 ed

351 4129 412 4169 eum
434 4129 485 4187 per
506 4111 656 4170 cochlidem
679 4114 873 4177 descendente,
903 4115 1016 4170 maxima
1039 4115 1192 4190 principum
1221 4131 1336 4177 corona,
1368 4114 1450 4188 legati
1478 4112 1587 4170 nomine
1614 4122 1643 4171 et

352 4195 485 4255 salutatus
508 4207 536 4254 et
557 4206 686 4273 exceptus
709 4208 764 4261 est.
793 4199 885 4255 habita
913 4200 1042 4273 utrinque
1071 4201 1138 4256 satis
1166 4198 1248 4273 longa
1271 4199 1403 4256 oratione.
1448 4197 1540 4273 ltaque
1562 4203 1702 4257 nemci]-

351 4282 386 4337 sit
409 4283 457 4357 qni
480 4281 550 4340 lalso
574 4283 719 4341 Gurcensis
741 4284 885 4341 consilinm
915 4293 1058 4348 accusent.
1088 4303 1148 4342 eum
1178 4285 1204 4340 in
1234 4292 1308 4341 tanta
1339 4301 1429 4341 rerum
1456 4285 1644 4341 controversia

295 4365 417 4424 'ttillud
440 4368 544 4442 egerit,
574 4376 605 4425 ut
626 4367 780 4426 eonsidtins
804 4378 831 4425 et
855 4369 1014 4443 prudentius
1037 4369 1289 4444 apostolicaesedis
1317 4369 1477 4444 dignitatem
1498 4367 1643 4426 defendere

415 4599 424 4634 ¹
442 4602 542 4652 Totam
560 4602 767 4668 inscriptionem
785 4619 868 4669 supra
880 4605 998 4669 positam
1010 4607 1140 4670 repetunt
1153 4606 1241 4653 Lm.
1293 4600 1368 4667 ’dd
1385 4603 1446 4653 Non
1458 4603 1535 4654 nulla
1551 4605 1580 4654 in
1593 4621 1640 4655 nn·

350 4687 431 4737 eteris
443 4680 645 4753 ipsins'scripto
657 4687 859 4754 processerint.
895 4687 906 4719 ⁷
919 4688 1254 4755 PonteOeni]Iumbrurlt.
1268 4688 1450 4739 cf.Io.Feber
1461 4689 1536 4739 infra
1547 4705 1573 4756 p.
1581 4688 1641 4741 280.

347 4771 398 4824 teni
415 4774 441 4821 2.
460 4777 488 4821 tet
504 4787 577 4836 ηερε
594 4787 683 4838 vepro
701 4787 736 4826 ue.
785 4771 806 4806 ¹⁸
825 4773 974 4825 Gurcensis
988 4775 1102 4837 blado.
1151 4771 1204 4806 Μ
1221 4773 1311 4838 supitii
1321 4777 1347 4823 2.
1395 4772 1416 4806 ¹⁸
1433 4771 1487 4840 res]
1506 4790 1563 4825 rein
1581 4776 1642 4829 eda.

346 4853 370 4889 ¹⁰
384 4847 564 4922 Mogentiana
584 4859 609 4906 3.
668 4856 779 4925 Cerolo]
798 4859 864 4910 1111.
884 4857 928 4910 (tf.
941 4859 1005 4908 Aur.
1018 4858 1087 4908 bull·
1100 4875 1123 4908 c.
1135 4859 1160 4909 4.
1173 4860 1197 4921 §-
1211 4858 1234 4910 l.
1247 4858 1303 4911 αθ.
1315 4876 1339 4910 ο.
1351 4860 1469 4925 interpp·
1525 4858 1548 4892 ²²
1564 4875 1595 4910 se
1613 4877 1640 4928 p.

347 4935 426 5008 laen]
451 4941 488 4991 sit
505 4956 532 5007 p.
552 4942 676 4993 secturus
699 4946 834 5008 proposuit
849 4946 874 4993 3.
928 4941 950 4974 ³²
969 4943 1104 4995 eoelidem
1122 4947 1145 4993 1.
1153 4948 1177 4993 2.
1187 4949 1211 4995 4.
1232 4944 1356 4995 eoelidem
1375 4947 1401 4995 3.
1431 4945 1640 5010 Wendedreppe.

346 5023 411 5092 §.bl
430 5028 536 5078 Scilicet
553 5026 719 5077 Bartholinua
737 5030 763 5078 in
782 5029 917 5079 Gureeneis
932 5030 1055 5092 [melete
1072 5037 1119 5078 eet.
1461 5052 1465 5057 -
