4300 6059
455 681 501 753 92
581 713 702 747 aunuum
721 714 751 748 ru
770 713 863 749 uvcuu
882 711 1159 747 xrrnrunruuasuscu
1177 711 1279 747 oacrio
1299 713 1324 748 v.
1343 697 1604 762 u.ua1.(?)u.tata.

1064 772 1084 794 Ο

454 860 580 930 lecturas
603 886 671 930 suas
693 888 727 929 ac
749 870 843 929 officia
866 870 1063 930 committeret
1084 867 1252 928 bominibus
1273 867 1440 937 secleratis,
1463 868 1756 947 turpibus,‚lactio--

455 973 508 1039 sis,
532 989 658 1050 nequam
683 977 712 1031 et
733 972 918 1039 laclnorosis;
941 970 1044 1048 lugere
1066 987 1168 1031 onrues
1190 969 1337 1031 debebant
1358 971 1433 1039 dixi,
1457 988 1524 1030 eunt
1547 973 1597 1050 qui
1615 972 1670 1032 hac
1684 989 1732 1031 so-

386 1080 443 1131 §.sa
456 1075 559 1134 cietate
582 1080 723 1133 uteretur.
768 1079 797 1132 at
818 1090 876 1132 non
899 1079 1012 1133 tantum
1034 1073 1139 1133 amavit
1160 1071 1252 1132 malos
1275 1080 1303 1132 et
1324 1071 1496 1142 sceleratos
1520 1073 1570 1133 sed
1587 1072 1656 1134 lecit
1670 1076 1733 1152 ipse

442 1174 529 1236 ‚male
552 1182 580 1235 et
602 1161 742 1235 scelerate
765 1175 876 1243 omnim
899 1193 995 1253 neque
1016 1191 1121 1234 rursus
1135 1180 1246 1235 tautum
1264 1174 1331 1235 lecit
1346 1172 1412 1233 talia
1428 1172 1523 1252 qualia
1538 1191 1635 1251 neque
1651 1178 1732 1252 prius

453 1278 587 1351 cognovit
608 1276 671 1337 lraec
692 1279 783 1355 patria
805 1293 934 1355 unquam
955 1294 1050 1354 neque
1072 1275 1136 1336 haec
1165 1284 1245 1336 attas-
1261 1275 1330 1335 vidit
1356 1277 1509 1354 neque'iu
1537 1275 1630 1336 literis
1658 1280 1754 1337 anti-⁵

453 1397 578 1464 quorum
600 1377 753 1456 leguntur,
777 1378 828 1438 sed
851 1378 1018 1456 praedicavit
1040 1379 1126 1438 etiarn
1150 1378 1263 1456 sibique
1286 1379 1314 1437 in
1329 1377 1376 1437 his
1391 1377 1513 1456 placuit,
1538 1363 1586 1457 qui
1602 1380 1732 1449 animum

453 1482 566 1559 quoties
588 1480 744 1543 ostendere
766 1479 851 1541 vellet
871 1497 971 1547 suum,
995 1480 1171 1540 miserorum
1190 1478 1330 1557 supplicia
1347 1481 1451 1539 civium
1468 1481 1596 1548 iactavit;
1619 1481 1738 1559 siquem

453 1589 566 1642 terrere
589 1581 688 1651 vellet,
720 1581 776 1641 boc
800 1582 868 1643 lecit
889 1580 970 1640 illum
993 1581 1173 1641 ostendendo
1196 1588 1246 1641 aut
1269 1580 1408 1640 vibrando
1437 1582 1522 1641 etiam
1545 1582 1732 1644 Huttenicum

384 1695 572 1752 lucensem
596 1685 645 1763 qui
667 1692 900 1760 utcognoscero
922 1686 959 1743 sit
980 1701 1066 1761 quam
1090 1682 1182 1742 libere
1197 1681 1290 1741 malus
1305 1683 1408 1755 luerit,
1432 1702 1498 1744 cum
1515 1682 1643 1745 nobilem
1659 1686 1732 1746 Sue·

451 1804 554 1847 vorum
576 1788 723 1847 nationem
745 1784 859 1864 spodio,
883 1785 1082 1845 exactionibus
1104 1791 1133 1845 et
1154 1785 1264 1862 rapinis
1286 1783 1482 1852 exhausisset,
1512 1786 1659 1846 iuventute
1682 1805 1730 1846 or·
1744 1796 1766 1836 ¹0

451 1888 657 1958 basset,.riris
679 1887 845 1967 spoliasset,
869 1906 928 1947 non
951 1905 1067 1965 poenam
1089 1893 1220 1946 metuere
1242 1887 1271 1945 in
1295 1888 1423 1946 animum
1445 1887 1572 1955 induxit,
1603 1888 1655 1948 sed
1678 1890 1732 1948 im·
1757 1898 1762 1904 ’

450 1993 564 2067 perium
580 1991 667 2052 orbis
690 1981 935 2050 affectare'ausus
958 1997 1010 2049 est.
1047 1988 1104 2048 hoc
1126 1990 1236 2065 posteri
1259 1988 1397 2056 credent,
1420 1995 1470 2048 aut
1492 1990 1541 2065 qui
1563 2007 1644 2062 nuuc
1663 1999 1733 2051 sunt

353 2116 356 2123 ·
451 2094 538 2152 etiam
561 2099 590 2152 et
612 2110 670 2151 non
693 2091 828 2151 viderunt
849 2110 883 2150 ac
905 2098 1062 2151 senserunt
1084 2096 1259 2168 praeserrtes,
1282 2107 1341 2149 non
1363 2090 1432 2166 tingi
1455 2091 1537 2150 istius
1559 2092 1626 2151 odio
1647 2101 1732 2171 puta·

383 2193 543 2256 §.aubuntl
565 2192 636 2263 Quis
658 2200 702 2253 est
722 2194 811 2271 igitur
833 2194 883 2270 qui
905 2192 961 2252 lroc
983 2192 1067 2252 nobis
1090 2192 1268 2261 commodet,
1291 2197 1323 2251 ut
1344 2198 1423 2252 tanta
1446 2190 1536 2262 illius,
1560 2200 1619 2253 tam
1635 2196 1732 2255 iucre-

449 2294 562 2365 dibilia,
584 2303 644 2355 tam
667 2296 745 2355 varia
768 2301 796 2353 et
817 2300 986 2372 portentosa
1009 2292 1136 2364 scelera,
1160 2312 1217 2372 quo
1240 2312 1277 2353 ne
1299 2293 1366 2353 ficta
1388 2293 1522 2355 homines
1544 2303 1594 2355 aut
1609 2299 1765 2375 eonqni-u·

449 2399 501 2456 sita
526 2397 662 2467 credant,
684 2415 743 2455 non
767 2396 890 2456 dicendo
913 2403 1049 2465 exornet,
1073 2397 1124 2457 sed
1148 2395 1405 2456 commemorando
1428 2395 1523 2474 qualia
1546 2404 1614 2456 suut
1628 2417 1731 2458 recou-

449 2499 526 2558 seatl
559 2499 621 2558 hac
656 2507 713 2559 tam
749 2499 880 2568 funesta,
915 2507 973 2558 tam
1007 2498 1174 2577 prodigiosa
1209 2500 1312 2576 pestis,
1352 2497 1415 2557 hac
1447 2499 1552 2561 insidia
1585 2498 1737 2574 malorum,

449 2602 602 2679 geniorum
624 2608 653 2660 et
674 2599 793 2661 humani
815 2601 932 2677 generis
954 2601 1081 2660 bostium
1105 2601 1342 2661 cacodaemonum
1364 2601 1481 2660 incensa
1505 2606 1533 2659 et
1556 2602 1684 2660 coniecta
1702 2603 1731 2662 in

448 2703 536 2763 buius
559 2703 683 2762 nationis
707 2705 825 2763 exitium
848 2703 910 2772 lax,
940 2702 995 2762 hoc
1018 2701 1194 2779 inexpiabile
1218 2701 1342 2770 malum,
1371 2701 1457 2761 huius
1484 2700 1583 2762 saculi
1610 2712 1732 2780 porten-

448 2812 527 2883 tum,
551 2805 644 2863 omnis
666 2805 814 2865 memoriae
837 2812 998 2873 ostentum,
1027 2803 1074 2863 hic
1098 2823 1132 2864 ex
1155 2803 1267 2864 scelere
1290 2804 1492 2868 lactuslromo
1515 2811 1544 2863 et
1566 2806 1595 2864 in
1617 2804 1766 2867 scotoma

450 2926 466 2966 a
490 2909 589 2968 matris
612 2925 704 2985 usque
726 2912 811 2966 utero
834 2907 992 2976 exercitus,
1017 2924 1084 2965 cum
1107 2907 1262 2985 imperium
1286 2905 1379 2965 modis
1401 2906 1538 2966 omnibus
1553 2909 1677 2977 vexarit,
1702 2911 1732 2967 in

382 3023 534 3072 §.aosuam
557 3014 654 3069 tamen
677 3015 849 3086 potestatem
871 3010 935 3068 lore
958 3025 1046 3067 aursus
1068 3017 1112 3068 est
1134 3008 1272 3084 speraret
1294 3009 1329 3068 At
1351 3026 1438 3086 quam
1460 3026 1564 3068 securo
1580 3009 1732 3086 agit‘hoc?

450 3112 477 3170 in
502 3111 584 3171 cuius
606 3110 675 3170 item
698 3109 833 3178 cubiculo
857 3106 1019 3170 invenimus
1042 3112 1171 3170 carmina
1195 3118 1223 3169 et
1249 3106 1378 3177 libellos,
1412 3109 1441 3168 in
1469 3109 1576 3188 quibus
1604 3109 1645 3169 illi
1674 3111 1732 3172 hoc

448 3195 567 3272 nominc
589 3214 731 3272 assentari
753 3230 856 3289 passus
879 3220 923 3272 est
943 3231 1012 3272 suos
1035 3211 1217 3280 adulatores,
1242 3228 1336 3288 neque
1358 3211 1386 3270 id
1410 3212 1481 3271 citra
1498 3214 1732 3273 criminationem

450 3332 551 3375 eorum
575 3316 705 3375 omniurn
728 3333 802 3394 quos
824 3303 936 3375 ambire
960 3315 1016 3374 boc
1039 3315 1185 3390 fastigium
1207 3314 1334 3390 suspicio
1357 3312 1459 3374 saltem
1482 3320 1535 3373 est.
1574 3315 1632 3375 Sed
1654 3313 1770 3375 berieu

451 3415 581 3477 Christus
603 3417 730 3493 optimus
752 3418 895 3476 maximus
917 3399 1041 3494 providit
1063 3416 1192 3476 humano
1215 3416 1330 3492 generi,
1355 3416 1437 3475 cuius
1459 3414 1565 3476 caelesti
1592 3435 1648 3495 ope
1671 3419 1730 3477 ele·

450 3514 513 3578 ctus
535 3525 564 3578 et
586 3517 757 3578 exturbatus
779 3526 823 3578 est
844 3517 1003 3579 sceleratus
1025 3517 1186 3585 homicida,
1216 3517 1390 3595 perfidiosus
1412 3526 1566 3596 tyrannum,
1596 3519 1731 3579 immanis

381 3619 593 3688 commitam
617 3621 666 3697 qrri
689 3621 851 3697 iu'stupris
874 3619 1008 3681 inauditis
1031 3628 1059 3681 et
1081 3615 1305 3680 ablrorniuandis
1328 3620 1433 3687 otium,
1464 3619 1493 3677 in
1516 3618 1595 3679 caedo
1618 3625 1646 3679 et
1669 3626 1731 3680 tor·

448 3728 514 3781 tura
536 3723 685 3799 negotium
707 3721 816 3799 posuit;
841 3723 890 3800 qui
912 3723 941 3781 iu
963 3729 1005 3781 tot
1026 3741 1058 3782 se
1080 3722 1188 3800 flagitia
1212 3728 1283 3800 quot
1304 3721 1437 3799 recipere
1459 3739 1534 3780 unus
1551 3719 1644 3801 ¹honio
1666 3739 1732 3783 cre·

449 3824 525 3884 ditus
547 3835 605 3883 non
629 3830 673 3884 est
694 3824 854 3893 immersit;
884 3824 934 3902 qui
956 3832 1110 3884 contentus
1132 3842 1191 3883 nou
1215 3823 1268 3882 luit
1289 3821 1459 3900 simpliciter
1485 3822 1646 3890 libidinari,
1677 3825 1767 3884 sedao

448 3925 557 3986 abusus
579 3931 680 3986 natura
704 3943 820 4004 quoque
844 3933 900 3994 est,
932 3933 960 3986 et
982 3925 1027 3985 bis
1048 3927 1223 4004 perfunctus
1250 3925 1358 3993 modis,
1388 3942 1462 4002 quos
1492 3942 1615 3985 narrare
1643 3928 1730 3986 etiam

451 4034 572 4106 propter
599 4027 809 4105 turpitudinem
837 4045 988 4096 veremur;
1017 4029 1065 4108 qui
1095 4047 1161 4088 curn
1190 4026 1227 4086 ad
1257 4026 1363 4086 loedanr
1392 4027 1591 4104 indignitatem
1623 4046 1731 4106 cogere

382 4186 386 4199 ,
451 4147 532 4189 suain
556 4145 677 4189 uxorem
700 4147 759 4188 non
782 4138 894 4208 posset,
919 4130 984 4190 odio
1006 4130 1134 4206 primum
1157 4129 1260 4189 babuit
1282 4128 1500 4207 incomparabili
1523 4135 1552 4189 et
1573 4129 1732 4191 crudeliter

380 4231 596 4300 enumeravit,
620 4231 724 4291 deinde
746 4232 911 4291 interficere
935 4249 1050 4310 quoque
1074 4239 1195 4291 conatus
1218 4238 1274 4300 est;
1298 4232 1479 4318 quitamicus
1494 4232 1656 4308 interemit,
1680 4252 1731 4293 cu·

355 4382 359 4394 .
450 4333 548 4393 stodes
570 4334 706 4411 corporis·
724 4334 769 4393 sui
792 4334 871 4393 caude
886 4335 1096 4400 retituneravit;
1121 4335 1170 4411 qui
1187 4352 1252 4401 eos,
1277 4351 1401 4412 quorum
1418 4333 1473 4392 sibi
1488 4341 1641 4411 perspecta
1659 4335 1767 4411 delusos

449 4441 478 4494 et
500 4435 634 4510 cognitus
657 4454 725 4511 erga
749 4454 779 4495 se
802 4453 884 4497 amor
907 4454 941 4494 ac
963 4436 1127 4495 reverentia
1150 4435 1218 4504 luit,
1242 4437 1433 4511 interemptos
1455 4434 1574 4494 iufamia
1590 4435 1687 4496 adbuc
1702 4445 1731 4496 et

448 4535 593 4596 dedecore
616 4535 753 4612 sugillare
776 4543 821 4597 est
842 4536 974 4604 adnisus;
1004 4537 1052 4614 qui
1076 4555 1091 4595 a
1115 4535 1221 4614 quibus
1243 4531 1384 4597 liberatus
1406 4543 1466 4606 est,
1495 4555 1598 4597 eorum
1620 4536 1731 4598 liberos

486 4771 568 4806 ·¹¹·¹²
587 4770 738 4840 imperium]
759 4772 899 4836 Cbsupra
916 4772 940 4832 ᾖ.
955 4769 994 4821 16.
1030 4772 1051 4804 ¹⁶
1070 4774 1400 4824 credant1.'arbitrentur
1418 4781 1446 4822 u.
1482 4773 1567 4840 §.dul
1582 4776 1730 4825 Maximum

449 4874 542 4908 eorum
561 4855 673 4922 quae'de
691 4858 760 4907 duce
779 4857 824 4907 hic
842 4857 1028 4928 praedicantur
1045 4858 1179 4909 scelerum
1198 4866 1304 4924 purtem
1323 4858 1462 4908 Hutteuus
1486 4861 1569 4908 etiam
1588 4861 1616 4908 in
1634 4861 1730 4925 priori·

449 4943 500 4991 bus
518 4942 689 4992 orationibus
708 4949 735 4992 et
753 4945 781 4990 in
801 4958 843 5006 ep.
863 4941 897 4990 ad
915 4942 1093 4993 Franciscum
1114 4959 1205 5008 regem
1224 4943 1250 4992 d.
1264 4944 1304 4992 28.
1319 4944 1401 4994 Febr.
1415 4961 1440 4992 a.
1457 4943 1529 4993 totu.
1544 4934 1610 4994 dcta
1629 4944 1693 5007 (vol.
1707 4947 1728 4997 1.

449 5026 630 5091 num.CV11.)
650 5026 757 5076 crimini
775 5025 897 5076 dederat.
