4300 6059
350 712 453 750 nunno
466 713 634 749 conuenerit
648 715 751 751 lvnvnt
766 717 921 754 uovnunntt
935 718 969 752 DE
984 718 1106 754 viarm
1120 718 1243 754 CLAVIV!
1255 719 1290 754 ΙΤ
1302 718 1394 755 BVIM
1406 718 1508 755 uzone
1516 718 1545 755 ΧΑ
1563 689 1636 762 353

349 882 490 948 'concepta
512 883 571 938 est,
601 876 647 949 qui
670 875 743 932 velut
765 875 846 951 periti
868 875 986 935 artifices
1007 877 1035 933 in
1057 893 1142 934 unum
1163 879 1355 936 convenientes
1377 879 1477 936 clavena
1499 896 1550 937 sno
1573 896 1626 937 con

350 959 422 1016 ‘silio
444 958 644 1018 conflaverunt:
674 962 772 1019 clavem
801 963 935 1036 quandam
958 963 1046 1037 ipsum
1070 962 1222 1038 symbolum
1244 962 1370 1032 dixerim,
1400 981 1448 1038 per
1470 964 1542 1039 qnod
1564 982 1639 1022 rese·

350 1052 455 1101 ‘rantur
476 1044 578 1103 diaboli
600 1046 734 1109 tenebrae,
757 1056 789 1104 ut
810 1048 856 1104 lux
877 1046 978 1104 Christi
1000 1048 1137 1115 adveniat,
1168 1048 1328 1123 aperiuntur
1350 1050 1524 1107 conscientia
1546 1049 1638 1108 clausa

350 1137 484 1204 ‘peccatu
507 1139 539 1186 ut
561 1131 673 1192 institiae
696 1132 818 1208 fulgeant
840 1150 923 1208 opera
937 1133 1090 1191 manifesta.
1127 1134 1191 1191 llaec
1205 1135 1292 1208 igitur
1306 1134 1388 1191 clavis
1404 1135 1530 1192 omnibus
1546 1144 1639 1192 osten·

328 1215 447 1272 s‘denda
468 1225 525 1279 est,
548 1226 579 1273 ut
601 1218 701 1292 singuli
725 1227 851 1294 tanquam
873 1217 1000 1293 discipuli
1015 1218 1088 1274 Petri
1111 1219 1216 1276 inferna
1238 1219 1289 1276 sibi
1309 1236 1446 1283 reserare,
1469 1220 1555 1277 coelos
1575 1239 1638 1295 ape·

350 1301 415 1357 ‘rire
437 1303 636 1360 consuescant’
680 1304 811 1361 Omnibus
832 1304 891 1362 haec
912 1303 995 1374 clavis
1017 1304 1079 1362 data
1101 1313 1158 1368 est,
1186 1321 1241 1360 nou
1264 1305 1325 1369 uni;
1354 1306 1408 1361 imo
1431 1306 1455 1362 si
1476 1306 1560 1364 mavis
1582 1307 1637 1368 uni.
1652 1309 1698 1361 bt.

350 1401 446 1441 omnes
468 1387 541 1447 enim
562 1386 623 1444 lidei
646 1388 751 1447 unitate
774 1408 844 1446 unus
866 1407 961 1446 sumus
975 1389 1088 1453 Petrus;
1111 1408 1142 1446 er
1165 1408 1218 1464 qua
1240 1388 1302 1446 fidei
1323 1389 1397 1448 clave
1419 1398 1446 1445 et
1468 1391 1562 1465 plures
1577 1409 1641 1449 cou-

350 1468 466 1526 ilantur:
489 1481 531 1530 tot
551 1471 641 1530 claves
664 1474 756 1550 itaque
778 1484 843 1546 sunt
865 1484 933 1549 quot
947 1484 1052 1549 portae:
1075 1475 1180 1531 iustitia
1195 1475 1308 1532 iustitiae
1323 1484 1403 1550 porta
1418 1475 1553 1553 aperitur,
1577 1494 1642 1533 con·

351 1554 464 1612 tinentia
487 1557 625 1632 pudicitiae
647 1568 727 1634 porta
750 1569 902 1623 reseratur.
925 1569 953 1616 et
975 1560 1014 1616 sic
1030 1560 1056 1614 in
1073 1559 1190 1635 singulis
1206 1559 1359 1635 quibusque
1374 1561 1530 1617 virtutibus.
1554 1562 1642 1617 omnis

318 1654 343 1695 ro
355 1640 426 1696 enim
449 1643 554 1716 species
575 1644 716 1709 virtutum,
738 1662 799 1702 cum
816 1647 876 1719 quis
890 1663 949 1702 eam
965 1644 1079 1720 coperit
1093 1645 1211 1720 operari,
1234 1646 1310 1719 quasi
1326 1645 1384 1720 ipsa
1399 1662 1428 1701 sc
1443 1645 1565 1720 adaperit
1580 1654 1643 1703 ante

351 1742 414 1782 eum
429 1726 478 1800 qui
499 1730 646 1787 accesserit
666 1731 699 1787 ad
720 1748 778 1787 eam
801 1748 833 1787 ex
854 1731 950 1793 corde.
972 1730 1084 1786 domiuo
1096 1729 1221 1788 videlicet
1236 1747 1293 1787 eam
1309 1731 1447 1804 aperiente
1462 1747 1512 1805 per
1525 1731 1642 1805 gratiam

351 1827 430 1867 suam
450 1812 478 1868 ei
500 1815 546 1889 qui
568 1831 583 1872 a
605 1815 695 1889 portis
717 1815 866 1873 interorum
881 1833 944 1880 ⁴nim
966 1815 1050 1871 luerit
1072 1815 1183 1894 ιιιιιιε.Ι
1210 1813 1384 1890 Quapropter
1411 1816 1522 1873 sinistre
1544 1816 1642 1875 homae
1655 1824 1702 1876 l-e.

351 1912 405 1952 nus
419 1899 545 1970 pontifex
560 1898 714 1958 adulatione
729 1900 831 1964 victus,
856 1901 971 1958 obrutus
994 1901 1148 1974 ignorantia
1170 1909 1198 1958 et
1218 1900 1367 1975 cupiditate
1390 1910 1539 1958 excecatus
1556 1901 1643 1958 inanis

352 1979 450 2052 gloria
472 2000 501 2040 se
522 1983 610 2042 claves
633 1994 760 2059 tanquam
783 1986 883 2042 Christi
906 1993 934 2042 et
955 1985 1028 2042 Petri
1050 1985 1182 2048 vicarius,
1206 1985 1252 2060 qui
1276 1994 1364 2041 tamen
1386 1986 1515 2043 uicarium
1539 1986 1566 2041 in
1590 1994 1644 2042 ter·

316 2081 344 2122 ts
355 2065 395 2120 ris
418 2065 500 2126 babet
520 2069 639 2133 nubum,
662 2069 799 2145 gloriatur
820 2070 971 2146 accepisse.
993 2087 1049 2126 non
1073 2069 1227 2144 intelligens
1243 2069 1343 2126 Christi
1364 2069 1466 2128 dictum
1489 2069 1557 2126 ‘Tibi
1573 2070 1643 2126 dabo

352 2149 452 2207 ‘clares
473 2156 551 2229 regni
573 2155 714 2213 coelorum.
757 2148 940 2231 quodcunque
961 2155 1088 2229 ligaveris
1111 2164 1331 2230 superterram,
1354 2155 1407 2211 erit
1429 2154 1543 2228 ligatum
1565 2164 1593 2211 et
1615 2157 1643 2212 in

352 2235 454 2303 ‘ciclis
482 2249 509 2297 et
532 2241 712 2315 quodcunque
740 2240 854 2298 solveris
876 2258 961 2315 super
982 2249 1097 2304 terram.
1129 2241 1182 2297 erit
1204 2240 1325 2297 solutum
1347 2240 1374 2296 in
1403 2235 1503 2303 cetis’;
1532 2239 1643 2315 ‘aliquid

352 2321 414 2377 'sibi
436 2341 469 2381 en
490 2325 679 2400 phariseorum
702 2326 815 2383 assumit
837 2324 998 2400 supercilio,
1028 2335 1060 2382 nt
1089 2325 1130 2383 vel
1160 2326 1269 2382 damnet
1290 2325 1450 2381 innocentes
1471 2323 1514 2380 vel
1535 2342 1566 2383 se
1588 2324 1643 2382 sol·

352 2413 423 2462 ‘vere
445 2411 544 2467 noxios
565 2411 728 2474 arbitretur,
757 2429 817 2468 cnm
841 2411 911 2484 apud
933 2410 1030 2474 deum’,
1060 2418 1128 2466 teste
1150 2409 1329 2486 Hieronymo,
1358 2419 1422 2467 ‘non
1443 2412 1579 2467 sententia
1601 2428 1643 2468 sa·

315 2494 518 2559 sacerdotnm.
546 2494 594 2552 sed
616 2513 726 2553 reorum
749 2496 803 2552 vita
826 2491 983 2570 quaeratur!
1026 2493 1177 2551 Ridiculum
1198 2487 1293 2552 revera'
1314 2504 1356 2551 est
1379 2504 1409 2551 nt
1430 2495 1550 2553 dicamus
1579 2512 1642 2551 cnm
1656 2504 1702 2556 §.a

352 2575 400 2648 qui
423 2579 537 2637 vinculis
567 2588 740 2654 peccatorum
769 2598 881 2638 snorum
909 2578 1010 2654 ligatus
1039 2588 1081 2636 est
1103 2588 1131 2635 ct
1153 2579 1237 2636 trahit
1258 2590 1367 2654 peccata
1389 2597 1438 2636 sua
1460 2579 1531 2636 sicut
1553 2581 1642 2639 funem

350 2659 465 2737 longum
487 2674 515 2722 et
537 2673 664 2740 tanquam
686 2663 750 2739 ing'e
772 2666 861 2722 larum
883 2664 961 2721 vituli
982 2664 1141 2738 iniquitates
1162 2681 1239 2727 suas,
1261 2673 1376 2739 propter
1397 2664 1448 2721 boc
1470 2664 1559 2721 solum
1575 2682 1644 2738 qno·

351 2744 423 2805 niam
437 2748 589 2825 Episcopus
610 2751 724 2814 dicitnr,
747 2750 847 2808 babere
868 2750 1024 2806 huiusmodi
1046 2756 1226 2823 potestatem,
1249 2758 1281 2805 ut
1302 2749 1386 2805 soluti
1409 2748 1443 2806 ab
1465 2766 1499 2805 eo
1521 2751 1576 2806 sint
1598 2768 1643 2806 so·

351 2828 403 2890 luti
427 2834 454 2891 in
476 2833 560 2899 cislo.
585 2845 632 2894 ant
653 2835 731 2909 ligati
752 2836 780 2892 in
804 2837 885 2894 terris
909 2836 964 2891 sint
985 2832 1062 2909 ligati
1084 2836 1113 2891 in
1135 2832 1215 2891 coelo.
1253 2831 1318 2901 Quae
1342 2834 1427 2907 igitur
1441 2834 1576 2890 dementia
1589 2835 1642 2892 llo·

315 2928 462 2977 camanum
489 2921 563 2995 cepit
591 2920 751 2996 praesulem,
781 2930 812 2977 nt
840 2922 887 2995 qui
914 2919 982 2977 nihil
1003 2920 1077 2977 Petri
1099 2918 1210 2982 habeat,
1239 2918 1307 2976 banc
1329 2918 1382 2975 sibi
1404 2918 1539 2975 adscribat
1560 2928 1639 2994 pote·

351 3013 464 3068 sutem.
488 3006 542 3062 imo
563 3005 670 3063 vinctus
692 3006 815 3064 uitiiset
837 3005 942 3080 angelis
963 3013 992 3062 et
1013 3004 1181 3061 daemonibus
1204 3005 1339 3078 imperare
1353 3003 1466 3062 audeat?
1489 3003 1557 3059 hndi
1572 3004 1640 3061 Pau·
1655 3017 1702 3069 ιιι.

350 3081 422 3147 lum:
446 3090 491 3147 'sit
513 3091 661 3164 episcopus
676 3091 721 3165 qni
737 3090 852 3148 alterum
866 3089 935 3165 ligat
949 3099 977 3146 et
992 3089 1088 3154 solvit,
1110 3088 1372 3163 irreprehensibilis,
1394 3087 1517 3150 sobrius,
1540 3098 1640 3152 castus,

351 3177 489 3238 ‘ornatus
517 3174 675 3250 hospitalis,
704 3175 844 3238 docibilis.
872 3192 928 3233 non
950 3174 1118 3237 vinolentus,
1148 3191 1203 3230 non
1233 3190 1396 3248 percussor,
1423 3173 1470 3229 sed
1492 3173 1642 3238 modestus,

349 3261 415 3316 ‘non
437 3259 584 3334 litigiosus,
607 3277 663 3316 nou
685 3263 847 3336 concupitor
867 3261 1051 3335 pecuniarum,
1074 3259 1143 3316 bene
1165 3259 1315 3332 presidens
1329 3259 1421 3315 domni
1436 3259 1517 3314 sum’:
1540 3259 1562 3314 si
1579 3258 1641 3316 talis

316 3344 450 3409 ”luerim
473 3361 529 3401 non
551 3345 653 3402 iniuste
674 3346 769 3419 ligabit
792 3363 875 3419 super
897 3354 1010 3408 terram.
1034 3361 1122 3419 neque
1143 3345 1202 3400 sine
1224 3343 1324 3401 iudicio
1340 3341 1443 3407 solvet;
1464 3344 1552 3417 siquis
1568 3361 1640 3406 vero,

352 3438 391 3505 ut¹
405 3431 443 3486 ita
464 3430 564 3494 dicam.
587 3431 670 3488 luerit
685 3430 783 3488 Petrus
805 3439 833 3487 el
854 3447 911 3488 non
932 3429 1057 3487 babuerit
1080 3447 1140 3504 qnae
1164 3430 1191 3484 in
1213 3427 1266 3486 hoc
1288 3428 1350 3485 loco
1371 3428 1500 3484 dicontur
1515 3429 1592 3502 quasi
1607 3429 1640 3485 ad

350 3514 474 3576 Petrum,
498 3525 526 3572 ct
547 3517 681 3589 putaverit
703 3533 732 3573 se
755 3532 835 3590 posse
858 3517 996 3590 ligarent
1018 3515 1074 3571 sint
1096 3514 1178 3587 ligata
1201 3514 1227 3569 in
1249 3513 1334 3576 coeto,
1356 3522 1384 3569 et
1406 3512 1564 3570 solverent
1586 3515 1641 3569 sint

352 3600 441 3656 soluta
465 3600 491 3655 in
515 3600 599 3663 coelo.
623 3601 682 3675 ipse
704 3617 734 3657 se
756 3599 827 3658 lallit
848 3618 903 3659 non
926 3599 1082 3674 intelligens
1103 3598 1271 3656 voluntatem
1293 3597 1453 3673 scripturae,
1481 3606 1509 3653 et
1529 3596 1640 3654 iubatus

351 3683 446 3741 incidit
474 3685 501 3740 in
530 3685 658 3742 iudicium
686 3685 796 3742 diaboli.
840 3685 898 3741 Non
926 3684 1098 3742 adscribatur
1124 3683 1173 3740 ulli
1201 3683 1341 3740 hominurn
1362 3683 1463 3739 virtute
1484 3683 1638 3755 evangeliea
1653 3697 1699 3745 §.e

315 3767 433 3843 ”posse
455 3769 593 3826 dimittere
615 3769 770 3827 hominibus
792 3779 916 3845 peccata,
945 3770 1167 3845 quemadmodum
1194 3767 1387 3826 simulachrum
1414 3768 1468 3825 hoc
1495 3768 1637 3841 gloriatur.

349 3855 453 3911 inscius
475 3853 539 3929 quid
562 3855 662 3911 dimitti
684 3864 731 3912 aut
754 3855 821 3911 solvi
843 3864 984 3930 peccatum
1006 3856 1057 3910 sit:
1086 3863 1156 3912 ‘cnm
1184 3855 1256 3910 enim
1277 3854 1465 3915 dimittuntur,
1493 3851 1639 3909 solutione'

349 3938 533 4012 Hieronymus
555 3940 608 4003 ait.
637 3949 699 3995 ‘non
722 3940 859 4013 indigent,
889 3941 1000 3997 audiens
1023 3940 1049 3994 in
1072 3938 1213 4012 evangelio
1237 3938 1375 4000 “Confide.
1404 3937 1472 4000 iilia,
1499 3938 1639 3993 dimittun-

350 4031 406 4081 ‘tur
427 4023 477 4080 tibi
499 4033 609 4099 peccata
633 4025 709 4081 tna”!
733 4025 779 4081 Cui
803 4034 892 4081 antem
916 4023 1072 4086 solvuntur.
1096 4033 1243 4098 propterea
1265 4022 1424 4086 solvuntur.
1447 4023 1639 4097 quiapurgata

351 4118 426 4165 ‘sunt
449 4118 476 4164 et
498 4108 590 4166 soluta
611 4127 661 4184 per
689 4110 801 4183 poenas!
846 4109 1080 4185 ‘quemadmodum
1108 4110 1135 4164 in
1156 4108 1275 4165 Levitico
1305 4107 1338 4163 de
1366 4108 1484 4182 leprosis
1512 4106 1638 4181 legimns.

316 4193 406 4251 ⁴⁰‘ubi
429 4193 559 4251 iubentur
578 4202 610 4250 nt
632 4194 776 4250 ostendant
798 4212 827 4251 se
849 4194 1050 4255 sacerdotibus,
1074 4202 1102 4250 et
1124 4194 1147 4249 si
1169 4192 1271 4267 lepram
1294 4193 1450 4255 habuerint,
1474 4201 1538 4248 tnnc
1559 4210 1575 4248 a
1598 4211 1640 4249 sa·

349 4280 472 4336 ‘cerdote
493 4280 584 4336 mundi
607 4279 687 4342 liant,
716 4297 770 4336 non
800 4297 854 4354 qno
882 4281 1037 4336 sacerdotes
1065 4277 1192 4352 leprosos
1221 4279 1321 4334 faciant
1342 4287 1370 4333 et
1398 4277 1563 4342 immundos,
1592 4277 1638 4333 sed

352 4445 553 4455 ——--.-—-—

417 4545 429 4580 ¹
447 4548 554 4599 clavem
573 4548 644 4599 enim
664 4564 688 4613 q.
703 4548 745 4596 I'a.
760 4546 848 4596 Ambo.
917 4545 927 4577 ⁴
947 4546 1045 4612 ‘Igitur
1066 4544 1126 4595 haec
1145 4544 1233 4596 clavis
1256 4545 1427 4595 ostendenda
1446 4550 1489 4594 est
1507 4545 1638 4597 iratribus

350 4633 463 4696 besteis,
481 4637 512 4683 nl
530 4637 558 4683 et
570 4633 623 4699 ipsi
636 4637 775 4697 tamquam
789 4630 917 4695 discipuli
929 4630 1014 4681 Petri‘
1026 4644 1057 4684 ιι.
1071 4632 1115 4682 Ps.
1129 4630 1216 4680 Ambr.
1264 4628 1286 4662 ¹⁰
1304 4630 1410 4696 ceperit
1423 4634 1447 4679 t.
1500 4628 1521 4662 ¹⁸
1539 4630 1635 4680 Maian.

350 4717 370 4768 1.
384 4735 408 4769 c.
457 4716 478 4750 ¹¹
496 4713 656 4785 aliquidue]
672 4717 762 4767 Locus
775 4720 818 4766 est
830 4716 989 4778 Hieronym.
1003 4731 1064 4767 mox
1078 4716 1125 4765 cit.
1173 4713 1194 4748 ¹⁹
1212 4714 1370 4780 Hieronym.
1386 4730 1482 4764 comm.
1496 4715 1525 4764 in
1538 4729 1637 4781 evang.

350 4802 449 4853 Maean.
462 4802 480 4853 l.
493 4818 517 4853 c.
531 4802 603 4867 (VII.
615 4818 641 4868 p.
657 4801 715 4852 124.
729 4801 779 4866 sq.)
836 4799 859 4832 ²⁶
877 4799 962 4865 coepit
980 4803 1003 4850 1.
1061 4797 1115 4832 ¹⁵²⁷
1132 4799 1210 4850 Paul.
1225 4815 1266 4865 ep.
1280 4799 1302 4849 I.
1317 4799 1352 4849 ad
1364 4798 1484 4849 Timoth.
1498 4799 1549 4849 111.
1563 4800 1635 4849 2...4.

350 4886 372 4920 ⁸⁸
391 4884 463 4954 cum]
484 4889 527 4938 cui
540 4888 649 4939 Hieron.
702 4886 724 4919 ³⁷
741 4888 901 4950 Hieronym.
915 4900 1010 4934 conam.
1025 4884 1054 4933 in
1066 4883 1132 4934 Issi.
1147 4884 1242 4950 proph.
1255 4883 1303 4933 lib.
1317 4885 1364 4933 lx.
1377 4882 1450 4933 cAO.
1464 4882 1520 4942 (IV.
1534 4881 1636 4947 paldo.)

358 4972 466 5038 indiget
483 4973 592 5024 Hieron.
645 4971 743 5022 Matth.
759 4971 808 5021 lx.
822 4971 845 5020 ¹2.
860 4974 888 5019 et
899 4970 1015 5020 Hieron.
1028 4968 1045 5017 l.
1060 4985 1084 5018 c.
1098 4968 1145 5028 iili,
1198 4968 1220 5000 ³⁹
1238 4968 1438 5033 quemadmod]
1456 4968 1511 5016 Hic
1530 4982 1636 5032 quoqne

351 5056 429 5107 locus
447 5071 483 5106 ex
499 5056 611 5109 Hieron.
626 5073 722 5108 comm.
737 5057 772 5106 ed
784 5054 882 5106 March.
895 5055 913 5105 l.
927 5070 951 5104 c.
964 5059 1088 5119 sumptus
1107 5058 1157 5105 est.
1209 5054 1330 5105 Levitis.
1343 5053 1419 5103 XIII.
1433 5053 1458 5104 2.
1467 5066 1527 5116 sqq.

414 5141 546 5194 nisam
560 5140 627 5192 Ora.
641 5157 704 5194 von.
717 5142 750 5192 V.
1376 5135 1416 5199 23
