4300 6059
411 736 517 773 ottfflo
529 736 698 772 consuantur
712 737 815 773 BVBVLl
828 737 985 773 101111111111
999 738 1034 775 DE
1047 738 1168 774 vanum
1182 738 1305 773 CLAVIVM
1317 738 1352 772 R'l'
1364 736 1457 773 BVIM
1468 737 1569 774 uolua
1579 738 1606 774 X·
1626 707 1700 780 355

412 907 489 974 pus,
511 897 568 953 sive
583 896 674 953 llomae
697 896 752 952 sive
774 896 890 969 Cugubii
912 897 968 952 sive
984 895 1237 971 Constantinopoli,
1260 896 1379 953 eiusdem
1395 898 1500 961 meriti,
1523 899 1643 955 eiusdem
1659 908 1701 954 est
1774 962 1776 968 Α

412 977 593 1047 ‘sacerdotii';
623 991 725 1038 ‘omues
753 980 941 1055 apostolorum
965 1000 1137 1038 successores
1160 982 1242 1039 suut'.
1285 981 1352 1039 llino
1379 991 1469 1038 ortum
1498 983 1580 1040 habet
1608 988 1770 1041 omnesolt.

413 1066 560 1144 episcopos
582 1066 703 1122 eiusdem
725 1083 785 1123 esse
807 1067 993 1131 auctoritatis;
1016 1066 1107 1123 nullus
1130 1068 1229 1128 maior,
1252 1085 1302 1125 rrec
1322 1067 1420 1124 Petrus
1442 1067 1575 1143 apostolis
1597 1070 1704 1125 caeteris

412 1153 582 1229 praepositus
604 1148 671 1216 tuin
701 1150 753 1208 hoc
775 1152 871 1225 utique
892 1153 987 1209 caeteri
1007 1161 1084 1209 erant
1107 1151 1225 1226 apostoli
1248 1153 1322 1225 quod
1343 1152 1453 1214 Petrus,
1483 1154 1542 1227 pari
1563 1157 1704 1210 consortio

393 1237 526 1314 apraediti
548 1245 576 1293 et
597 1236 711 1293 honoris
734 1246 761 1292 et
783 1238 943 1311 potestatis,
967 1238 1040 1311 quod
1063 1235 1216 1311 evangelica
1239 1255 1290 1293 nos
1313 1237 1410 1294 docent
1432 1238 1547 1313 scripta:
1578 1238 1704 1295 omuibus

414 1331 539 1380 servator
565 1330 662 1378 noster
686 1339 778 1396 parem
806 1322 880 1379 dedit
906 1330 1085 1396 potestatem:
1121 1321 1231 1378 llattbei
1264 1322 1368 1379 decimo
1398 1331 1492 1380 octavo
1521 1327 1614 1381 ‘Amen
1644 1324 1705 1380 dico

414 1408 516 1465 ⁸robis:
540 1424 708 1483 quaecunque
730 1406 905 1481 alligaveritis
927 1425 1010 1482 super
1032 1416 1147 1470 terram,
1170 1415 1250 1463 erunt
1271 1406 1355 1482 ligata
1378 1409 1406 1463 iu
1428 1408 1513 1472 coelo,
1535 1416 1563 1465 et
1578 1426 1707 1483 quaecun-

415 1502 478 1568 ⁴que
501 1492 638 1549 solveritis
661 1508 744 1566 super
767 1500 880 1556 terram,
909 1503 989 1550 erunt
1011 1492 1103 1550 soluta
1125 1494 1152 1548 in
1174 1487 1263 1550 coelo'.
1307 1501 1335 1549 et
1355 1492 1463 1550 loannis
1485 1494 1617 1568 vigesimo
1640 1494 1707 1550 dixit

415 1578 491 1635 lesus
512 1575 654 1652 discipulis
677 1577 749 1633 “Pax
770 1577 861 1635 vobis!
891 1577 963 1635 sicut
989 1579 1062 1634 misit
1090 1595 1132 1634 me
1160 1587 1250 1658 pater,
1280 1577 1317 1633 ita
1339 1594 1391 1652 ego
1414 1580 1494 1634 mitto
1516 1575 1590 1636 vos''.
1636 1579 1707 1635 'llaeo

385 1673 490 1720 xe‘cum
511 1662 637 1724 dixisset,
666 1660 737 1719 llavit
765 1663 792 1717 in
821 1680 868 1719 eos
898 1671 924 1719 et
946 1664 1012 1720 dicit
1041 1664 1080 1719 eis
1103 1664 1242 1738 “Accipite
1270 1663 1395 1737 spiritum
1423 1671 1560 1720 sanctum:
1589 1680 1707 1738 quorum

418 1747 590 1805 ‘remiseritis
613 1755 737 1822 peccata,
760 1749 938 1804 remittuntur
959 1749 1013 1811 eis,
1037 1764 1264 1822 quorumcunque
1280 1748 1463 1811 retinueritis,
1486 1757 1591 1805 retenta
1607 1748 1706 1805 sunt”.'

417 1833 523 1891 Rursus
546 1849 655 1907 quoque
676 1849 737 1888 oum
758 1834 900 1889 contentio
922 1833 994 1890 inter
1015 1833 1158 1908 apostolos
1181 1833 1321 1889 oriebatur
1342 1833 1403 1907 quis
1425 1851 1520 1890 eorum
1549 1834 1636 1891 maior
1664 1835 1775 1891 lla-§.tu

417 1928 499 1975 turus
521 1925 607 1987 esset.
630 1919 771 1992 respoudit
785 1918 909 1974 Christus
933 1918 1028 1992 ‘Reges
1050 1919 1174 1992 gentium
1196 1918 1370 1974 dominantur
1390 1919 1444 1981 eis,
1466 1927 1494 1974 et
1516 1921 1562 1993 qui
1585 1926 1707 1993 potesta·

418 2014 483 2060 ‘tem
505 2003 606 2059 habeut
628 2020 711 2078 super
732 2020 791 2065 eas,
820 2002 931 2060 benessci
960 2013 1104 2061 vocantur:
1134 2021 1181 2059 vos
1209 2011 1299 2059 eutem
1322 2020 1377 2059 non
1400 2003 1453 2066 sic;
1482 2003 1529 2060 sed
1552 2005 1598 2078 qui
1622 2006 1708 2061 maior

384 2097 472 2147 ta‘est
494 2089 521 2144 in
543 2087 634 2152 vobis,
663 2087 709 2143 liat
732 2089 803 2146 sicut
825 2088 928 2159 minor,
957 2097 984 2144 et
1015 2089 1061 2163 qui
1085 2088 1212 2163 princeps
1233 2097 1275 2143 est
1297 2087 1369 2144 sicut
1391 2088 1437 2162 qui
1459 2089 1603 2145 ministrat.
1647 2107 1708 2146 nam

419 2182 492 2230 ‘uter
513 2173 600 2229 maior
622 2180 678 2236 est,
708 2175 754 2247 qui
777 2173 910 2230 accumbit
940 2190 973 2230 an
996 2175 1042 2248 qui
1065 2174 1218 2229 ministrat?
1247 2190 1336 2229 nonne
1360 2174 1406 2246 qui
1426 2171 1577 2230 accumbit?
1606 2183 1632 2230 at
1654 2190 1707 2248 ego

419 2260 457 2315 ‘in
478 2258 568 2314 medio
591 2267 709 2314 vestrum
732 2276 792 2315 sum
815 2267 845 2315 ut
868 2259 913 2332 qui
937 2260 1091 2316 ministrat'.
1135 2260 1227 2331 Aequa
1250 2257 1336 2331 igitur
1357 2265 1494 2332 potestas,
1518 2257 1610 2315 nullus
1632 2260 1781 2333 prin-cu.

417 2345 542 2418 cipatus;
570 2359 665 2400 omnes
693 2344 764 2399 euim
793 2361 876 2400 unum
899 2361 1008 2408 sumus;
1038 2361 1094 2399 non
1116 2352 1159 2399 est
1180 2360 1275 2399 servus
1303 2359 1392 2416 neque
1418 2344 1560 2407 dominus.
1588 2361 1643 2400 non
1667 2362 1710 2401 sa·

419 2431 498 2504 piens
520 2437 567 2485 aut
589 2428 737 2503 insipiens;
764 2446 848 2485 unum
870 2445 972 2503 corpus
994 2446 1087 2485 sumus
1109 2428 1137 2482 in
1160 2427 1267 2483 Christo
1290 2427 1350 2484 lesu
1373 2429 1484 2484 domino
1507 2437 1622 2493 uostro;
1651 2429 1710 2504 ipse

382 2514 510 2576 roradix,
540 2529 591 2569 nos
613 2513 693 2575 rami,
726 2514 785 2587 ipse
807 2513 886 2576 vitis,
914 2528 965 2570 nos
987 2513 1123 2588 palmites.
1167 2511 1219 2567 Sed
1242 2512 1305 2585 quid
1329 2514 1466 2587 sapientes
1489 2512 1528 2569 illi
1559 2513 1710 2570 obiiciunt?

418 2597 621 2655 auscultemus:
651 2599 698 2654 uni
720 2599 801 2655 Petro
824 2615 938 2655 numero
960 2597 1092 2672 singulari
1120 2597 1188 2652 dixit
1210 2597 1277 2652 ‘Tibi
1306 2596 1376 2652 dabo
1404 2596 1493 2653 claves
1521 2600 1599 2673 regni
1628 2599 1711 2655 coelo·

419 2684 506 2746 ‘rum'‚
529 2698 584 2739 uon
606 2682 710 2739 ‘vobis'.
753 2683 898 2757 Egregium
920 2691 1120 2743 commentum.
1145 2682 1263 2737 inventio
1286 2681 1415 2736 humana!
1439 2699 1551 2755 serpens
1575 2682 1620 2739 ille
1643 2684 1712 2739 ariti-

420 2785 508 2842 quus.
531 2768 578 2842 qui
601 2767 739 2824 mendacio
762 2769 878 2842 primum
902 2767 1008 2825 seduxit
1031 2768 1181 2828 hominem,
1204 2773 1351 2840 postquam
1373 2783 1461 2839 genus
1483 2767 1630 2824 humanum
1653 2784 1712 2823 ere·

418 2861 498 2929 ptum
521 2870 536 2909 e
559 2852 682 2909 lancibus
705 2854 776 2915 suis,
807 2853 880 2926 quod
901 2862 1010 2928 captum
1034 2851 1117 2925 longo
1141 2858 1266 2907 tenuerat
1288 2860 1427 2925 tempore,
1455 2850 1555 2908 Christi
1579 2854 1712 2925 sanguine

386 2938 610 3012 teredemptiooe
638 2938 744 2994 inventa
771 2939 850 3000 vidit,
878 2955 973 2995 novam
1001 2937 1164 3010 excogitavit
1192 2935 1326 2998 fraudem,
1357 2944 1388 2992 ut
1410 2935 1462 2992 sub
1483 2938 1544 3010 ipso
1566 2937 1712 2994 Christiani

419 3022 538 3080 nominis
560 3021 642 3078 titulo
665 3022 741 3078 lallat
764 3024 903 3086 incautos,
933 3030 1021 3079 sectas
1043 3030 1071 3078 et
1094 3021 1240 3077 schismata
1268 3021 1382 3083 invenit,
1413 3021 1511 3096 quibus
1539 3021 1710 3078 subverteret

366 3154 368 3159 .
420 3107 515 3170 iidem,
544 3108 684 3163 veritatem
707 3116 912 3182 corrumperet,
941 3107 1076 3165 scinderet
1103 3107 1259 3163 unitatem·
1289 3105 1422 3162 Unitatem
1451 3105 1501 3162 hae
1529 3106 1709 3180 responsione
1720 3115 1781 3165 tta.

419 3192 482 3249 lldei
503 3193 583 3249 docet
599 3191 734 3249 Christus:
758 3193 922 3266 quaesiverat
945 3189 1123 3266 a'discipulis
1145 3190 1209 3246 ‘Vos
1232 3208 1311 3264 quem
1334 3207 1375 3247 me
1391 3208 1452 3247 esse
1467 3190 1584 3247 dicitisl'
1606 3191 1712 3254 Petrus,

421 3294 455 3333 os
478 3277 599 3333 omnium
621 3276 831 3350 discipulorum,
854 3278 998 3352 respondit
1028 3277 1078 3332 ‘Tu
1099 3294 1130 3332 es
1151 3275 1289 3337 Christus,
1312 3274 1386 3331 lilius
1408 3276 1450 3332 dei
1472 3276 1541 3330 vivi’.
1571 3277 1613 3332 cui
1637 3276 1712 3332 Chri-

388 3369 485 3418 aestus
506 3362 555 3417 ‘'lu
578 3378 608 3418 es
622 3361 719 3418 Petrus
734 3370 761 3419 et
783 3378 866 3436 super
888 3362 965 3419 hane'
987 3361 1048 3418 lldei
1070 3370 1184 3435 ‘petram
1207 3359 1344 3417 aedilicabo
1366 3356 1516 3417 ecclesiam'
1539 3378 1594 3417 non
1617 3361 1713 3417 lloma·

420 3464 497 3510 nam,
521 3447 568 3502 sed
590 3442 703 3503 meam'.
740 3448 903 3521 ‘quicunque
925 3464 968 3504 mc
990 3447 1134 3504 confessus
1156 3445 1240 3501 luerit
1262 3463 1354 3502 coram
1376 3445 1539 3508 hominibus,
1562 3445 1715 3503 confitebor

421 3541 459 3588 ‘et
480 3548 534 3605 ego
556 3547 617 3588 eum
640 3549 732 3588 eoram
754 3541 832 3607 patre
854 3534 933 3595 meo'‚
957 3532 989 3588 ab
1010 3532 1116 3587 unitate
1139 3531 1249 3605 incipit,
1272 3539 1303 3586 ut
1326 3530 1472 3604 sicutipse
1494 3539 1522 3588 et
1537 3540 1615 3604 pater
1629 3548 1714 3587 unum

422 3625 501 3679 sunt.
531 3617 571 3673 sic
600 3624 627 3671 et
650 3614 741 3673 lideles
764 3626 877 3690 totaque
900 3617 1000 3673 Christi
1027 3614 1141 3673 ecclesia
1163 3634 1247 3672 unum
1270 3615 1333 3671 sint.
1379 3615 1532 3672 ‘Exordium
1554 3615 1588 3671 ab
1609 3617 1714 3672 unitate

423 3700 630 3776 proficiscitur.
660 3710 691 3757 ut
718 3702 832 3760 ecclesia
860 3719 914 3758 uua
936 3701 1122 3763 monstretur.
1151 3701 1302 3776 Cyprianus
1324 3700 1371 3757 ait.
1415 3708 1503 3775 ‘quam
1527 3718 1606 3757 unam
1629 3701 1715 3756 eccle·

390 3787 503 3842 arsiam
525 3786 605 3842 etiam
629 3786 655 3841 in
677 3786 783 3845 cantico
806 3788 974 3844 canticorum
997 3787 1110 3860 spiritus
1134 3794 1245 3842 sanctus
1267 3803 1299 3841 ex
1326 3802 1443 3859 persona
1465 3786 1567 3842 domini
1589 3785 1714 3858 designat

422 3880 460 3928 ‘et
479 3871 548 3927 dicit
568 3871 643 3934 „Una
665 3882 708 3928 est
730 3871 856 3929 columba
878 3890 950 3935 mea,
973 3871 1094 3946 perlecta
1116 3888 1188 3933 mea,
1217 3887 1270 3925 uua
1293 3880 1336 3926 est
1357 3872 1437 3926 matri
1461 3888 1530 3933 suae,
1559 3871 1645 3927 electa
1667 3887 1714 3943 ge·

423 3956 525 4012 ‘uitrici
548 3951 645 4012 suae’'.'
687 3956 745 4013 lloe
767 3958 879 4013 unitatis
902 3964 1099 4014 sacramentum
1121 3956 1198 4011 divus
1219 3954 1319 4011 Paulus
1341 3954 1455 4029 Ephesis
1477 3956 1598 4012 scribens
1621 3965 1781 4016 osten-§.tu

423 4041 480 4097 dit:
503 4040 631 4097 'Obsecro
654 4042 711 4098 vos’
733 4043 770 4097 ait
794 4052 854 4116 ‘ego
876 4043 983 4098 vinctus
1006 4042 1032 4096 in
1055 4041 1180 4102 domino,
1210 4048 1240 4096 ut
1260 4040 1341 4114 digne
1364 4039 1522 4104 ambuletis,
1551 4049 1582 4096 ut
1603 4040 1715 4114 dignum

424 4134 477 4182 ‘cst
498 4125 640 4182 vocatione
663 4138 716 4200 qua
738 4128 825 4184 vocati
848 4129 929 4188 estis.
958 4144 1018 4184 cunr
1048 4127 1121 4181 omni
1150 4124 1331 4182 submissione
1354 4143 1384 4182 ac
1406 4126 1624 4188 mansuetudine.
1653 4143 1715 4182 cum

391 4212 517 4267 tt‘animi
540 4209 664 4273 lenitate.
688 4211 837 4268 tolerantes
859 4230 907 4267 vos
930 4213 1043 4269 invicem
1066 4211 1213 4271 charitate.
1237 4209 1377 4265 studentes
1393 4227 1499 4266 servare
1514 4212 1644 4267 unitatem
1661 4212 1716 4283 spi·

425 4297 505 4352 ‘ritus
528 4313 578 4370 per
598 4295 734 4352 vinculum
763 4297 852 4371 pacis:
882 4314 964 4352 unum
994 4313 1095 4369 corpus
1124 4304 1151 4351 et
1180 4312 1251 4350 unus
1280 4296 1407 4368 spiritus,
1435 4296 1660 4369 quemadmodum
1687 4303 1715 4351 et

425 4381 523 4437 ‘vorati
546 4381 613 4437 estis
636 4381 663 4436 iu
685 4399 738 4437 una
761 4398 809 4455 spe
831 4382 981 4438 vocationis
1004 4390 1118 4443 vestrae;
1150 4397 1219 4435 unus
1249 4379 1374 4434 dominus
1402 4389 1429 4435 et
1459 4398 1510 4437 una
1532 4380 1607 4442 fides,
1631 4398 1714 4436 unum

426 4466 584 4540 baptisma,
614 4482 685 4522 unus
713 4466 780 4522 deus
808 4474 835 4522 et
857 4476 935 4541 pater
958 4465 1076 4522 omnium
1106 4465 1151 4539 qui
1175 4472 1217 4519 est
1240 4467 1433 4537 superomnia
1457 4474 1484 4521 et
1506 4482 1556 4539 per
1578 4466 1666 4523 omnia
1689 4474 1716 4521 et

494 4733 739 4784 ‘amttnxvnx
754 4732 794 4784 18.
859 4732 1176 4784 tloann.xx.2l...23.
1241 4730 1262 4765 ¹⁸
1279 4731 1569 4782 Lue.xx11.aa...27.
1630 4731 1654 4766 ²⁰
1671 4732 1716 4786 cr.
1751 4722 1790 4782 ,²

425 4818 521 4869 Ioenn.
534 4818 593 4868 XV.
606 4819 631 4868 5.
645 4824 675 4870 et
686 4821 771 4886 Apoc.
784 4806 872 4872 XXII.
887 4816 926 4869 16.
978 4814 1000 4849 ²²
1017 4833 1090 4883 serp.
1106 4815 1201 4883 antiq]
1217 4815 1530 4884 apocatxnuxxe.
1582 4815 1716 4870 ”matth

426 4904 500 4954 xvt.
516 4903 557 4953 15.
572 4901 611 4954 16.
626 4902 666 4953 18.
719 4903 740 4936 ³¹
760 4902 841 4969 quic]
860 4903 959 4952 Motth.
972 4903 1005 4951 X.
1019 4900 1060 4952 31.
1081 4903 1150 4951 Luc.
1163 4901 1226 4950 llll.
1239 4900 1265 4951 8.
1327 4900 1350 4933 ⁸⁴
1368 4901 1497 4967 Cypriam.
1510 4902 1544 4951 de
1563 4902 1632 4951 unit.
1646 4904 1716 4954 ecel.

427 4990 514 5039 Extat
533 4991 618 5038 etiam
637 4991 666 5039 in
685 4987 1121 5050 con.18.Cous.XlllllI.qu.l.
1185 4985 1206 5016 ³⁵
1225 4986 1333 5037 Cantic.
1348 4991 1421 5037 cont.
1435 4988 1481 5036 Vl.
1493 4987 1518 5037 8.
1582 4983 1604 5019 ⁸⁸
1621 4991 1718 5039 matris

429 5074 526 5124 Curtio.
578 5071 602 5106 ⁸²
619 5073 698 5124 Paul.
713 5089 756 5139 ep.
770 5073 806 5123 ad
817 5072 919 5139 Ephes.
933 5072 980 5122 lV.
997 5070 1064 5124 1...6.
1116 5069 1140 5103 ⁴⁰
1157 5070 1321 5123 tollerantes
1339 5077 1363 5123 l.

1425 5154 1492 5220 23*
