4300 6059
455 677 525 750 156
544 688 646 745 utente
659 709 747 746 MV!
753 693 937 746 chuerum}
941 709 1121 752 onerem.
1129 709 1282 746 GORSVLTT.
1288 708 1341 746 1’10
1354 702 1452 747 lxm).
1459 709 1568 748 0011ss
1581 708 1729 750 'ruffine-

450 887 463 927 s
497 869 508 947 ζ
543 868 575 925 cd
596 868 699 925 bellum
720 877 749 927 et
770 869 801 926 ad
824 869 963 927 uictoriam
984 877 1089 932 essent.
1112 869 1170 927 fieri
1193 877 1321 944 oportere
1340 870 1471 928 diximus:
1493 871 1552 929 baec
1565 871 1670 946 reliqua
1685 873 1731 928 ad·

450 887 568 1011 hffiznta
582 962 645 1010 sunt
661 953 875 1028 optanda-quar
898 961 986 1010 tamen
1008 954 1036 1010 iu
1057 955 1175 1036 domiuo·
1189 954 1349 1032 confidimus
1370 955 1568 1012 habundantius
1590 957 1670 1013 etiam
1691 957 1731 1013 al-

450 1041 549 1096 lutura.
595 1039 656 1114 quis
678 1039 750 1095 enim
771 1039 825 1095 erit
846 1038 932 1097 nobili
954 1037 1065 1114 ingenio
1087 1047 1134 1096 aut
1156 1040 1245 1097 animo
1267 1041 1322 1103 vir,
1353 1041 1399 1115 qui
1428 1054 1483 1096 uon
1505 1057 1633 1098 accensus
1655 1043 1730 1116 cupi·

449 1125 533 1183 ditate
554 1130 625 1180 rore
646 1123 742 1198 glorie
764 1123 870 1182 adhoc
892 1123 991 1180 bellum
1014 1125 1121 1193 studeat
1142 1126 1306 1200 properare?
1329 1126 1390 1199 quis
1409 1125 1523 1199 cupidus
1538 1142 1628 1182 rerum
1643 1127 1730 1184 viseu-

448 1210 558 1277 darum,
582 1208 629 1282 qui
650 1209 700 1266 bac
723 1209 865 1266 occasione
888 1208 977 1267 oblata
1001 1211 1059 1266 suis
1081 1210 1163 1267 armis
1184 1210 1302 1286 arreptis
1316 1226 1372 1266 uon
1387 1211 1440 1267 iter
1453 1211 1645 1285 aggrediatur?
1668 1213 1730 1286 quis
1751 1228 1764 1267 ι

449 1293 540 1353 studio
562 1293 718 1367 acquirendi
740 1295 884 1373 preditus,
907 1295 954 1368 qui
976 1311 1032 1352 uou
1054 1295 1086 1352 ad
1109 1304 1209 1353 mutam
1230 1295 1348 1370 predam
1370 1295 1514 1353 convolet?
1536 1296 1598 1370 quis
1612 1297 1729 1371 denique

448 1379 542 1435 virtuti
565 1386 592 1435 ct
615 1379 768 1436 fortitudini
791 1398 848 1437 suar
870 1379 969 1443 fideus,
998 1380 1128 1461 quibua
1149 1398 1206 1438 eum
1229 1383 1256 1436 in
1279 1381 1331 1439 boc
1351 1379 1535 1455 pulcherrimo
1564 1389 1591 1438 et
1618 1383 1731 1438 sanctis·

449 1465 517 1523 simo
541 1481 624 1539 opere
646 1473 674 1521 et
694 1465 746 1520 deo
769 1474 797 1521 et
818 1464 973 1545 homiuibus
995 1462 1276 1541 relit'iicmprubare?
1299 1484 1360 1537 uam
1382 1465 1428 1522 illa
1449 1483 1510 1540 quae
1529 1473 1594 1523 sunt
1609 1466 1729 1530 maxima,

449 1550 538 1606 bonor
565 1555 592 1605 et
615 1566 689 1607 amor
715 1550 773 1613 dci,
797 1549 870 1607 salus
885 1567 954 1606 verre
970 1542 1187 1614 firdreoetestis
1201 1551 1297 1625 patriae
1313 1550 1451 1625 potiundae
1466 1551 1614 1626 cupiditas,
1637 1568 1731 1608 omnes

448 1635 552 1710 pariter
572 1651 741 1691 commovere
762 1634 913 1696 debebunt.
941 1635 1094 1709 Principes,
1123 1646 1153 1693 ut
1180 1654 1242 1693 suas
1265 1653 1331 1711 opes
1354 1643 1381 1692 et
1410 1635 1614 1699 auctoritatem,
1643 1636 1765 1692 lunesto

450 1720 536 1781 viros.
558 1728 590 1776 ut
611 1737 686 1777 suum
708 1720 851 1784 virtutem,
874 1719 995 1794 reliquos
1018 1738 1097 1784 vero,
1115 1729 1150 1778 'ut
1171 1729 1275 1796 partem
1298 1739 1407 1778 suarum
1429 1720 1594 1778 facultatum·
1610 1722 1639 1777 iu
1657 1738 1731 1778 com·

448 1821 557 1873 munem
578 1821 741 1863 consensum
763 1815 791 1863 et
812 1805 969 1881 praeclaram
1007 1866 1011 1881 ‚
1032 1807 1239 1875 'efflocietatem
1260 1806 1304 1864 dei
1325 1814 1353 1862 ct
1375 1806 1514 1865 hominum
1535 1805 1677 1864 couleraut
1699 1807 1730 1863 ad

448 1890 641 1965 anquirendum
664 1889 717 1947 sibi
738 1892 879 1965 premium
902 1908 957 1949 sem
1000 1882 1123 1973 ernuir'nrp
1141 1909 1202 1950 nam
1224 1908 1385 1966 quamquam
1407 1891 1546 1949 bostiset
1567 1901 1666 1966 poteus
1688 1910 1732 1947 ue·

448 1974 589 2033 humantur
611 1983 640 2032 ct
661 1975 738 2032 seror
760 1976 810 2039 sit,
835 1983 922 2033 tamen
944 1972 1206 2055 homicbmilrtute
1227 1985 1256 2032 et
1277 1975 1393 2034 militum
1416 1975 1516 2035 robore
1536 1994 1569 2034 ac
1589 1974 1732 2051 disciplina

448 2059 529 2134 louge
551 2059 629 2117 nobis
651 2059 765 2116 interior
785 2069 842 2125 est,
866 2076 926 2135 que
949 2061 976 2118 in
994 2048 1189 2127 belbrvalent
1212 2061 1340 2125 maxime,
1370 2069 1415 2125 ut,
1444 2061 1510 2118 deus
1532 2061 1613 2118 modo
1636 2074 1767 2137 procesit

449 2153 558 2201 nostras
580 2144 706 2220 benignis
728 2145 839 2203 auribus
861 2146 1000 2210 admittat,
1023 2147 1059 2203 sit
1081 2145 1160 2203 uobis
1182 2147 1296 2204 victoria
1317 2164 1368 2220 pro
1383 2154 1459 2205 certo
1474 2146 1645 2221 expectanda.
1673 2144 1732 2203 b'ou

449 2246 517 2304 ergo
538 2230 653 2287 deerunt
675 2246 726 2287 uec
747 2248 829 2306 opum
851 2248 901 2288 nec
922 2233 1041 2289 virorum
1056 2249 1152 2307 magua
1170 2231 1304 2294 subsidia,
1325 2230 1538 2290 clarissimorum
1553 2248 1648 2305 regum
1668 2248 1732 2288 suo·
1796 2233 1802 2245 ’

382 2322 405 2374 (ι
421 2323 462 2376 wi
485 2332 545 2371 rum
560 2323 588 2372 et
609 2307 782 2394 princi-lpum
804 2317 929 2388 virtutem
951 2325 1035 2392 atquc
1057 2317 1207 2392 exemplum
1229 2334 1321 2374 omnes
1343 2317 1533 2380 imitabuntur.
1557 2318 1603 2391 qui
1625 2317 1732 2391 quidem

448 2400 585 2474 principes
607 2416 661 2457 uon
684 2399 768 2476 longo
791 2402 899 2465 lebore,
927 2420 977 2461 uec
999 2403 1113 2459 maximo
1135 2410 1246 2477 sumptu
1269 2410 1296 2459 et
1318 2420 1393 2458 suam
1417 2402 1555 2476 augebunt
1576 2402 1626 2458 bac
1648 2401 1731 2467 victo·

371 2536 378 2544 ,
448 2484 489 2542 ria
509 2483 685 2559 dignitatem.
709 2496 736 2543 et
758 2485 836 2544 fidem
857 2488 900 2550 dei
923 2489 964 2545 sui
987 2487 1178 2550 illustrabunt,
1200 2496 1228 2544 et
1250 2486 1444 2562 patrimonium
1465 2486 1563 2543 Christi
1586 2485 1766 2562 amplifica-ro

420 2598 423 2602 ·
449 2569 532 2633 bunt,
561 2569 636 2644 digni
659 2571 706 2646 qui
728 2572 761 2629 ab
784 2572 845 2648 ipso
872 2573 923 2630 deo
953 2572 979 2628 in
1009 2583 1062 2629 tam
1090 2571 1224 2630 excelsum
1254 2571 1387 2629 honorem
1414 2571 1514 2646 regalis
1543 2571 1607 2630 solii
1632 2568 1732 2627 sublati

448 2655 573 2718 suerunt.
595 2672 656 2712 cum
679 2656 749 2731 grati
771 2657 822 2714 deo
845 2658 899 2715 siut
922 2658 1024 2721 futuri,
1047 2659 1095 2731 qui
1117 2658 1170 2715 hoc
1192 2674 1289 2732 opere.
1312 2656 1365 2713 boc
1386 2657 1558 2714 sanctissimo
1580 2655 1653 2713 bello
1667 2673 1732 2713 cou-

448 2748 610 2815 sequeutur.
633 2751 664 2798 ut
685 2751 786 2816 preter
807 2740 1042 2817 amplificationem
1067 2760 1149 2817 opum
1177 2760 1288 2799 suarum
1321 2741 1512 2816 sempiternam
1541 2741 1648 2799 laudem
1674 2758 1731 2798 sure

447 2826 557 2882 virtutis
579 2826 651 2883 inter
672 2827 796 2885 homines
818 2828 919 2890 lerant.
942 2845 1037 2886 eorum
1058 2836 1149 2885 autem
1171 2828 1280 2885 uomina
1301 2827 1329 2883 in
1351 2826 1427 2885 ecelis
1448 2827 1611 2885 scribantur.

851 2913 945 2970 Priora
967 2913 1154 2991 transierunt.
1168 2913 1236 2969 Μ).
1245 2911 1330 2982 litu.
1739 2926 1766 2968 ra

482 3134 485 3143 ,
531 3076 690 3142 (brunetto
708 3094 760 3143 pro
783 3081 882 3145 cpitopo
905 3081 964 3129 inde
981 3095 998 3129 o
1014 3080 1098 3130 verbis
1120 3080 1190 3130 Item
1213 3079 1237 3128 ai
1259 3081 1362 3143 praeter
1384 3091 1446 3128 eum
1471 3077 1620 3128 exercitum
1642 3079 1732 3128 emim

446 3162 639 3223 „Interieclie”
657 3163 745 3214 scribit
762 3163 920 3227 ‚monnulus
938 3163 972 3214 de
990 3179 1038 3230 epe
1056 3164 1194 3226 victorine,
1214 3177 1275 3214 cum
1292 3164 1369 3213 Deua
1387 3178 1441 3213 non
1458 3163 1497 3214 sit
1513 3161 1669 3225 defuturus,
1690 3167 1732 3212 at·

447 3262 499 3311 que
518 3245 606 3298 hostie
625 3249 724 3298 animis
742 3253 770 3299 et
787 3249 923 3300 industrie
940 3249 1054 3300 militari
1072 3250 1110 3301 sit
1126 3250 1242 3300 inferior
1260 3248 1370 3299 additur
1388 3245 1469 3313 [quod
1484 3250 1555 3313 opud
1570 3248 1690 3298 Bzoor’urrr
1707 3253 1733 3297 et

448 3332 592 3390 wdecim
616 3336 690 3398 quoni
706 3340 808 3398 partem
832 3338 990 3399 superiorum
1018 3336 1184 3399 capitulorum
1209 3335 1324 3396 fuceret,
1353 3334 1408 3384 stne
1433 3335 1628 3398 premonitione
1659 3333 1733 3382 addd-

446 3424 496 3466 tran
513 3414 603 3484 est]:]
1741 3420 1768 3461 :tt

883 3508 919 3564 Ile
940 3508 1084 3565 itineribus
1105 3507 1293 3582 expeditionis.

532 3591 683 3665 Imperator
705 3609 755 3666 pcr
777 3593 844 3648 viam
867 3593 990 3667 Ungarim
1012 3611 1071 3651 curn
1094 3594 1167 3667 Rege
1189 3591 1309 3649 Poloniae
1336 3599 1365 3647 et
1392 3591 1557 3649 electoribus
1584 3609 1645 3649 cum
1668 3609 1734 3666 geu-

449 3677 521 3734 tibus
544 3677 696 3739 Germanis,
719 3677 938 3741 bautzknechtis‚
961 3675 1080 3742 boemis,
1103 3677 1231 3752 Ungaris,
1260 3675 1387 3739 Pclonis,
1416 3677 1506 3740 bacis,
1535 3676 1665 3734 militibus
1689 3695 1733 3733 or-

448 3762 519 3818 dinis
536 3762 756 3825 Teutonicorum,
773 3764 946 3839 septuaginta
961 3763 1082 3821 millibus
1097 3771 1271 3825 armatorum,
1288 3760 1392 3818 scilicet
1407 3762 1527 3836 equitum
1543 3762 1637 3836 viginti
1653 3762 1734 3818 milli·

447 3846 511 3910 bus.
534 3846 568 3903 et*
584 3847 704 3920 peditum
727 3848 923 3923 quiuquuginta
944 3848 1064 3906 millibus
1087 3850 1115 3905 in
1136 3848 1287 3905 ordinantia
1302 3854 1330 3902 et
1344 3847 1415 3903 bona
1430 3848 1509 3922 copia
1523 3855 1730 3904 tormentorum.
1741 3855 1767 3896 ⁸⁵

530 3932 586 3989 lter
608 3931 726 3990 Francia!
749 3951 798 4007 per
820 3935 887 3991 viam
910 3933 973 3991 Fori
995 3933 1055 3991 lulii
1077 3952 1137 3990 cum
1160 3931 1257 3994 Gallis,
1287 3930 1389 3995 Sectis.
1419 3932 1564 3994 Svizzeris,
1587 3932 1731 3989 bethario·

447 4018 503 4092 gis,
527 4017 768 4082 Sabaudiensibus.
798 4019 921 4083 Venetis,
953 4019 1134 4082 Florentinis,
1163 4016 1341 4080 Senensibus.
1369 4016 1554 4079 lucensibus.
1584 4034 1646 4074 curn
1669 4035 1734 4091 qua·

515 4199 896 4268 Ι·ἰι(1ἰιιιιι.]ιιιὶίιιιιαῐιι2.3.
931 4199 1199 4252 ’ebnnd.1,2.3.5.
1245 4197 1366 4249 'animo
1385 4204 1432 4249 aut
1449 4200 1611 4264 ing.2.3.5.
1655 4197 1733 4249 ¹'ub-

446 4287 506 4338 late
518 4291 542 4338 3.
589 4287 681 4337 'virt
695 4287 786 4351 deniq.
799 4290 824 4337 2.
833 4291 889 4338 Μ.
936 4286 1030 4349 ⁷fioe‚
1048 4289 1074 4338 2.
1108 4283 1382 4349 nocputohsrimor.
1417 4281 1491 4334 'dei
1508 4300 1556 4334 orn.
1570 4287 1594 4334 1.
1635 4283 1658 4317 ¹⁰
1675 4285 1734 4349 qui-

446 4372 522 4433 dem,
535 4377 566 4422 ut
579 4375 601 4423 1.
659 4370 678 4405 ¹¹
696 4386 762 4422 vero
774 4388 821 4423 om.
835 4374 860 4421 2.
868 4376 926 4423 M.
963 4370 1017 4404 “⁸¹²
1034 4387 1128 4421 comm.
1143 4385 1218 4421 eone.
1237 4373 1355 4420 eterno.
1373 4416 1377 4424 ,
1402 4367 1456 4402 ¹²·¹⁸
1474 4368 1509 4418 ad
1522 4369 1733 4434 aeq....eempit.

445 4461 531 4507 om.5.
566 4454 587 4487 ¹⁹
606 4456 772 4521 acquirendi
783 4460 809 4506 2.
844 4455 920 4525 num]
936 4459 1023 4520 ,ὶιῐοιι1
1037 4461 1062 4508 5.
1098 4454 1119 4487 ¹⁴
1136 4457 1281 4506 virtutect
1295 4457 1381 4504 ome.
1417 4451 1555 4504 hominum
1568 4457 1596 4504 et
1607 4454 1669 4504 virt.
1683 4453 1733 4503 mi-

445 4541 523 4592 litum
537 4539 576 4593 3!
604 4538 625 4573 ¹⁵
642 4541 720 4592 volet
732 4545 759 4592 3.
806 4541 825 4574 ¹⁸
843 4548 874 4593 ut
890 4543 957 4595 vict.
973 4542 1035 4594 nob.
1047 4541 1096 4603 eit,
1115 4539 1194 4591 modo
1205 4541 1240 4590 D.
1252 4556 1279 4606 p.
1291 4555 1317 4589 u.
1329 4538 1355 4587 b.
1366 4536 1447 4601 edm,
1467 4554 1516 4604 pro
1529 4542 1553 4589 1.
1600 4536 1732 4588 ¹¹uec...

445 4626 565 4676 virorum
576 4641 623 4676 ont.
637 4630 662 4679 5.
699 4626 919 4678 charissimorum
931 4631 956 4677 5.
1005 4624 1059 4659 ¹²⁴⁸
1076 4629 1240 4677 ettonem.
1292 4623 1502 4675 ¹⁸'tt-virtutem
1556 4621 1733 4674 sublatifue-

445 4700 597 4762 tubicine.
632 4707 655 4743 ⁸²
673 4711 847 4763 inorint2.3.
888 4726 948 4762 cum
965 4715 1022 4761 tum
1041 4725 1081 4776 gr.
1094 4714 1120 4761 5.
1165 4709 1217 4761 luco
1235 4710 1410 4761 sanctissimo
1427 4708 1598 4760 helicem.
1646 4705 1732 4764 ”Pr

445 4792 586 4861 tropeien]
599 4797 747 4849 hemerin
764 4798 800 4847 ad
811 4797 890 4848 Pauli
896 4802 928 4845 11.
940 4811 981 4860 ep.
994 4797 1030 4846 ad
1043 4796 1139 4847 Gardt.
1153 4798 1194 4845 17.
1214 4795 1271 4846 Non
1287 4794 1381 4846 babent
1398 4797 1478 4845 1.2.5.
1496 4799 1523 4843 ut
1539 4793 1672 4858 sequentia
1682 4807 1734 4842 non

445 4881 538 4932 habent
555 4887 582 4930 A.
595 4885 652 4932 a.5.
666 4896 746 4948 neque
761 4896 795 4931 ca
811 4883 996 4932 indicaturum
1011 4884 1037 4932 in
1054 4884 1195 4953 principio.¹
1231 4878 1253 4912 ⁸²
1270 4879 1488 4945 ngariaeam
1522 4876 1733 4928 ”bonabosc-

445 4964 501 5016 this
520 4971 546 5018 3.
581 4968 781 5032 Hungundd.
816 4965 1016 5017 Bobomirdd.
1050 4966 1178 5018 Deuis2.
1217 4963 1240 4997 ⁸⁴
1257 4963 1394 5014 Theoti.
1442 4963 1690 5014 xxld.2.3.etric
1706 4964 1733 5011 ιἰι

445 5067 502 5118 sqq.
516 5066 673 5103 numerorum
688 5051 771 5116 dana.
816 5048 839 5084 ⁸¹
855 5049 967 5103 mint·
987 5051 1084 5102 Μαι.
1102 5050 1223 5102 buinaria
1236 5052 1263 5100 3,
1298 5048 1458 5100 scissura.
1496 5045 1714 5114 Lotorinffizd.
