4300 6059
899 1715 1047 1776 vttuuu
1071 1715 1120 1775 DE
1140 1711 1292 1776 HVTFEN

1032 1837 1159 1886 EQVITIS

740 1927 789 1977 AD
809 1899 1004 1978 uuuuuuos
1022 1926 1111 1976 suos
1128 1927 1454 1997 uxuorrrprourvu.

630 2080 792 2169 Dormitum
813 2081 904 2141 nimio
919 2078 992 2159 plus
1014 2087 1072 2151 est,
1097 2081 1241 2158 exurgite‚
1265 2082 1351 2150 cireS,

706 2181 742 2242 Et
764 2200 870 2268 curum⁴
887 2181 970 2242 fracti
993 2182 1131 2259 corripite
1154 2183 1283 2261 irnperii;

631 2284 792 2344 Dormitum
816 2285 904 2343 nimio
927 2283 991 2361 ptus
1014 2292 1071 2344 est:
1094 2285 1156 2344 iam.
1174 2283 1328 2344 Pannonas
1350 2302 1417 2344 acer

382 2370 1339 2466 ‘'ummfflmmffl

632 2485 706 2547 Duru
727 2504 778 2546 vos
800 2504 921 2546 somnus
942 2485 1031 2546 habet
1054 2487 1175 2562 (tanturn
1198 2494 1241 2546 est
1263 2485 1389 2564 vigilare)
1413 2474 1551 2562 pudende

621 2652 628 2665 ,
708 2587 872 2657 Dedecure‚
897 2596 925 2647 et
946 2589 1053 2648 uostris
1076 2587 1207 2647 cladibus
1230 2588 1319 2647 hostis
1341 2588 1432 2647 adest.

634 2691 731 2751 Hostis
754 2690 849 2759 adest,
874 2688 1004 2767 vigitate,
1028 2689 1096 2759 viri,
1122 2687 1235 2767 vigilate
1257 2698 1393 2768 repente:
1503 2683 1505 2686 ’

569 2817 582 2855 s
642 2809 655 2839 ⁸
708 2791 767 2851 lam
792 2791 866 2852 feret
888 2797 1041 2850 externum
1063 2791 1195 2851 Teutone
1219 2799 1296 2851 terra
1319 2794 1434 2869 iugum:

633 2892 695 2953 lluc
718 2890 815 2952 tuterit
836 2891 973 2960 Rhenus,
997 2889 1096 2952 tulerit
1118 2893 1273 2954 Germania
1297 2910 1432 2971 pugnax·

709 2993 762 3054 Hiu'
784 2995 881 3053 Asiam
904 2993 1019 3052 (lomina
1042 3001 1156 3071 sceptra
1179 3002 1279 3055 tenere
1302 2998 1408 3054 rnunu‘?

576 3080 578 3084 Α
634 3096 669 3156 Et
691 3093 769 3173 quod
791 3094 883 3154 Roma
907 3102 1023 3172 potens,
1048 3102 1207 3155 tuncrum
1230 3114 1262 3156 se
1284 3097 1313 3155 in
1336 3096 1408 3155 ssure
1432 3094 1550 3161 videret,

559 3221 584 3261 η
710 3196 775 3257 Non
798 3197 906 3273 potuit,
930 3214 1080 3274 nunquam
1104 3195 1194 3258 Gallia
1218 3198 1296 3275 quod
1319 3200 1422 3275 potuit,

636 3298 698 3359 Nou
722 3297 806 3357 crudi
829 3305 952 3374 potuere
975 3297 1090 3378 Scythae
1111 3299 1238 3377 ltacique
1262 3298 1430 3377 Gethuque,

713 3398 796 3470 Quot
819 3418 877 3459 non
900 3400 1012 3460 finitimi
1034 3401 1165 3461 Sarmata
1189 3399 1286 3461 uultur,
1305 3389 1377 3477 agri,

636 3501 698 3561 Huc
721 3501 838 3563 Tureas
856 3503 984 3579 putuisse
1005 3501 1094 3562 leveis
1117 3503 1178 3561 haer
1201 3502 1304 3562 viderit
1327 3510 1408 3569 sutas,

564 3625 587 3665 re
713 3602 749 3662 Et
770 3602 886 3683 (pudor)
911 3622 945 3663 ex
968 3605 1034 3663 Asia
1056 3606 1181 3664 senserit
1203 3604 1377 3683 imperium?

637 3703 695 3773 th,
719 3703 830 3764 alacres
852 3704 902 3764 ubi
925 3723 1003 3764 nunc
1026 3707 1132 3765 animi?
1156 3708 1236 3784 vigor
1259 3705 1306 3766 ute
1329 3705 1394 3774 ubi,
1418 3707 1504 3773 river,

716 3804 772 3875 Oui
793 3806 903 3873 fuerat,
928 3813 994 3884 pust
1016 3813 1058 3865 tut
1080 3807 1176 3866 secuta
1200 3813 1286 3866 notus
1309 3807 1421 3868 adhue?

639 3907 731 3968 Tanta
755 3913 853 3966 atavos
876 3909 979 3969 secisse
1002 3927 1097 3988 neque
1119 3908 1147 3967 id
1171 3910 1285 3969 nescire
1307 3916 1439 3988 nepoteS,
1546 3921 1551 3932 '

564 4033 588 4072 eu
707 4007 890 4088 Exemplum
913 4011 977 4068 vitre
998 4020 1058 4070 'uon
1081 4028 1186 4088 capere
1209 4010 1276 4070 iude
1299 4012 1413 4070 tarueu‘?

639 4111 715 4171 Eece
738 4112 797 4170 ruit
819 4113 951 4189 victuque
973 4114 1038 4172 Asia
1061 4113 1250 4191 Aegyptoque
1272 4111 1392 4171 subacta

599 4192 603 4201 ⁸
718 4211 801 4282 Quod
825 4220 959 4290 superest
980 4215 1010 4272 in
1032 4231 1087 4274 nos
1110 4216 1223 4291 agmina
1246 4214 1342 4273 Turre
1366 4221 1475 4280 movet,

639 4313 847 4391 Belloruruque
870 4333 972 4376 omues
995 4333 1081 4375 curas
1103 4314 1268 4394 molemque
1294 4313 1451 4391 superbam

564 4440 589 4478 21
716 4416 749 4476 lu
773 4414 897 4494 populos
920 4415 1013 4476 Rheni
1037 4417 1218 4494 Danubtique
1242 4414 1327 4475 uehit.

642 4518 701 4579 Nec
724 4519 819 4586 venit,
842 4525 875 4577 ut
896 4527 1016 4593 regnet,
1041 4520 1118 4578 veuit
1140 4526 1171 4577 ut
1192 4520 1250 4593 (ure
1273 4517 1379 4596 audite)
1404 4516 1540 4586 trucidet,

719 4619 756 4680 Ut
777 4618 904 4696 jugulet,
928 4619 988 4679 sota
1012 4620 1074 4679 haee
1098 4628 1216 4698 pectore
1239 4601 1310 4678 cura
1332 4618 1422 4678 sedet.

469 4812 561 4863 ludio.
576 4808 705 4873 bibliogr.
720 4822 746 4856 n.
760 4806 835 4856 XIX.
853 4804 872 4854 l.
886 4807 910 4855 2.
924 4805 948 4855 4.
984 4806 1044 4855 Non
1063 4811 1140 4854 extat
1158 4806 1185 4854 in
1210 4806 1279 4870 Opp.
1299 4805 1415 4870 poeticis
1440 4820 1465 4853 a.
1487 4803 1560 4853 1538.
1579 4763 1662 4854 editis
1686 4801 1753 4866 (Iud.

1025 4889 1091 4937 bibl.
1107 4890 1201 4952 n.L.).

536 5030 557 5063 ²¹
578 5028 682 5080 saeeula
700 5032 725 5081 t.
