4300 6059
344 747 470 785 ιιιιτιιιιι
484 747 521 784 ιιι
534 746 681 805 reiecisse
692 746 817 783 aramve
827 746 939 783 ccccvii
952 747 1052 784 crucis
1063 747 1203 783 ruri-:asim
1215 732 1537 800 encolismensium)
1559 719 1630 792 133

329 906 424 984 gite,
447 903 596 980 exurgite,
619 919 733 979 quaeso,
761 919 796 961 ac
818 900 888 962 dum
910 902 1007 962 omnia
1029 905 1166 972 serialis,
1197 913 1290 964 restra
1321 906 1437 983 ipuoipue
1464 871 1541 966 salva
1565 905 1631 966 red·

344 1006 422 1074 dite:
443 1004 566 1066 liberate
589 1021 643 1062 nos
664 1022 680 1063 a
703 1004 788 1081 iugo,
811 1004 914 1082 eripite
936 1024 951 1064 e
974 1004 1107 1064 saucibus
1123 1003 1374 1067 truculentissimas
1390 1005 1508 1077 bellum,
1531 1009 1631 1068 delen·

345 1109 405 1169 dite
428 1107 613 1183 religionem,
637 1122 692 1182 pro
716 1122 772 1182 qua
796 1112 839 1165 tot
860 1112 1004 1185 martyres
1019 1124 1077 1165 non
1094 1095 1299 1167 dubitaverunt
1314 1109 1523 1170 contumeliose
1538 1112 1629 1170 mori:

345 1210 449 1269 eodem
474 1207 615 1268 beneticio
637 1206 735 1278 deum,
747 1206 833 1267 simul
854 1225 889 1267 ac
909 1206 1042 1269 homiues
1065 1208 1267 1268 ‹lernerobitisz
1291 1217 1425 1270 revocate
1446 1211 1476 1269 in
1491 1219 1697 1272 melitonem.

318 1319 459 1373 avestros
481 1311 624 1377 maiores:
658 1310 757 1387 ponite
779 1316 846 1368 ante
869 1307 1051 1387 oculosque
1074 1311 1102 1369 iu
1127 1308 1190 1369 loco
1219 1312 1368 1371 constituti
1396 1313 1471 1380 sitis:
1507 1315 1631 1390 cogitate

345 1431 435 1491 quam
457 1413 510 1473 ista
533 1410 615 1470 robis
637 1410 836 1471 conservanda
859 1412 897 1471 sit
918 1411 1056 1488 dignitas,
1081 1430 1167 1489 quam
1184 1413 1289 1473 tuenda
1306 1415 1495 1474 existimatio:
1517 1415 1546 1488 iu
1563 1433 1631 1492 pro·

345 1513 412 1576 clivi
435 1520 479 1574 est
499 1519 532 1577 ut
555 1512 688 1581 vincatis,
712 1510 798 1571 modo
817 1513 939 1573 vineundi
962 1511 1030 1573 belli
1053 1512 1205 1576 consilium
1236 1516 1345 1593 capite;
1377 1533 1482 1592 magna
1510 1523 1554 1576 est
1580 1534 1632 1594 op·

345 1616 526 1695 portemitas,
549 1633 588 1676 ne
609 1615 694 1674 sinite
716 1612 808 1681 elabi:
832 1616 939 1692 optima
963 1615 1093 1685 occasio,
1117 1633 1153 1676 ne
1174 1617 1258 1677 sinite
1274 1618 1439 1694 praeterire
1461 1621 1628 1686 insumam,

346 1735 497 1795 nunquam
520 1718 561 1777 sic
584 1717 637 1776 ista
660 1714 746 1775 simul
768 1716 903 1784 luerunt,
925 1733 1040 1776 sumina
1062 1718 1219 1777 necessitas
1242 1724 1271 1778 et
1286 1720 1396 1797 optima
1412 1721 1535 1779 occasio.
1565 1719 1698 1783 lta-§.roa

312 1813 407 1899 tuque
428 1827 460 1880 ut
481 1819 640 1880 maximum
663 1817 820 1878 discrimen
843 1825 887 1878 est
909 1818 957 1878 cui
980 1817 1150 1888 obiicimus,
1173 1820 1212 1879 ita
1235 1826 1263 1879 et
1285 1838 1399 1880 somma
1416 1821 1549 1881 vincendi
1564 1840 1632 1901 spes

345 1929 376 1981 et
397 1921 565 1982 uberrimus
587 1920 715 1980 victoria:
737 1920 858 1980 tructus.
897 1919 963 1997 quia
985 1926 1084 1980 tarnen
1106 1919 1236 1998 ambigui
1258 1927 1327 1982 sunt
1354 1933 1383 1982 et
1409 1923 1514 1982 incerti
1541 1922 1631 1983 bello-

345 2043 413 2084 rnm
436 2023 544 2088 exitus,
567 2029 600 2082 ut
620 2022 650 2082 in
672 2039 790 2082 omnem
812 2038 864 2079 vos
884 2028 998 2099 partem
1022 2028 1102 2082 recte
1124 2021 1354 2092 rnonearn,·tale
1377 2031 1421 2082 est
1442 2023 1499 2084 boc
1521 2023 1630 2100 bellum

345 2127 424 2186 utin
440 2144 475 2186 eo
497 2123 573 2183 vinci
594 2140 712 2200 quoque
734 2121 895 2199 gloriosum
918 2123 970 2190 sit;
994 2130 1023 2182 et
1045 2125 1290 2202 quotusquisque
1313 2133 1442 2185 vestrum
1459 2132 1518 2193 ost,
1541 2127 1591 2204 qui
1606 2127 1630 2187 si
1669 2167 1675 2202 .·

316 2256 321 2267 ·
347 2227 533 2288 moriendum
555 2226 583 2286 ei
603 2242 682 2285 nunc
710 2225 762 2292 sit,
796 2242 855 2284 non
885 2227 926 2284 sic
954 2223 1035 2284 malit
1062 2244 1149 2304 quam
1180 2233 1329 2306 utcunque
1357 2229 1452 2287 mori?
1479 2227 1539 2287 lam
1567 2228 1699 2292 istatres.

315 2337 464 2408 inquanta
483 2334 552 2387 sunt
578 2344 643 2405 qua:
672 2325 753 2386 robis
782 2332 989 2403 proponuntur
1017 2328 1157 2404 praemia?
1190 2317 1258 2388 vera
1287 2347 1321 2389 ac
1349 2330 1525 2407 sempiterna
1554 2330 1632 2406 apud

347 2448 465 2491 omnem
488 2427 688 2507 posteritatem
711 2425 818 2504 gloria,
842 2429 945 2505 ingens
967 2427 1044 2505 apud
1067 2428 1153 2489 deum
1176 2431 1328 2499 meritum,
1355 2430 1575 2510 opulentissima
1597 2449 1632 2491 ex

347 2533 432 2593 hoste
454 2530 561 2609 spolia:
584 2548 643 2590 uno
667 2528 829 2607 eodemque
851 2531 967 2605 negotio
992 2528 1076 2589 lamae
1092 2529 1305 2600 celebritatem,
1329 2531 1453 2592 salutern
1468 2534 1632 2592 animorum

348 2643 377 2695 et
398 2635 584 2695 lortnoarnm
614 2639 776 2691 vestrarum
802 2631 1033 2698 incrementum,
1063 2631 1205 2699 breviter,
1237 2635 1295 2692 mio
1324 2633 1486 2712 eodemque
1514 2637 1633 2711 negotio

348 2736 487 2815 quicquid
511 2733 622 2794 bomini
643 2731 840 2810 appetendum
863 2723 1062 2810 est,'partum
1085 2732 1237 2794 babebitis.
1282 2735 1383 2796 Potest
1410 2738 1485 2796 onim
1515 2734 1621 2815 aliquid
1634 2746 1701 2808 twa·
1776 2737 1783 2741 “

315 2858 415 2900 :cesse
436 2844 581 2916 praeterea
603 2835 685 2897 cuius
707 2833 792 2894 nobis
814 2851 885 2893 usus
907 2835 958 2903 sit,
982 2845 1032 2895 aut
1053 2842 1151 2912 potest
1173 2835 1264 2897 ullum
1287 2855 1351 2896 esse
1373 2845 1430 2896 tam
1455 2838 1561 2897 durum
1583 2857 1633 2898 ne·

350 2942 478 3018 gotium,
506 2945 565 2997 tam
594 2953 724 3014 praesens
751 2935 913 3013 periculum
943 2937 1021 3015 qrrod
1046 2921 1130 2996 obire
1152 2940 1217 3015 epiris
1240 2939 1479 3016 istispropositis
1507 2941 1634 3015 praemiis

351 3041 481 3129 dubitet?
505 3038 644 3100 Videmus
665 3038 798 3098 homines
822 3056 880 3097 non
903 3039 1016 3116 magnis
1038 3039 1176 3117 praeditos
1199 3041 1302 3099 animis
1323 3058 1375 3116 spe
1391 3040 1497 3100 modici
1513 3040 1634 3100 alicuius

350 3126 458 3208 lucelli,
472 3125 704 3220 praesentissimis
725 3157 756 3199 se
778 3146 856 3200 terra
880 3158 914 3199 ac
935 3141 1009 3201 mari
1031 3140 1169 3219 periculis
1191 3158 1354 3218 exponere:
1383 3160 1432 3200 ros
1455 3142 1524 3220 (prid
1547 3142 1633 3202 lacie-

351 3249 402 3315 tis,
427 3251 456 3306 et
477 3242 591 3305 nobiles
613 3249 642 3302 et
663 3243 810 3319 principes
832 3249 861 3301 et
882 3244 1003 3311 summi,
1028 3230 1136 3320 quib'us
1159 3261 1225 3319 cum
1247 3241 1330 3312 lucro
1352 3241 1459 3319 gloria,
1483 3263 1549 3304 cum
1572 3243 1633 3320 glo·

316 3367 341 3407 ιι
352 3350 394 3408 ria
418 3353 525 3407 aeterna
549 3344 670 3432 felicitas
692 3343 844 3404 obiicitur?
867 3343 942 3404 Tum
965 3361 1042 3422 saepe
1065 3363 1100 3403 ax
1123 3345 1219 3403 intima
1242 3342 1329 3420 plebe
1352 3343 1455 3423 aliquis
1477 3344 1547 3405 uilril
1570 3359 1702 3408 liunt-'2⁰⁰-

352 3449 454 3517 audct,
477 3453 510 3507 ut
531 3453 681 3524 potentem
710 3447 878 3524 quempiam
907 3444 961 3505 sibi
990 3445 1191 3506 demereatur:
1220 3447 1249 3505 in
1279 3446 1359 3505 robis
1387 3465 1451 3524 <puae
1480 3465 1561 3507 mora
1593 3455 1637 3507 est

351 3550 429 3630 apud
452 3549 681 3627 omnipotentem
705 3546 791 3614 deum
814 3565 957 3607 summam
980 3549 1053 3607 inire
1082 3549 1219 3624 gratiam,
1247 3566 1395 3609 sommum
1426 3550 1454 3608 in
1481 3548 1554 3608 cralo
1585 3550 1636 3608 bo-

354 3671 424 3714 num
455 3668 615 3729 reponere,
645 3651 733 3710 immo
758 3667 826 3708 vero
849 3668 913 3727 qna¹
935 3651 1073 3726 segnities
1096 3655 1139 3708 est
1160 3650 1239 3726 ipsos
1259 3648 1368 3710 lucrari
1389 3650 1493 3710 emlos‘!
1522 3657 1551 3710 et
1572 3651 1637 3711 ricti
1691 3632 1693 3635 ⁸

353 3764 381 3816 et
403 3756 542 3820 victores,
571 3750 743 3829 utrobique,
773 3759 802 3810 et
829 3751 928 3812 hicet
951 3752 979 3810 in
1002 3749 1050 3811 illa
1074 3751 1249 3827 sempiterna
1273 3754 1382 3829 patria,
1412 3734 1635 3831 triumphabitis.

320 3859 475 3917 soSumma
498 3860 567 3914 sunt
588 3854 650 3912 ista.
695 3853 746 3912 sed
777 3861 874 3912 tamen
903 3859 934 3911 nt
961 3870 1020 3911 non
1049 3853 1106 3910 sint
1135 3871 1230 3931 neque
1259 3854 1320 3915 lnce
1342 3854 1432 3931 gloria
1457 3857 1704 3932 neqneistatnor.

354 3959 489 4038 premia,
514 3954 600 4032 urget
622 3972 675 4013 nos
698 3973 713 4013 a
737 3963 833 4035 tergo,
857 3954 945 4015 trabit
967 3974 983 4013 a
1007 3955 1102 4040 trente
1125 3956 1300 4024 necessitas,
1323 3964 1351 4016 et
1370 3953 1446 4015 bello
1470 3956 1505 4015 ad
1529 3954 1637 4015 bellom

354 4062 502 4138 cogimur:
527 4058 623 4117 omnia
647 4073 700 4133 per
724 4058 910 4117 Germaniam
933 4054 1072 4116 militibus
1094 4055 1179 4132 plena
1203 4065 1285 4125 sunt,
1315 4058 1444 4135 undique
1466 4075 1560 4125 arina,
1584 4076 1637 4117 ιιιι-

354 4163 441 4241 dique
464 4160 547 4239 equi;
571 4159 677 4218 otiatur
699 4153 850 4228 iuventus,
874 4157 924 4218 sed
948 4176 1012 4217 esse
1035 4159 1115 4236 cupit
1137 4159 1214 4237 qnod
1238 4165 1318 4235 agat,
1349 4165 1376 4217 et
1399 4161 1454 4217 nisi
1478 4177 1527 4216 ros
1550 4165 1639 4217 unite·

355 4267 427 4325 riam
451 4261 571 4330 dabitis:
594 4261 734 4332 inveniet,
757 4260 809 4321 sed
832 4262 1029 4339 perniciosum
1052 4261 1109 4320 boc
1131 4263 1187 4335 erit
1210 4260 1286 4338 qnod
1311 4261 1449 4327 inveniet,
1475 4259 1556 4318 robis
1578 4279 1638 4320 ma-

322 4367 446 4433 exime,
471 4381 525 4443 per
548 4380 622 4441 quos
643 4381 703 4422 non
725 4370 788 4423 erat
810 4363 887 4442 qnod
911 4369 1061 4441 ageretur,
1092 4381 1216 4441 pirorum
1248 4361 1355 4421 desidia
1378 4361 1490 4421 virtutis
1512 4362 1639 4421 studium

356 4465 620 4555 intermittebatur,
641 4467 691 4542 qui
714 4463 903 4541 negligebatis
932 4459 1100 4542 imperium,
1132 4464 1181 4541 qui
1210 4461 1421 4522 calamitatibus
1450 4462 1639 4540 exponebatis

355 4570 552 4632 Germaniam.
596 4562 793 4636 Intellexistis,
823 4586 859 4626 an
891 4565 998 4626 clarius
1026 4567 1089 4626 brec
1117 4565 1173 4624 dici
1201 4563 1305 4625 vultis?
1334 4567 1376 4624 sic
1405 4584 1468 4624 rem
1496 4567 1707 4641 accipiteeror.
1784 4600 1789 4607 -

355 4673 519 4753 principes,
549 4669 653 4748 ingens
676 4686 801 4743 annonae,
827 4668 952 4729 charitas
977 4669 1327 4746 diversatummusrpram
1355 4666 1550 4734 bellunrest,
1580 4685 1638 4745 quo

357 4782 462 4835 exeant
485 4773 534 4852 qui
556 4779 642 4851 egent
664 4772 773 4850 quique
796 4772 942 4838 esuriunt,
966 4772 1020 4830 nisi
1042 4772 1109 4830 istic
1128 4788 1186 4849 qno
1203 4789 1251 4829 ros
1267 4770 1322 4829 bac
1338 4769 1537 4862 exhortatione
1554 4787 1639 4839 roco:

354 4906 559 4918 -ῇ--Δ-

422 4976 554 5028 ¹bettuae
571 4977 784 5027 d.l.etiaml.2.
820 4973 949 5023 ⁷.Motlo
962 4980 989 5022 H.
1015 4937 1036 5003 ¹⁹
1055 4973 1095 5022 sic
1113 4975 1173 5024 add.
1187 4980 1215 5023 H.
1256 4973 1278 5006 ³³
1297 4948 1426 5024 Iuventus
1445 4990 1513 5023 corr.
1527 4983 1556 5024 11.
1576 4975 1641 5025 Ger·

357 5063 451 5114 manis
471 5063 527 5111 1.2.
580 5059 602 5092 ⁸⁷
620 5058 841 5122 ,intellexisset
859 5059 970 5109 Αιι1.2.
989 5057 1100 5108 Intell.'?
1118 5059 1159 5108 Αιι
1178 5063 1203 5108 d.
1250 5057 1272 5091 ³⁹
1291 5060 1389 5124 quique
1402 5064 1507 5108 corrdt.
1527 5059 1573 5123 qui
1585 5062 1640 5108 1.2.
1734 5098 1740 5109 .
