<?xml version="1.0" encoding="UTF-8"?>
<!DOCTYPE html PUBLIC "-//W3C//DTD XHTML 1.0 Transitional//EN"
    "http://www.w3.org/TR/xhtml1/DTD/xhtml1-transitional.dtd">
<html xmlns="http://www.w3.org/1999/xhtml" xml:lang="en" lang="en">
 <head>
  <title>
</title>
<meta http-equiv="Content-Type" content="text/html;charset=utf-8" />
  <meta name='ocr-system' content='tesseract 3.04.00' />
  <meta name='ocr-capabilities' content='ocr_page ocr_carea ocr_par ocr_line ocrx_word'/>
</head>
<body>
  <div class='ocr_page' id='page_1' title='image "./ulrichihuttenie01huttgoog/ulrichihuttenie01huttgoog_0479.png"; bbox 0 0 4300 6059; ppageno 0'>
   <div class='ocr_carea' id='block_1_1' title="bbox 757 707 1645 785">
    <p class='ocr_par' dir='ltr' id='par_1_1' title="bbox 757 707 1645 785">
     <span class='ocr_line' id='line_1_1' title="bbox 757 707 1645 785; baseline 0.01 -17"><span class='ocrx_word' id='word_1_1' title='bbox 757 735 864 769; x_wconf 81' lang='lat' dir='ltr'>courna</span> <span class='ocrx_word' id='word_1_2' title='bbox 879 736 971 770; x_wconf 79' lang='lat' dir='ltr'>nvxvu</span> <span class='ocrx_word' id='word_1_3' title='bbox 986 735 1164 785; x_wconf 70' lang='lat' dir='ltr'>ranaruouraa</span> <span class='ocrx_word' id='word_1_4' title='bbox 1178 735 1256 771; x_wconf 74' lang='lat' dir='ltr'>caus,</span> <span class='ocrx_word' id='word_1_5' title='bbox 1499 725 1503 730; x_wconf 80' lang='grc'><strong>’</strong></span> <span class='ocrx_word' id='word_1_6' title='bbox 1572 707 1645 777; x_wconf 70' lang='grc'>469</span> 
     </span>
    </p>
   </div>
   <div class='ocr_carea' id='block_1_2' title="bbox 313 889 1791 3326">
    <p class='ocr_par' dir='ltr' id='par_1_2' title="bbox 358 889 1714 1276">
     <span class='ocr_line' id='line_1_2' title="bbox 358 889 1647 970; baseline 0.003 -22"><span class='ocrx_word' id='word_1_7' title='bbox 358 889 472 950; x_wconf 87' lang='lat' dir='ltr'>ludaeos</span> <span class='ocrx_word' id='word_1_8' title='bbox 495 889 738 967; x_wconf 86' lang='lat' dir='ltr'>philosophorum</span> <span class='ocrx_word' id='word_1_9' title='bbox 762 907 869 967; x_wconf 82' lang='lat' dir='ltr'>genus,</span> <span class='ocrx_word' id='word_1_10' title='bbox 893 891 930 950; x_wconf 90' lang='lat' dir='ltr'>ab</span> <span class='ocrx_word' id='word_1_11' title='bbox 954 891 1078 970; x_wconf 88' lang='lat' dir='ltr'>losepho</span> <span class='ocrx_word' id='word_1_12' title='bbox 1101 890 1273 960; x_wconf 82' lang='lat' dir='ltr'>laudantur,</span> <span class='ocrx_word' id='word_1_13' title='bbox 1298 892 1375 969; x_wconf 88' lang='lat' dir='ltr'>quod</span> <span class='ocrx_word' id='word_1_14' title='bbox 1401 893 1551 953; x_wconf 88' lang='lat' dir='ltr'>‘ieiunium</span> <span class='ocrx_word' id='word_1_15' title='bbox 1575 895 1647 954; x_wconf 92' lang='lat' dir='ltr'>coti·</span> 
     </span>
     <span class='ocr_line' id='line_1_3' title="bbox 358 992 1714 1062; baseline 0.004 -12"><span class='ocrx_word' id='word_1_16' title='bbox 358 993 476 1052; x_wconf 77' lang='lat' dir='ltr'>diarium</span> <span class='ocrx_word' id='word_1_17' title='bbox 502 995 654 1052; x_wconf 77' lang='lat' dir='ltr'><strong>vertissent</strong></span> <span class='ocrx_word' id='word_1_18' title='bbox 676 995 704 1053; x_wconf 93' lang='lat' dir='ltr'>in</span> <span class='ocrx_word' id='word_1_19' title='bbox 722 992 962 1053; x_wconf 89' lang='lat' dir='ltr'>consuetudinem</span> <span class='ocrx_word' id='word_1_20' title='bbox 979 1001 1008 1052; x_wconf 92' lang='lat' dir='ltr'>et</span> <span class='ocrx_word' id='word_1_21' title='bbox 1023 993 1145 1054; x_wconf 88' lang='lat' dir='ltr'>alteram</span> <span class='ocrx_word' id='word_1_22' title='bbox 1161 993 1323 1062; x_wconf 88' lang='lat' dir='ltr'>naturam&#39;;</span> <span class='ocrx_word' id='word_1_23' title='bbox 1346 993 1552 1055; x_wconf 88' lang='lat' dir='ltr'>Phariseorum</span> <span class='ocrx_word' id='word_1_24' title='bbox 1568 995 1644 1055; x_wconf 91' lang='lat' dir='ltr'>idem</span> <span class='ocrx_word' id='word_1_25' title='bbox 1656 1010 1714 1060; x_wconf 71' lang='lat' dir='ltr'>§.aa</span> 
     </span>
     <span class='ocr_line' id='line_1_4' title="bbox 358 1092 1647 1172; baseline 0.001 -19"><span class='ocrx_word' id='word_1_26' title='bbox 358 1096 566 1155; x_wconf 73' lang='lat' dir='ltr'>continentiam</span> <span class='ocrx_word' id='word_1_27' title='bbox 589 1095 682 1155; x_wconf 88' lang='lat' dir='ltr'>ellert.</span> <span class='ocrx_word' id='word_1_28' title='bbox 728 1092 784 1162; x_wconf 85' lang='lat' dir='ltr'>Oui</span> <span class='ocrx_word' id='word_1_29' title='bbox 806 1112 861 1154; x_wconf 88' lang='lat' dir='ltr'>nos</span> <span class='ocrx_word' id='word_1_30' title='bbox 883 1094 1015 1172; x_wconf 90' lang='lat' dir='ltr'>perditos</span> <span class='ocrx_word' id='word_1_31' title='bbox 1037 1093 1128 1154; x_wconf 86' lang='lat' dir='ltr'>voluit</span> <span class='ocrx_word' id='word_1_32' title='bbox 1143 1093 1226 1165; x_wconf 89' lang='lat' dir='ltr'>olim,</span> <span class='ocrx_word' id='word_1_33' title='bbox 1250 1095 1327 1155; x_wconf 86' lang='lat' dir='ltr'>hanc</span> <span class='ocrx_word' id='word_1_34' title='bbox 1343 1096 1433 1156; x_wconf 88' lang='lat' dir='ltr'>credo</span> <span class='ocrx_word' id='word_1_35' title='bbox 1448 1096 1561 1156; x_wconf 76' lang='lat' dir='ltr'>risendi</span> <span class='ocrx_word' id='word_1_36' title='bbox 1577 1115 1647 1155; x_wconf 91' lang='lat' dir='ltr'>con·</span> 
     </span>
     <span class='ocr_line' id='line_1_5' title="bbox 358 1195 1645 1276; baseline 0.002 -21"><span class='ocrx_word' id='word_1_37' title='bbox 358 1196 543 1257; x_wconf 80' lang='lat' dir='ltr'>suetudinem</span> <span class='ocrx_word' id='word_1_38' title='bbox 566 1196 744 1274; x_wconf 87' lang='lat' dir='ltr'>imprecatus</span> <span class='ocrx_word' id='word_1_39' title='bbox 767 1203 819 1256; x_wconf 87' lang='lat' dir='ltr'>ost.</span> <span class='ocrx_word' id='word_1_40' title='bbox 864 1198 960 1275; x_wconf 88' lang='lat' dir='ltr'>itaque</span> <span class='ocrx_word' id='word_1_41' title='bbox 983 1204 1043 1256; x_wconf 89' lang='lat' dir='ltr'>tarn</span> <span class='ocrx_word' id='word_1_42' title='bbox 1066 1195 1190 1256; x_wconf 84' lang='lat' dir='ltr'>sollicite</span> <span class='ocrx_word' id='word_1_43' title='bbox 1212 1196 1248 1256; x_wconf 87' lang='grc' dir='ltr'>Μ.</span> <span class='ocrx_word' id='word_1_44' title='bbox 1266 1198 1352 1265; x_wconf 85' lang='lat' dir='ltr'>Cato,</span> <span class='ocrx_word' id='word_1_45' title='bbox 1377 1206 1408 1256; x_wconf 88' lang='lat' dir='ltr'>ut</span> <span class='ocrx_word' id='word_1_46' title='bbox 1431 1206 1475 1258; x_wconf 88' lang='lat' dir='ltr'>est</span> <span class='ocrx_word' id='word_1_47' title='bbox 1497 1198 1573 1276; x_wconf 91' lang='lat' dir='ltr'>apud</span> <span class='ocrx_word' id='word_1_48' title='bbox 1589 1197 1645 1259; x_wconf 88' lang='lat' dir='ltr'>Pli-</span> 
     </span>
    </p>

    <p class='ocr_par' dir='ltr' id='par_1_3' title="bbox 326 1297 1646 1378">
     <span class='ocr_line' id='line_1_6' title="bbox 326 1297 1646 1378; baseline 0.002 -21"><span class='ocrx_word' id='word_1_49' title='bbox 326 1320 339 1357; x_wconf 78' lang='lat' dir='ltr'>a</span> <span class='ocrx_word' id='word_1_50' title='bbox 359 1301 450 1368; x_wconf 77' lang='lat' dir='ltr'>nium</span> <span class='ocrx_word' id='word_1_51' title='bbox 475 1318 541 1359; x_wconf 87' lang='lat' dir='ltr'>eum</span> <span class='ocrx_word' id='word_1_52' title='bbox 558 1299 688 1358; x_wconf 91' lang='lat' dir='ltr'>timuerit</span> <span class='ocrx_word' id='word_1_53' title='bbox 703 1316 740 1358; x_wconf 92' lang='lat' dir='ltr'>ne</span> <span class='ocrx_word' id='word_1_54' title='bbox 755 1300 872 1376; x_wconf 85' lang='lat' dir='ltr'>quando</span> <span class='ocrx_word' id='word_1_55' title='bbox 890 1318 956 1359; x_wconf 87' lang='lat' dir='ltr'>cum</span> <span class='ocrx_word' id='word_1_56' title='bbox 972 1317 1024 1359; x_wconf 91' lang='lat' dir='ltr'>sua</span> <span class='ocrx_word' id='word_1_57' title='bbox 1041 1297 1162 1359; x_wconf 90' lang='lat' dir='ltr'>mollitie</span> <span class='ocrx_word' id='word_1_58' title='bbox 1177 1316 1290 1378; x_wconf 87' lang='lat' dir='ltr'>suoque</span> <span class='ocrx_word' id='word_1_59' title='bbox 1305 1298 1376 1359; x_wconf 81' lang='lat' dir='ltr'>luxu</span> <span class='ocrx_word' id='word_1_60' title='bbox 1392 1302 1420 1360; x_wconf 92' lang='lat' dir='ltr'>in</span> <span class='ocrx_word' id='word_1_61' title='bbox 1437 1299 1547 1361; x_wconf 91' lang='lat' dir='ltr'>ltaliam</span> <span class='ocrx_word' id='word_1_62' title='bbox 1565 1302 1646 1361; x_wconf 87' lang='lat' dir='ltr'>inra-</span> 
     </span>
    </p>

    <p class='ocr_par' dir='ltr' id='par_1_4' title="bbox 313 1401 1714 1785">
     <span class='ocr_line' id='line_1_7' title="bbox 313 1401 1644 1480; baseline 0.003 -21"><span class='ocrx_word' id='word_1_63' title='bbox 313 1420 316 1425; x_wconf 93' lang='lat'>·</span> <span class='ocrx_word' id='word_1_64' title='bbox 358 1401 463 1461; x_wconf 86' lang='lat' dir='ltr'>derant</span> <span class='ocrx_word' id='word_1_65' title='bbox 479 1401 582 1469; x_wconf 84' lang='lat' dir='ltr'>Graeci,</span> <span class='ocrx_word' id='word_1_66' title='bbox 607 1403 671 1479; x_wconf 87' lang='lat' dir='ltr'>quis</span> <span class='ocrx_word' id='word_1_67' title='bbox 687 1419 720 1461; x_wconf 85' lang='lat' dir='ltr'>ex</span> <span class='ocrx_word' id='word_1_68' title='bbox 739 1403 845 1460; x_wconf 91' lang='lat' dir='ltr'>nostris</span> <span class='ocrx_word' id='word_1_69' title='bbox 862 1401 1022 1461; x_wconf 91' lang='lat' dir='ltr'>maioribus</span> <span class='ocrx_word' id='word_1_70' title='bbox 1045 1403 1127 1468; x_wconf 86' lang='lat' dir='ltr'>cavit,</span> <span class='ocrx_word' id='word_1_71' title='bbox 1151 1403 1273 1480; x_wconf 84' lang='lat' dir='ltr'>nequid</span> <span class='ocrx_word' id='word_1_72' title='bbox 1290 1419 1419 1480; x_wconf 91' lang='lat' dir='ltr'>unquam</span> <span class='ocrx_word' id='word_1_73' title='bbox 1435 1404 1558 1462; x_wconf 89' lang='lat' dir='ltr'>istorum</span> <span class='ocrx_word' id='word_1_74' title='bbox 1575 1421 1644 1463; x_wconf 84' lang='lat' dir='ltr'>ven·</span> 
     </span>
     <span class='ocr_line' id='line_1_8' title="bbox 357 1503 1714 1582; baseline 0.001 -19"><span class='ocrx_word' id='word_1_75' title='bbox 357 1504 477 1563; x_wconf 87' lang='lat' dir='ltr'>deretur</span> <span class='ocrx_word' id='word_1_76' title='bbox 500 1505 529 1563; x_wconf 92' lang='lat' dir='ltr'>in</span> <span class='ocrx_word' id='word_1_77' title='bbox 545 1504 700 1565; x_wconf 80' lang='lat' dir='ltr'>Germania</span> <span class='ocrx_word' id='word_1_78' title='bbox 724 1504 998 1565; x_wconf 81' lang='lat' dir='ltr'>condimentorum?</span> <span class='ocrx_word' id='word_1_79' title='bbox 1020 1503 1126 1564; x_wconf 81' lang='lat' dir='ltr'>Pereat</span> <span class='ocrx_word' id='word_1_80' title='bbox 1147 1505 1248 1581; x_wconf 86' lang='lat' dir='ltr'>piper,</span> <span class='ocrx_word' id='word_1_81' title='bbox 1272 1511 1374 1582; x_wconf 88' lang='lat' dir='ltr'>pereat</span> <span class='ocrx_word' id='word_1_82' title='bbox 1396 1522 1526 1573; x_wconf 86' lang='lat' dir='ltr'>crocum,</span> <span class='ocrx_word' id='word_1_83' title='bbox 1550 1523 1585 1564; x_wconf 87' lang='lat' dir='ltr'>ac</span> <span class='ocrx_word' id='word_1_84' title='bbox 1599 1522 1714 1574; x_wconf 69' lang='lat' dir='ltr'>sensa.</span> 
     </span>
     <span class='ocr_line' id='line_1_9' title="bbox 356 1605 1645 1684; baseline 0.002 -20"><span class='ocrx_word' id='word_1_85' title='bbox 356 1607 451 1667; x_wconf 86' lang='lat' dir='ltr'>ricum</span> <span class='ocrx_word' id='word_1_86' title='bbox 474 1606 588 1684; x_wconf 87' lang='lat' dir='ltr'>pereat!</span> <span class='ocrx_word' id='word_1_87' title='bbox 612 1612 661 1665; x_wconf 91' lang='lat' dir='ltr'>aut</span> <span class='ocrx_word' id='word_1_88' title='bbox 683 1607 707 1665; x_wconf 94' lang='lat' dir='ltr'>si</span> <span class='ocrx_word' id='word_1_89' title='bbox 729 1606 794 1683; x_wconf 85' lang='lat' dir='ltr'>quis</span> <span class='ocrx_word' id='word_1_90' title='bbox 817 1606 893 1683; x_wconf 93' lang='lat' dir='ltr'>apud</span> <span class='ocrx_word' id='word_1_91' title='bbox 917 1605 988 1665; x_wconf 91' lang='lat' dir='ltr'>alias</span> <span class='ocrx_word' id='word_1_92' title='bbox 1010 1614 1113 1683; x_wconf 78' lang='lat' dir='ltr'>gentes</span> <span class='ocrx_word' id='word_1_93' title='bbox 1136 1608 1259 1666; x_wconf 89' lang='lat' dir='ltr'>istorum</span> <span class='ocrx_word' id='word_1_94' title='bbox 1290 1623 1362 1666; x_wconf 86' lang='lat' dir='ltr'>usus</span> <span class='ocrx_word' id='word_1_95' title='bbox 1390 1615 1448 1675; x_wconf 86' lang='lat' dir='ltr'>est,</span> <span class='ocrx_word' id='word_1_96' title='bbox 1479 1605 1581 1667; x_wconf 89' lang='lat' dir='ltr'>saltem</span> <span class='ocrx_word' id='word_1_97' title='bbox 1611 1626 1645 1667; x_wconf 91' lang='lat' dir='ltr'>ea</span> 
     </span>
     <span class='ocr_line' id='line_1_10' title="bbox 357 1707 1644 1785; baseline 0.002 -19"><span class='ocrx_word' id='word_1_98' title='bbox 357 1709 468 1768; x_wconf 84' lang='lat' dir='ltr'>nesciat</span> <span class='ocrx_word' id='word_1_99' title='bbox 491 1708 554 1767; x_wconf 76' lang='lat' dir='ltr'>haec</span> <span class='ocrx_word' id='word_1_100' title='bbox 576 1709 671 1778; x_wconf 88' lang='lat' dir='ltr'>natio,</span> <span class='ocrx_word' id='word_1_101' title='bbox 701 1714 751 1767; x_wconf 91' lang='lat' dir='ltr'>aut</span> <span class='ocrx_word' id='word_1_102' title='bbox 779 1725 928 1785; x_wconf 84' lang='lat' dir='ltr'>nunqnam</span> <span class='ocrx_word' id='word_1_103' title='bbox 958 1708 1060 1768; x_wconf 87' lang='lat' dir='ltr'>rideat.</span> <span class='ocrx_word' id='word_1_104' title='bbox 1107 1707 1285 1769; x_wconf 82' lang='lat' dir='ltr'>nostratibus</span> <span class='ocrx_word' id='word_1_105' title='bbox 1314 1726 1384 1769; x_wconf 82' lang='lat' dir='ltr'>vero</span> <span class='ocrx_word' id='word_1_106' title='bbox 1413 1708 1488 1768; x_wconf 86' lang='lat' dir='ltr'>hano</span> <span class='ocrx_word' id='word_1_107' title='bbox 1516 1715 1644 1769; x_wconf 89' lang='lat' dir='ltr'>mentem</span> 
     </span>
    </p>

    <p class='ocr_par' dir='ltr' id='par_1_5' title="bbox 323 1809 1791 2299">
     <span class='ocr_line' id='line_1_11' title="bbox 323 1809 1645 1888; baseline -0.001 -17"><span class='ocrx_word' id='word_1_108' title='bbox 323 1830 347 1871; x_wconf 84' lang='lat' dir='ltr'>ro</span> <span class='ocrx_word' id='word_1_109' title='bbox 358 1810 440 1869; x_wconf 90' lang='lat' dir='ltr'>indat</span> <span class='ocrx_word' id='word_1_110' title='bbox 462 1809 595 1869; x_wconf 76' lang='lat' dir='ltr'>Christus</span> <span class='ocrx_word' id='word_1_111' title='bbox 617 1811 744 1888; x_wconf 89' lang='lat' dir='ltr'>optimus</span> <span class='ocrx_word' id='word_1_112' title='bbox 767 1812 926 1878; x_wconf 77' lang='lat' dir='ltr'>maximuS,</span> <span class='ocrx_word' id='word_1_113' title='bbox 956 1817 988 1870; x_wconf 91' lang='lat' dir='ltr'>ut</span> <span class='ocrx_word' id='word_1_114' title='bbox 1010 1811 1199 1888; x_wconf 86' lang='lat' dir='ltr'>antiquorum</span> <span class='ocrx_word' id='word_1_115' title='bbox 1223 1810 1258 1871; x_wconf 92' lang='lat' dir='ltr'>ad</span> <span class='ocrx_word' id='word_1_116' title='bbox 1281 1829 1313 1870; x_wconf 89' lang='lat' dir='ltr'>se</span> <span class='ocrx_word' id='word_1_117' title='bbox 1335 1817 1474 1871; x_wconf 79' lang='lat' dir='ltr'>revocent</span> <span class='ocrx_word' id='word_1_118' title='bbox 1497 1811 1645 1888; x_wconf 79' lang='lat' dir='ltr'>frugalita-</span> 
     </span>
     <span class='ocr_line' id='line_1_12' title="bbox 355 1893 1791 1990; baseline -0.003 -19"><span class='ocrx_word' id='word_1_119' title='bbox 355 1921 415 1971; x_wconf 88' lang='lat' dir='ltr'>tem</span> <span class='ocrx_word' id='word_1_120' title='bbox 438 1919 468 1970; x_wconf 87' lang='lat' dir='ltr'>et</span> <span class='ocrx_word' id='word_1_121' title='bbox 490 1913 634 1971; x_wconf 90' lang='lat' dir='ltr'>maiorum</span> <span class='ocrx_word' id='word_1_122' title='bbox 656 1930 688 1972; x_wconf 90' lang='lat' dir='ltr'>se</span> <span class='ocrx_word' id='word_1_123' title='bbox 703 1914 889 1990; x_wconf 78' lang='lat' dir='ltr'>parsimonia.</span> <span class='ocrx_word' id='word_1_124' title='bbox 905 1913 1104 1972; x_wconf 76' lang='lat' dir='ltr'>conforment!</span> <span class='ocrx_word' id='word_1_125' title='bbox 1127 1912 1239 1982; x_wconf 86' lang='lat' dir='ltr'>Quanta</span> <span class='ocrx_word' id='word_1_126' title='bbox 1256 1913 1345 1972; x_wconf 89' lang='lat' dir='ltr'>animi</span> <span class='ocrx_word' id='word_1_127' title='bbox 1359 1913 1559 1989; x_wconf 79' lang='lat' dir='ltr'>magnitudine</span> <span class='ocrx_word' id='word_1_128' title='bbox 1575 1912 1711 1975; x_wconf 77' lang='lat' dir='ltr'>bar-tao.</span> <span class='ocrx_word' id='word_1_129' title='bbox 1787 1893 1791 1900; x_wconf 43' lang='lat'><strong>¹</strong></span> 
     </span>
     <span class='ocr_line' id='line_1_13' title="bbox 355 2012 1640 2094; baseline -0.001 -21"><span class='ocrx_word' id='word_1_130' title='bbox 355 2013 446 2074; x_wconf 87' lang='lat' dir='ltr'>harus</span> <span class='ocrx_word' id='word_1_131' title='bbox 462 2013 637 2075; x_wconf 77' lang='lat' dir='ltr'>Anacharsis</span> <span class='ocrx_word' id='word_1_132' title='bbox 660 2015 746 2074; x_wconf 83' lang='lat' dir='ltr'>iactat</span> <span class='ocrx_word' id='word_1_133' title='bbox 768 2016 832 2073; x_wconf 74' lang='lat' dir='ltr'>vitre</span> <span class='ocrx_word' id='word_1_134' title='bbox 854 2016 1034 2074; x_wconf 89' lang='lat' dir='ltr'>institutum:</span> <span class='ocrx_word' id='word_1_135' title='bbox 1059 2014 1137 2074; x_wconf 79' lang='lat' dir='ltr'>‘llihi</span> <span class='ocrx_word' id='word_1_136' title='bbox 1159 2012 1390 2092; x_wconf 88' lang='lat' dir='ltr'>pulpamentum’</span> <span class='ocrx_word' id='word_1_137' title='bbox 1413 2017 1507 2094; x_wconf 87' lang='lat' dir='ltr'>inquit</span> <span class='ocrx_word' id='word_1_138' title='bbox 1530 2016 1640 2082; x_wconf 67' lang='lat' dir='ltr'>dames,</span> 
     </span>
     <span class='ocr_line' id='line_1_14' title="bbox 357 2114 1645 2194; baseline 0.001 -18"><span class='ocrx_word' id='word_1_139' title='bbox 357 2115 456 2176; x_wconf 74' lang='lat' dir='ltr'>cultile</span> <span class='ocrx_word' id='word_1_140' title='bbox 485 2115 594 2182; x_wconf 79' lang='lat' dir='ltr'>solum:</span> <span class='ocrx_word' id='word_1_141' title='bbox 633 2116 719 2174; x_wconf 86' lang='lat' dir='ltr'>vestis</span> <span class='ocrx_word' id='word_1_142' title='bbox 747 2115 914 2194; x_wconf 77' lang='lat' dir='ltr'>Scythicum</span> <span class='ocrx_word' id='word_1_143' title='bbox 951 2116 1087 2193; x_wconf 84' lang='lat' dir='ltr'>tegmen’.</span> <span class='ocrx_word' id='word_1_144' title='bbox 1132 2114 1254 2176; x_wconf 87' lang='lat' dir='ltr'>Ehrium</span> <span class='ocrx_word' id='word_1_145' title='bbox 1283 2116 1457 2177; x_wconf 78' lang='lat' dir='ltr'>Aeschinem</span> <span class='ocrx_word' id='word_1_146' title='bbox 1486 2116 1645 2177; x_wconf 89' lang='lat' dir='ltr'>abstemius</span> 
     </span>
     <span class='ocr_line' id='line_1_15' title="bbox 356 2216 1601 2299; baseline -0.001 -21"><span class='ocrx_word' id='word_1_147' title='bbox 356 2217 572 2278; x_wconf 82' lang='lat' dir='ltr'>Demosthenes</span> <span class='ocrx_word' id='word_1_148' title='bbox 595 2218 708 2277; x_wconf 80' lang='lat' dir='ltr'>civitate</span> <span class='ocrx_word' id='word_1_149' title='bbox 731 2216 850 2296; x_wconf 82' lang='lat' dir='ltr'>expulit.</span> <span class='ocrx_word' id='word_1_150' title='bbox 897 2218 1035 2278; x_wconf 87' lang='lat' dir='ltr'>Socrates</span> <span class='ocrx_word' id='word_1_151' title='bbox 1057 2217 1214 2299; x_wconf 84' lang='lat' dir='ltr'>aliquando</span> <span class='ocrx_word' id='word_1_152' title='bbox 1238 2236 1344 2278; x_wconf 88' lang='lat' dir='ltr'>exosus</span> <span class='ocrx_word' id='word_1_153' title='bbox 1365 2236 1467 2295; x_wconf 80' lang='lat' dir='ltr'>ganea</span> <span class='ocrx_word' id='word_1_154' title='bbox 1489 2219 1601 2279; x_wconf 90' lang='lat' dir='ltr'>deditos</span> 
     </span>
    </p>

    <p class='ocr_par' dir='ltr' id='par_1_6' title="bbox 321 2319 1384 2399">
     <span class='ocr_line' id='line_1_16' title="bbox 321 2319 1384 2399; baseline -0.004 -16"><span class='ocrx_word' id='word_1_155' title='bbox 321 2343 347 2383; x_wconf 80' lang='lat' dir='ltr'>ra</span> <span class='ocrx_word' id='word_1_156' title='bbox 623 2327 652 2378; x_wconf 92' lang='lat' dir='ltr'>et</span> <span class='ocrx_word' id='word_1_157' title='bbox 674 2319 782 2398; x_wconf 83' lang='lat' dir='ltr'>quihus</span> <span class='ocrx_word' id='word_1_158' title='bbox 805 2321 833 2378; x_wconf 92' lang='lat' dir='ltr'>in</span> <span class='ocrx_word' id='word_1_159' title='bbox 856 2319 919 2378; x_wconf 90' lang='lat' dir='ltr'>solo</span> <span class='ocrx_word' id='word_1_160' title='bbox 944 2320 1056 2379; x_wconf 80' lang='lat' dir='ltr'>visendi</span> <span class='ocrx_word' id='word_1_161' title='bbox 1080 2330 1124 2379; x_wconf 88' lang='lat' dir='ltr'>est</span> <span class='ocrx_word' id='word_1_162' title='bbox 1146 2339 1247 2381; x_wconf 88' lang='lat' dir='ltr'>caussa</span> <span class='ocrx_word' id='word_1_163' title='bbox 1270 2319 1384 2399; x_wconf 90' lang='lat' dir='ltr'>palato,</span> 
     </span>
    </p>

    <p class='ocr_par' dir='ltr' id='par_1_7' title="bbox 356 2419 1640 2499">
     <span class='ocr_line' id='line_1_17' title="bbox 356 2419 1640 2499; baseline -0.002 -16"><span class='ocrx_word' id='word_1_164' title='bbox 356 2422 449 2484; x_wconf 77' lang='lat' dir='ltr'>‘llulti</span> <span class='ocrx_word' id='word_1_165' title='bbox 471 2421 583 2481; x_wconf 85' lang='lat' dir='ltr'>ideirco</span> <span class='ocrx_word' id='word_1_166' title='bbox 606 2430 638 2481; x_wconf 91' lang='lat' dir='ltr'>ut</span> <span class='ocrx_word' id='word_1_167' title='bbox 660 2420 754 2480; x_wconf 88' lang='lat' dir='ltr'>edant’</span> <span class='ocrx_word' id='word_1_168' title='bbox 779 2423 825 2484; x_wconf 89' lang='lat' dir='ltr'>ait.</span> <span class='ocrx_word' id='word_1_169' title='bbox 839 2427 890 2492; x_wconf 62' lang='lat' dir='ltr'>fet</span> <span class='ocrx_word' id='word_1_170' title='bbox 912 2419 1011 2480; x_wconf 79' lang='lat' dir='ltr'>bibant</span> <span class='ocrx_word' id='word_1_171' title='bbox 1036 2423 1149 2489; x_wconf 78' lang='lat' dir='ltr'>rinmt,</span> <span class='ocrx_word' id='word_1_172' title='bbox 1178 2440 1233 2499; x_wconf 80' lang='lat' dir='ltr'>ego</span> <span class='ocrx_word' id='word_1_173' title='bbox 1255 2429 1287 2481; x_wconf 86' lang='lat' dir='ltr'>ut</span> <span class='ocrx_word' id='word_1_174' title='bbox 1309 2423 1401 2482; x_wconf 85' lang='lat' dir='ltr'>viram</span> <span class='ocrx_word' id='word_1_175' title='bbox 1424 2422 1479 2483; x_wconf 90' lang='lat' dir='ltr'>edo</span> <span class='ocrx_word' id='word_1_176' title='bbox 1503 2431 1531 2482; x_wconf 90' lang='lat' dir='ltr'>et</span> <span class='ocrx_word' id='word_1_177' title='bbox 1553 2421 1640 2487; x_wconf 86' lang='lat' dir='ltr'>hibo’.</span> 
     </span>
    </p>

    <p class='ocr_par' dir='ltr' id='par_1_8' title="bbox 356 2522 1710 2601">
     <span class='ocr_line' id='line_1_18' title="bbox 356 2522 1710 2601; baseline -0.003 -17"><span class='ocrx_word' id='word_1_178' title='bbox 356 2545 374 2584; x_wconf 95' lang='lat' dir='ltr'>o</span> <span class='ocrx_word' id='word_1_179' title='bbox 398 2544 465 2585; x_wconf 84' lang='lat' dir='ltr'>vere</span> <span class='ocrx_word' id='word_1_180' title='bbox 488 2526 649 2601; x_wconf 78' lang='lat' dir='ltr'>sapientem</span> <span class='ocrx_word' id='word_1_181' title='bbox 674 2531 702 2581; x_wconf 87' lang='lat' dir='ltr'>et</span> <span class='ocrx_word' id='word_1_182' title='bbox 725 2522 845 2599; x_wconf 76' lang='lat' dir='ltr'>dignum</span> <span class='ocrx_word' id='word_1_183' title='bbox 869 2522 1010 2600; x_wconf 76' lang='lat' dir='ltr'>Apollinis</span> <span class='ocrx_word' id='word_1_184' title='bbox 1033 2523 1288 2582; x_wconf 82' lang='lat' dir='ltr'>commendatione</span> <span class='ocrx_word' id='word_1_185' title='bbox 1311 2524 1420 2582; x_wconf 89' lang='lat' dir='ltr'>virum!</span> <span class='ocrx_word' id='word_1_186' title='bbox 1450 2523 1710 2585; x_wconf 72' lang='lat' dir='ltr'>herimannas.</span> 
     </span>
    </p>

    <p class='ocr_par' dir='ltr' id='par_1_9' title="bbox 355 2625 1653 2804">
     <span class='ocr_line' id='line_1_19' title="bbox 355 2625 1653 2704; baseline -0.008 -16"><span class='ocrx_word' id='word_1_187' title='bbox 355 2635 385 2688; x_wconf 90' lang='lat' dir='ltr'>et</span> <span class='ocrx_word' id='word_1_188' title='bbox 406 2627 464 2687; x_wconf 86' lang='lat' dir='ltr'>hoe</span> <span class='ocrx_word' id='word_1_189' title='bbox 486 2635 530 2687; x_wconf 88' lang='lat' dir='ltr'>est</span> <span class='ocrx_word' id='word_1_190' title='bbox 552 2627 646 2688; x_wconf 78' lang='lat' dir='ltr'>Gracci</span> <span class='ocrx_word' id='word_1_191' title='bbox 670 2633 772 2704; x_wconf 74' lang='lat' dir='ltr'>poeta,</span> <span class='ocrx_word' id='word_1_192' title='bbox 856 2648 869 2683; x_wconf 75' lang='lat' dir='ltr'>a</span> <span class='ocrx_word' id='word_1_193' title='bbox 1648 2625 1653 2635; x_wconf 83' lang='lat'>&#39;</span> 
     </span>
     <span class='ocr_line' id='line_1_20' title="bbox 623 2727 1233 2804; baseline -0.002 -17"><span class='ocrx_word' id='word_1_194' title='bbox 623 2729 738 2790; x_wconf 85' lang='lat' dir='ltr'>Ventris</span> <span class='ocrx_word' id='word_1_195' title='bbox 761 2727 891 2788; x_wconf 87' lang='lat' dir='ltr'>hahenas</span> <span class='ocrx_word' id='word_1_196' title='bbox 915 2733 1031 2804; x_wconf 91' lang='lat' dir='ltr'>oportet</span> <span class='ocrx_word' id='word_1_197' title='bbox 1054 2733 1114 2785; x_wconf 88' lang='lat' dir='ltr'>tute</span> <span class='ocrx_word' id='word_1_198' title='bbox 1138 2743 1233 2803; x_wconf 82' lang='lat' dir='ltr'>regas.</span> 
     </span>
    </p>

    <p class='ocr_par' dir='ltr' id='par_1_10' title="bbox 320 2827 1645 3326">
     <span class='ocr_line' id='line_1_21' title="bbox 320 2827 1644 2909; baseline -0.002 -15"><span class='ocrx_word' id='word_1_199' title='bbox 320 2830 442 2901; x_wconf 80' lang='lat' dir='ltr'>aoOuid,</span> <span class='ocrx_word' id='word_1_200' title='bbox 467 2829 513 2889; x_wconf 92' lang='lat' dir='ltr'>ille</span> <span class='ocrx_word' id='word_1_201' title='bbox 530 2829 624 2907; x_wconf 88' lang='lat' dir='ltr'>qualis</span> <span class='ocrx_word' id='word_1_202' title='bbox 639 2831 701 2898; x_wconf 84' lang='lat' dir='ltr'>snit,</span> <span class='ocrx_word' id='word_1_203' title='bbox 726 2848 812 2909; x_wconf 85' lang='lat' dir='ltr'>quem</span> <span class='ocrx_word' id='word_1_204' title='bbox 835 2847 937 2888; x_wconf 89' lang='lat' dir='ltr'>omncs</span> <span class='ocrx_word' id='word_1_205' title='bbox 960 2836 992 2889; x_wconf 94' lang='lat' dir='ltr'>ut</span> <span class='ocrx_word' id='word_1_206' title='bbox 1016 2827 1210 2906; x_wconf 80' lang='lat' dir='ltr'>voluptarium</span> <span class='ocrx_word' id='word_1_207' title='bbox 1233 2830 1391 2899; x_wconf 87' lang='lat' dir='ltr'>incessunt,</span> <span class='ocrx_word' id='word_1_208' title='bbox 1416 2829 1570 2907; x_wconf 87' lang='lat' dir='ltr'>Epicurus,</span> <span class='ocrx_word' id='word_1_209' title='bbox 1595 2833 1644 2909; x_wconf 90' lang='lat' dir='ltr'>qui</span> 
     </span>
     <span class='ocr_line' id='line_1_22' title="bbox 356 2929 1644 3009; baseline 0 -17"><span class='ocrx_word' id='word_1_210' title='bbox 356 2935 387 2993; x_wconf 89' lang='lat' dir='ltr'>in</span> <span class='ocrx_word' id='word_1_211' title='bbox 411 2931 559 3009; x_wconf 78' lang='lat' dir='ltr'>voluptate</span> <span class='ocrx_word' id='word_1_212' title='bbox 583 2933 679 3009; x_wconf 90' lang='lat' dir='ltr'>posuit</span> <span class='ocrx_word' id='word_1_213' title='bbox 701 2950 849 2991; x_wconf 88' lang='lat' dir='ltr'>summum</span> <span class='ocrx_word' id='word_1_214' title='bbox 871 2930 1000 2990; x_wconf 77' lang='lat' dir='ltr'>honum?</span> <span class='ocrx_word' id='word_1_215' title='bbox 1031 2932 1117 2990; x_wconf 85' lang='lat' dir='ltr'>Certo</span> <span class='ocrx_word' id='word_1_216' title='bbox 1140 2929 1196 2989; x_wconf 91' lang='lat' dir='ltr'>hoc</span> <span class='ocrx_word' id='word_1_217' title='bbox 1219 2931 1355 3008; x_wconf 79' lang='lat' dir='ltr'>quioquid</span> <span class='ocrx_word' id='word_1_218' title='bbox 1385 2939 1442 3000; x_wconf 91' lang='lat' dir='ltr'>est,</span> <span class='ocrx_word' id='word_1_219' title='bbox 1472 2934 1549 3009; x_wconf 92' lang='lat' dir='ltr'>quod</span> <span class='ocrx_word' id='word_1_220' title='bbox 1573 2934 1644 2993; x_wconf 78' lang='lat' dir='ltr'>lariti</span> 
     </span>
     <span class='ocr_line' id='line_1_23' title="bbox 357 3032 1645 3112; baseline 0 -19"><span class='ocrx_word' id='word_1_221' title='bbox 357 3032 498 3102; x_wconf 86' lang='lat' dir='ltr'>iaciebat,</span> <span class='ocrx_word' id='word_1_222' title='bbox 528 3032 651 3112; x_wconf 87' lang='lat' dir='ltr'>simplici</span> <span class='ocrx_word' id='word_1_223' title='bbox 682 3034 765 3111; x_wconf 86' lang='lat' dir='ltr'>panis</span> <span class='ocrx_word' id='word_1_224' title='bbox 788 3041 816 3093; x_wconf 88' lang='lat' dir='ltr'>et</span> <span class='ocrx_word' id='word_1_225' title='bbox 839 3051 922 3111; x_wconf 81' lang='lat' dir='ltr'>aqnae</span> <span class='ocrx_word' id='word_1_226' title='bbox 943 3051 997 3092; x_wconf 90' lang='lat' dir='ltr'>usu</span> <span class='ocrx_word' id='word_1_227' title='bbox 1022 3041 1158 3093; x_wconf 87' lang='lat' dir='ltr'>constare</span> <span class='ocrx_word' id='word_1_228' title='bbox 1180 3035 1305 3110; x_wconf 87' lang='lat' dir='ltr'>putavit,</span> <span class='ocrx_word' id='word_1_229' title='bbox 1336 3040 1364 3091; x_wconf 88' lang='lat' dir='ltr'>et</span> <span class='ocrx_word' id='word_1_230' title='bbox 1390 3034 1496 3092; x_wconf 90' lang='lat' dir='ltr'>victum</span> <span class='ocrx_word' id='word_1_231' title='bbox 1520 3032 1645 3093; x_wconf 86' lang='lat' dir='ltr'>laudan&#39;t</span> 
     </span>
     <span class='ocr_line' id='line_1_24' title="bbox 357 3133 1643 3213; baseline -0.001 -18"><span class='ocrx_word' id='word_1_232' title='bbox 357 3145 475 3196; x_wconf 89' lang='lat' dir='ltr'>tenuem</span> <span class='ocrx_word' id='word_1_233' title='bbox 500 3155 532 3194; x_wconf 95' lang='lat' dir='ltr'>ac</span> <span class='ocrx_word' id='word_1_234' title='bbox 556 3133 732 3213; x_wconf 88' lang='lat' dir='ltr'>parabilcm;</span> <span class='ocrx_word' id='word_1_235' title='bbox 762 3134 953 3213; x_wconf 79' lang='lat' dir='ltr'>scribensque</span> <span class='ocrx_word' id='word_1_236' title='bbox 981 3135 1016 3194; x_wconf 93' lang='lat' dir='ltr'>ad</span> <span class='ocrx_word' id='word_1_237' title='bbox 1046 3137 1173 3194; x_wconf 78' lang='lat' dir='ltr'>amicum</span> <span class='ocrx_word' id='word_1_238' title='bbox 1197 3135 1242 3194; x_wconf 80' lang='lat' dir='ltr'>‘Et</span> <span class='ocrx_word' id='word_1_239' title='bbox 1265 3135 1354 3193; x_wconf 87' lang='lat' dir='ltr'>mittc&#39;</span> <span class='ocrx_word' id='word_1_240' title='bbox 1378 3135 1471 3212; x_wconf 86' lang='lat' dir='ltr'>inquit</span> <span class='ocrx_word' id='word_1_241' title='bbox 1493 3134 1573 3194; x_wconf 88' lang='lat' dir='ltr'>‘mihi</span> <span class='ocrx_word' id='word_1_242' title='bbox 1597 3153 1643 3194; x_wconf 88' lang='lat' dir='ltr'>ca·</span> 
     </span>
     <span class='ocr_line' id='line_1_25' title="bbox 356 3234 1644 3326; baseline -0.001 -28"><span class='ocrx_word' id='word_1_243' title='bbox 356 3239 399 3299; x_wconf 85' lang='lat' dir='ltr'>sei</span> <span class='ocrx_word' id='word_1_244' title='bbox 422 3237 543 3299; x_wconf 80' lang='lat' dir='ltr'>Cithridi</span> <span class='ocrx_word' id='word_1_245' title='bbox 566 3235 733 3316; x_wconf 88' lang='lat' dir='ltr'>paululum.</span> <span class='ocrx_word' id='word_1_246' title='bbox 763 3244 794 3296; x_wconf 88' lang='lat' dir='ltr'>ut</span> <span class='ocrx_word' id='word_1_247' title='bbox 825 3256 891 3296; x_wconf 86' lang='lat' dir='ltr'>eum</span> <span class='ocrx_word' id='word_1_248' title='bbox 916 3234 1028 3315; x_wconf 87' lang='lat' dir='ltr'>epulari</span> <span class='ocrx_word' id='word_1_249' title='bbox 1051 3238 1207 3315; x_wconf 80' lang='lat' dir='ltr'>pretiosius</span> <span class='ocrx_word' id='word_1_250' title='bbox 1230 3235 1365 3326; x_wconf 84' lang='lat' dir='ltr'>voluero,</span> <span class='ocrx_word' id='word_1_251' title='bbox 1394 3236 1522 3314; x_wconf 87' lang='lat' dir='ltr'>possim&#39;.</span> <span class='ocrx_word' id='word_1_252' title='bbox 1568 3238 1644 3297; x_wconf 90' lang='lat' dir='ltr'>Ana·</span> 
     </span>
    </p>
   </div>
   <div class='ocr_carea' id='block_1_3' title="bbox 320 3432 1714 5119">
    <p class='ocr_par' dir='ltr' id='par_1_11' title="bbox 320 3432 1714 5119">
     <span class='ocr_line' id='line_1_26' title="bbox 320 3432 1712 3505; baseline -0.004 -7"><span class='ocrx_word' id='word_1_253' title='bbox 320 3444 382 3499; x_wconf 76' lang='lat' dir='ltr'>asir</span> <span class='ocrx_word' id='word_1_254' title='bbox 399 3442 532 3504; x_wconf 68' lang='lat' dir='ltr'>rennuatis</span> <span class='ocrx_word' id='word_1_255' title='bbox 552 3455 618 3503; x_wconf 71' lang='lat' dir='ltr'>mira,</span> <span class='ocrx_word' id='word_1_256' title='bbox 637 3442 684 3504; x_wconf 72' lang='lat' dir='ltr'>liter</span> <span class='ocrx_word' id='word_1_257' title='bbox 702 3454 749 3492; x_wconf 78' lang='lat' dir='ltr'>uns</span> <span class='ocrx_word' id='word_1_258' title='bbox 767 3441 865 3504; x_wconf 69' lang='lat' dir='ltr'>cantilat</span> <span class='ocrx_word' id='word_1_259' title='bbox 884 3446 920 3505; x_wconf 71' lang='lat' dir='ltr'>tur</span> <span class='ocrx_word' id='word_1_260' title='bbox 940 3442 1019 3492; x_wconf 75' lang='lat' dir='ltr'>meten</span> <span class='ocrx_word' id='word_1_261' title='bbox 1039 3441 1161 3503; x_wconf 72' lang='lat' dir='ltr'>atttriti,</span> <span class='ocrx_word' id='word_1_262' title='bbox 1179 3448 1219 3493; x_wconf 75' lang='lat' dir='ltr'>att</span> <span class='ocrx_word' id='word_1_263' title='bbox 1237 3445 1277 3504; x_wconf 69' lang='lat' dir='ltr'>taut</span> <span class='ocrx_word' id='word_1_264' title='bbox 1297 3453 1343 3491; x_wconf 85' lang='lat' dir='ltr'>nna</span> <span class='ocrx_word' id='word_1_265' title='bbox 1362 3440 1401 3491; x_wconf 78' lang='lat' dir='ltr'>tin</span> <span class='ocrx_word' id='word_1_266' title='bbox 1419 3441 1507 3505; x_wconf 70' lang='lat' dir='ltr'>[oldam</span> <span class='ocrx_word' id='word_1_267' title='bbox 1526 3432 1588 3503; x_wconf 72' lang='lat' dir='ltr'>ssiat)</span> <span class='ocrx_word' id='word_1_268' title='bbox 1604 3446 1712 3495; x_wconf 69' lang='lat' dir='ltr'>uersas.</span> 
     </span>
     <span class='ocr_line' id='line_1_27' title="bbox 355 3519 1714 3592; baseline -0.001 -13"><span class='ocrx_word' id='word_1_269' title='bbox 355 3527 444 3591; x_wconf 64' lang='lat' dir='ltr'>silton)</span> <span class='ocrx_word' id='word_1_270' title='bbox 462 3528 526 3590; x_wconf 72' lang='lat' dir='ltr'>arbi.</span> <span class='ocrx_word' id='word_1_271' title='bbox 563 3524 646 3590; x_wconf 63' lang='lat' dir='ltr'>Bardi</span> <span class='ocrx_word' id='word_1_272' title='bbox 664 3528 704 3589; x_wconf 70' lang='lat' dir='ltr'>aab</span> <span class='ocrx_word' id='word_1_273' title='bbox 724 3524 774 3588; x_wconf 73' lang='lat' dir='ltr'>onir</span> <span class='ocrx_word' id='word_1_274' title='bbox 792 3525 908 3588; x_wconf 68' lang='lat' dir='ltr'>tatinus</span> <span class='ocrx_word' id='word_1_275' title='bbox 929 3526 996 3592; x_wconf 72' lang='lat' dir='ltr'>aileu</span> <span class='ocrx_word' id='word_1_276' title='bbox 1020 3519 1071 3589; x_wconf 75' lang='lat' dir='ltr'>liri,</span> <span class='ocrx_word' id='word_1_277' title='bbox 1093 3531 1138 3576; x_wconf 72' lang='lat' dir='ltr'>arra</span> <span class='ocrx_word' id='word_1_278' title='bbox 1160 3525 1203 3587; x_wconf 74' lang='lat' dir='ltr'>lid)</span> <span class='ocrx_word' id='word_1_279' title='bbox 1225 3526 1262 3577; x_wconf 75' lang='lat' dir='ltr'>ait</span> <span class='ocrx_word' id='word_1_280' title='bbox 1286 3525 1361 3588; x_wconf 70' lang='lat' dir='ltr'>iuuat</span> <span class='ocrx_word' id='word_1_281' title='bbox 1385 3526 1440 3589; x_wconf 71' lang='lat' dir='ltr'>uod</span> <span class='ocrx_word' id='word_1_282' title='bbox 1464 3525 1714 3587; x_wconf 66' lang='lat' dir='ltr'>intenderentur.</span> 
     </span>
     <span class='ocr_line' id='line_1_28' title="bbox 357 3604 1711 3676; baseline -0.001 -13"><span class='ocrx_word' id='word_1_283' title='bbox 357 3612 424 3664; x_wconf 75' lang='lat' dir='ltr'>tetta</span> <span class='ocrx_word' id='word_1_284' title='bbox 443 3613 514 3674; x_wconf 65' lang='lat' dir='ltr'>riht}</span> <span class='ocrx_word' id='word_1_285' title='bbox 533 3605 566 3664; x_wconf 79' lang='lat' dir='ltr'>mi</span> <span class='ocrx_word' id='word_1_286' title='bbox 585 3611 698 3675; x_wconf 70' lang='lat' dir='ltr'>taratra,</span> <span class='ocrx_word' id='word_1_287' title='bbox 720 3619 746 3676; x_wconf 65' lang='lat' dir='ltr'>aa</span> <span class='ocrx_word' id='word_1_288' title='bbox 770 3613 816 3663; x_wconf 80' lang='lat' dir='ltr'>nir</span> <span class='ocrx_word' id='word_1_289' title='bbox 840 3612 900 3673; x_wconf 77' lang='lat' dir='ltr'>[tint</span> <span class='ocrx_word' id='word_1_290' title='bbox 924 3611 969 3663; x_wconf 79' lang='lat' dir='ltr'>mit</span> <span class='ocrx_word' id='word_1_291' title='bbox 987 3611 1151 3674; x_wconf 64' lang='lat' dir='ltr'>denotantes</span> <span class='ocrx_word' id='word_1_292' title='bbox 1167 3614 1190 3662; x_wconf 73' lang='grc' dir='ltr'>ε’</span> <span class='ocrx_word' id='word_1_293' title='bbox 1209 3607 1343 3673; x_wconf 48' lang='lat' dir='ltr'>mathaniu</span> <span class='ocrx_word' id='word_1_294' title='bbox 1363 3610 1402 3662; x_wconf 80' lang='lat' dir='ltr'>eiu</span> <span class='ocrx_word' id='word_1_295' title='bbox 1421 3610 1520 3662; x_wconf 64' lang='lat' dir='ltr'>itunae</span> <span class='ocrx_word' id='word_1_296' title='bbox 1540 3624 1597 3662; x_wconf 82' lang='lat' dir='ltr'>man</span> <span class='ocrx_word' id='word_1_297' title='bbox 1613 3604 1711 3675; x_wconf 64' lang='lat' dir='ltr'>siluno.</span> 
     </span>
     <span class='ocr_line' id='line_1_29' title="bbox 357 3762 1645 3846; baseline -0.002 -14"><span class='ocrx_word' id='word_1_298' title='bbox 357 3783 427 3832; x_wconf 82' lang='lat' dir='ltr'>Sunt</span> <span class='ocrx_word' id='word_1_299' title='bbox 445 3798 510 3832; x_wconf 86' lang='lat' dir='ltr'>varo</span> <span class='ocrx_word' id='word_1_300' title='bbox 530 3783 628 3831; x_wconf 84' lang='lat' dir='ltr'>Esseni</span> <span class='ocrx_word' id='word_1_301' title='bbox 652 3787 784 3846; x_wconf 86' lang='lat' dir='ltr'>perpetuo</span> <span class='ocrx_word' id='word_1_302' title='bbox 808 3783 977 3842; x_wconf 82' lang='lat' dir='ltr'>ieiunantes,</span> <span class='ocrx_word' id='word_1_303' title='bbox 1007 3796 1058 3831; x_wconf 88' lang='lat' dir='ltr'>nee</span> <span class='ocrx_word' id='word_1_304' title='bbox 1083 3762 1210 3844; x_wconf 78' lang='lat' dir='ltr'>umquam</span> <span class='ocrx_word' id='word_1_305' title='bbox 1234 3796 1318 3830; x_wconf 83' lang='lat' dir='ltr'>came</span> <span class='ocrx_word' id='word_1_306' title='bbox 1342 3786 1391 3829; x_wconf 77' lang='lat' dir='ltr'>alit</span> <span class='ocrx_word' id='word_1_307' title='bbox 1413 3781 1478 3830; x_wconf 87' lang='lat' dir='ltr'>rino</span> <span class='ocrx_word' id='word_1_308' title='bbox 1501 3786 1609 3830; x_wconf 86' lang='lat' dir='ltr'>utentes</span> <span class='ocrx_word' id='word_1_309' title='bbox 1628 3797 1645 3830; x_wconf 82' lang='lat' dir='ltr'>a</span> 
     </span>
     <span class='ocr_line' id='line_1_30' title="bbox 357 3864 1646 3929; baseline -0.003 -11"><span class='ocrx_word' id='word_1_310' title='bbox 357 3868 474 3918; x_wconf 87' lang='lat' dir='ltr'>Philone</span> <span class='ocrx_word' id='word_1_311' title='bbox 503 3864 605 3916; x_wconf 79' lang='lat' dir='ltr'>litteiis</span> <span class='ocrx_word' id='word_1_312' title='bbox 633 3867 824 3915; x_wconf 80' lang='lat' dir='ltr'>commendati.</span> <span class='ocrx_word' id='word_1_313' title='bbox 864 3867 978 3915; x_wconf 88' lang='lat' dir='ltr'>Minime</span> <span class='ocrx_word' id='word_1_314' title='bbox 1009 3872 1102 3915; x_wconf 88' lang='lat' dir='ltr'>tamen</span> <span class='ocrx_word' id='word_1_315' title='bbox 1125 3866 1307 3928; x_wconf 82' lang='lat' dir='ltr'>Hieronymus</span> <span class='ocrx_word' id='word_1_316' title='bbox 1335 3865 1486 3929; x_wconf 83' lang='lat' dir='ltr'>culpandus</span> <span class='ocrx_word' id='word_1_317' title='bbox 1516 3870 1570 3926; x_wconf 86' lang='lat' dir='ltr'>est,</span> <span class='ocrx_word' id='word_1_318' title='bbox 1599 3867 1646 3929; x_wconf 88' lang='lat' dir='ltr'>qui</span> 
     </span>
     <span class='ocr_line' id='line_1_31' title="bbox 357 3949 1645 4017; baseline -0.003 -15"><span class='ocrx_word' id='word_1_319' title='bbox 357 3969 411 4003; x_wconf 90' lang='lat' dir='ltr'>non</span> <span class='ocrx_word' id='word_1_320' title='bbox 431 3970 463 4002; x_wconf 80' lang='lat' dir='ltr'>ex</span> <span class='ocrx_word' id='word_1_321' title='bbox 483 3952 599 4017; x_wconf 89' lang='lat' dir='ltr'>losepho</span> <span class='ocrx_word' id='word_1_322' title='bbox 618 3952 678 4000; x_wconf 74' lang='lat' dir='ltr'>haec</span> <span class='ocrx_word' id='word_1_323' title='bbox 697 3952 793 4011; x_wconf 81' lang='lat' dir='ltr'>tradit,</span> <span class='ocrx_word' id='word_1_324' title='bbox 818 3952 867 4000; x_wconf 89' lang='lat' dir='ltr'>sed</span> <span class='ocrx_word' id='word_1_325' title='bbox 886 3968 919 4001; x_wconf 82' lang='lat' dir='ltr'>ex</span> <span class='ocrx_word' id='word_1_326' title='bbox 936 3951 1100 4015; x_wconf 79' lang='lat' dir='ltr'>I&#39;orphyrio.</span> <span class='ocrx_word' id='word_1_327' title='bbox 1125 3965 1142 3998; x_wconf 85' lang='lat' dir='ltr'>a</span> <span class='ocrx_word' id='word_1_328' title='bbox 1160 3966 1212 4013; x_wconf 85' lang='lat' dir='ltr'>qrro</span> <span class='ocrx_word' id='word_1_329' title='bbox 1230 3950 1317 3998; x_wconf 82' lang='lat' dir='ltr'>mrrlta</span> <span class='ocrx_word' id='word_1_330' title='bbox 1335 3949 1368 3998; x_wconf 63' lang='grc' dir='ltr'>εὶ</span> <span class='ocrx_word' id='word_1_331' title='bbox 1387 3965 1419 3998; x_wconf 84' lang='lat' dir='ltr'>eo</span> <span class='ocrx_word' id='word_1_332' title='bbox 1438 3949 1508 3999; x_wconf 88' lang='lat' dir='ltr'>libro</span> <span class='ocrx_word' id='word_1_333' title='bbox 1527 3950 1562 3998; x_wconf 88' lang='lat' dir='ltr'>ll.</span> <span class='ocrx_word' id='word_1_334' title='bbox 1582 3966 1645 3998; x_wconf 90' lang='lat' dir='ltr'>con-</span> 
     </span>
     <span class='ocr_line' id='line_1_32' title="bbox 356 4033 1646 4102; baseline -0.003 -15"><span class='ocrx_word' id='word_1_335' title='bbox 356 4046 399 4088; x_wconf 86' lang='lat' dir='ltr'>tra</span> <span class='ocrx_word' id='word_1_336' title='bbox 416 4039 551 4102; x_wconf 87' lang='lat' dir='ltr'>Apionem</span> <span class='ocrx_word' id='word_1_337' title='bbox 575 4037 723 4085; x_wconf 73' lang='lat' dir='ltr'>inceduntur</span> <span class='ocrx_word' id='word_1_338' title='bbox 749 4052 808 4100; x_wconf 78' lang='lat' dir='ltr'>qum</span> <span class='ocrx_word' id='word_1_339' title='bbox 832 4036 912 4086; x_wconf 84' lang='lat' dir='ltr'>hodie</span> <span class='ocrx_word' id='word_1_340' title='bbox 936 4051 988 4084; x_wconf 88' lang='lat' dir='ltr'>non</span> <span class='ocrx_word' id='word_1_341' title='bbox 1012 4034 1197 4083; x_wconf 80' lang='lat' dir='ltr'>hironiuntur.</span> <span class='ocrx_word' id='word_1_342' title='bbox 1235 4034 1303 4082; x_wconf 77' lang='lat' dir='ltr'>Vide</span> <span class='ocrx_word' id='word_1_343' title='bbox 1327 4034 1425 4082; x_wconf 90' lang='lat' dir='ltr'>librum</span> <span class='ocrx_word' id='word_1_344' title='bbox 1449 4033 1482 4082; x_wconf 91' lang='lat' dir='ltr'>de</span> <span class='ocrx_word' id='word_1_345' title='bbox 1506 4034 1646 4083; x_wconf 82' lang='lat' dir='ltr'>abstinen-</span> 
     </span>
     <span class='ocr_line' id='line_1_33' title="bbox 357 4115 1646 4185; baseline -0.004 -13"><span class='ocrx_word' id='word_1_346' title='bbox 357 4125 398 4173; x_wconf 76' lang='lat' dir='ltr'>tia</span> <span class='ocrx_word' id='word_1_347' title='bbox 416 4123 462 4171; x_wconf 92' lang='lat' dir='ltr'>IV.</span> <span class='ocrx_word' id='word_1_348' title='bbox 480 4120 565 4172; x_wconf 77' lang='lat' dir='ltr'>ll.l·2.</span> <span class='ocrx_word' id='word_1_349' title='bbox 578 4121 624 4171; x_wconf 69' lang='lat'>13:</span> <span class='ocrx_word' id='word_1_350' title='bbox 698 4120 703 4152; x_wconf 87' lang='lat'><strong>¹</strong></span> <span class='ocrx_word' id='word_1_351' title='bbox 728 4122 830 4185; x_wconf 80' lang='lat' dir='ltr'>qarotid.</span> <span class='ocrx_word' id='word_1_352' title='bbox 849 4125 889 4169; x_wconf 82' lang='lat' dir='ltr'>td.</span> <span class='ocrx_word' id='word_1_353' title='bbox 958 4119 968 4150; x_wconf 83' lang='lat'><strong>²</strong></span> <span class='ocrx_word' id='word_1_354' title='bbox 990 4120 1191 4168; x_wconf 78' lang='lat' dir='ltr'>Pharisaeorum</span> <span class='ocrx_word' id='word_1_355' title='bbox 1209 4122 1233 4168; x_wconf 83' lang='lat'>8.</span> <span class='ocrx_word' id='word_1_356' title='bbox 1243 4121 1282 4166; x_wconf 83' lang='lat'>10.</span> <span class='ocrx_word' id='word_1_357' title='bbox 1346 4115 1356 4148; x_wconf 80' lang='lat'>⁴</span> <span class='ocrx_word' id='word_1_358' title='bbox 1378 4119 1473 4180; x_wconf 86' lang='lat' dir='ltr'>ltaque</span> <span class='ocrx_word' id='word_1_359' title='bbox 1497 4116 1558 4183; x_wconf 70' lang='lat' dir='ltr'>eto]</span> <span class='ocrx_word' id='word_1_360' title='bbox 1585 4120 1602 4168; x_wconf 91' lang='lat' dir='ltr'>i.</span> <span class='ocrx_word' id='word_1_361' title='bbox 1622 4134 1646 4168; x_wconf 87' lang='lat' dir='ltr'>e.</span> 
     </span>
     <span class='ocr_line' id='line_1_34' title="bbox 357 4203 1647 4271; baseline -0.003 -15"><span class='ocrx_word' id='word_1_362' title='bbox 357 4208 427 4258; x_wconf 77' lang='lat' dir='ltr'>Cato</span> <span class='ocrx_word' id='word_1_363' title='bbox 446 4207 556 4271; x_wconf 85' lang='lat' dir='ltr'>quidam</span> <span class='ocrx_word' id='word_1_364' title='bbox 574 4206 658 4270; x_wconf 74' lang='lat' dir='ltr'>t&#39;npud</span> <span class='ocrx_word' id='word_1_365' title='bbox 674 4207 819 4266; x_wconf 78' lang='lat' dir='ltr'>Romanos)</span> <span class='ocrx_word' id='word_1_366' title='bbox 839 4204 956 4253; x_wconf 88' lang='lat' dir='ltr'>sollicite</span> <span class='ocrx_word' id='word_1_367' title='bbox 976 4205 1074 4261; x_wconf 77' lang='lat' dir='ltr'>timuit,</span> <span class='ocrx_word' id='word_1_368' title='bbox 1094 4219 1128 4252; x_wconf 91' lang='lat' dir='ltr'>ne</span> <span class='ocrx_word' id='word_1_369' title='bbox 1148 4203 1256 4266; x_wconf 85' lang='lat' dir='ltr'>qrrando</span> <span class='ocrx_word' id='word_1_370' title='bbox 1272 4210 1331 4260; x_wconf 74' lang='lat' dir='ltr'>eto,</span> <span class='ocrx_word' id='word_1_371' title='bbox 1350 4204 1398 4252; x_wconf 87' lang='lat' dir='ltr'>sed</span> <span class='ocrx_word' id='word_1_372' title='bbox 1416 4205 1477 4267; x_wconf 85' lang='lat' dir='ltr'>quis</span> <span class='ocrx_word' id='word_1_373' title='bbox 1495 4209 1647 4253; x_wconf 86' lang='lat' dir='ltr'>nostrorum</span> 
     </span>
     <span class='ocr_line' id='line_1_35' title="bbox 358 4287 1646 4353; baseline -0.003 -11"><span class='ocrx_word' id='word_1_374' title='bbox 358 4294 489 4342; x_wconf 87' lang='lat' dir='ltr'>maiorum</span> <span class='ocrx_word' id='word_1_375' title='bbox 509 4293 701 4341; x_wconf 86' lang='lat' dir='ltr'>eavitneetc.</span> <span class='ocrx_word' id='word_1_376' title='bbox 756 4287 839 4353; x_wconf 74' lang='lat' dir='ltr'>Ptin]</span> <span class='ocrx_word' id='word_1_377' title='bbox 863 4290 895 4337; x_wconf 90' lang='lat' dir='ltr'>H.</span> <span class='ocrx_word' id='word_1_378' title='bbox 911 4291 941 4338; x_wconf 89' lang='lat' dir='ltr'>N.</span> <span class='ocrx_word' id='word_1_379' title='bbox 956 4290 1053 4339; x_wconf 74' lang='lat' dir='ltr'>xxix.</span> <span class='ocrx_word' id='word_1_380' title='bbox 1070 4287 1120 4349; x_wconf 86' lang='lat' dir='ltr'>t‚a.</span> <span class='ocrx_word' id='word_1_381' title='bbox 1135 4303 1192 4351; x_wconf 83' lang='lat' dir='ltr'>sqq.</span> <span class='ocrx_word' id='word_1_382' title='bbox 1239 4288 1269 4319; x_wconf 62' lang='grc' dir='ltr'><strong>Μ</strong></span> <span class='ocrx_word' id='word_1_383' title='bbox 1286 4289 1458 4337; x_wconf 84' lang='lat' dir='ltr'>rraeudcretur</span> <span class='ocrx_word' id='word_1_384' title='bbox 1470 4292 1494 4337; x_wconf 79' lang='lat'>1.</span> <span class='ocrx_word' id='word_1_385' title='bbox 1542 4287 1646 4338; x_wconf 69' lang='lat' dir='ltr'>“Arari-</span> 
     </span>
     <span class='ocr_line' id='line_1_36' title="bbox 358 4372 1646 4440; baseline -0.002 -14"><span class='ocrx_word' id='word_1_386' title='bbox 358 4379 484 4426; x_wconf 80' lang='lat' dir='ltr'>charsidr&#39;a</span> <span class='ocrx_word' id='word_1_387' title='bbox 502 4380 611 4440; x_wconf 81' lang='lat' dir='ltr'>epistula</span> <span class='ocrx_word' id='word_1_388' title='bbox 630 4378 664 4425; x_wconf 75' lang='lat' dir='ltr'>nal</span> <span class='ocrx_word' id='word_1_389' title='bbox 677 4377 824 4424; x_wconf 76' lang='lat' dir='ltr'>Hermonem</span> <span class='ocrx_word' id='word_1_390' title='bbox 842 4375 897 4423; x_wconf 73' lang='lat' dir='ltr'>lru’c</span> <span class='ocrx_word' id='word_1_391' title='bbox 915 4391 956 4438; x_wconf 87' lang='lat' dir='ltr'>op.</span> <span class='ocrx_word' id='word_1_392' title='bbox 973 4374 1024 4423; x_wconf 76' lang='lat' dir='ltr'>Cic.</span> <span class='ocrx_word' id='word_1_393' title='bbox 1043 4374 1115 4423; x_wconf 79' lang='lat' dir='ltr'>lirae.</span> <span class='ocrx_word' id='word_1_394' title='bbox 1129 4375 1195 4435; x_wconf 74' lang='lat' dir='ltr'>diepa.</span> <span class='ocrx_word' id='word_1_395' title='bbox 1213 4373 1244 4421; x_wconf 82' lang='lat' dir='ltr'>V.</span> <span class='ocrx_word' id='word_1_396' title='bbox 1260 4377 1343 4428; x_wconf 81' lang='lat' dir='ltr'>32,9u.</span> <span class='ocrx_word' id='word_1_397' title='bbox 1356 4375 1460 4435; x_wconf 80' lang='lat' dir='ltr'>lepitur:</span> <span class='ocrx_word' id='word_1_398' title='bbox 1478 4372 1567 4430; x_wconf 80' lang='lat' dir='ltr'>„Mihi</span> <span class='ocrx_word' id='word_1_399' title='bbox 1580 4375 1646 4440; x_wconf 77' lang='lat' dir='ltr'>ami-</span> 
     </span>
     <span class='ocr_line' id='line_1_37' title="bbox 359 4442 1652 4524; baseline -0.003 -13"><span class='ocrx_word' id='word_1_400' title='bbox 359 4463 414 4511; x_wconf 84' lang='lat' dir='ltr'>ctui</span> <span class='ocrx_word' id='word_1_401' title='bbox 434 4468 476 4510; x_wconf 82' lang='lat' dir='ltr'>est</span> <span class='ocrx_word' id='word_1_402' title='bbox 495 4461 654 4523; x_wconf 72' lang='lat' dir='ltr'>Scythicum</span> <span class='ocrx_word' id='word_1_403' title='bbox 673 4466 813 4524; x_wconf 79' lang='lat' dir='ltr'>tegumen,</span> <span class='ocrx_word' id='word_1_404' title='bbox 834 4458 1046 4508; x_wconf 83' lang='lat' dir='ltr'>calciamentum</span> <span class='ocrx_word' id='word_1_405' title='bbox 1065 4459 1182 4508; x_wconf 85' lang='lat' dir='ltr'>solorum</span> <span class='ocrx_word' id='word_1_406' title='bbox 1202 4457 1315 4515; x_wconf 84' lang='lat' dir='ltr'>callum,</span> <span class='ocrx_word' id='word_1_407' title='bbox 1335 4457 1425 4507; x_wconf 83' lang='lat' dir='ltr'>cubile</span> <span class='ocrx_word' id='word_1_408' title='bbox 1443 4463 1530 4517; x_wconf 85' lang='lat' dir='ltr'>terra,</span> <span class='ocrx_word' id='word_1_409' title='bbox 1551 4442 1652 4523; x_wconf 61' lang='lat' dir='ltr'>pulpa?</span> 
     </span>
     <span class='ocr_line' id='line_1_38' title="bbox 359 4541 1647 4608; baseline -0.002 -13"><span class='ocrx_word' id='word_1_410' title='bbox 359 4553 478 4595; x_wconf 88' lang='lat' dir='ltr'>mentum</span> <span class='ocrx_word' id='word_1_411' title='bbox 498 4547 598 4606; x_wconf 64' lang='lat' dir='ltr'>famem</span> <span class='ocrx_word' id='word_1_412' title='bbox 618 4545 705 4605; x_wconf 81' lang='lat' dir='ltr'>laete,</span> <span class='ocrx_word' id='word_1_413' title='bbox 726 4560 820 4604; x_wconf 81' lang='lat' dir='ltr'>caseo,</span> <span class='ocrx_word' id='word_1_414' title='bbox 842 4559 924 4592; x_wconf 85' lang='lat' dir='ltr'>carne</span> <span class='ocrx_word' id='word_1_415' title='bbox 943 4559 1040 4593; x_wconf 83' lang='lat' dir='ltr'>vescor</span> <span class='ocrx_word' id='word_1_416' title='bbox 1059 4542 1107 4593; x_wconf 73' lang='lat'><strong><em>...³⁹</em></strong></span> <span class='ocrx_word' id='word_1_417' title='bbox 1162 4541 1183 4573; x_wconf 80' lang='lat'>¹³</span> <span class='ocrx_word' id='word_1_418' title='bbox 1200 4541 1340 4608; x_wconf 68' lang='lat' dir='ltr'>Aeschini</span> <span class='ocrx_word' id='word_1_419' title='bbox 1360 4543 1403 4592; x_wconf 77' lang='lat' dir='ltr'>ef.</span> <span class='ocrx_word' id='word_1_420' title='bbox 1417 4543 1578 4592; x_wconf 83' lang='lat' dir='ltr'>Philostrati</span> <span class='ocrx_word' id='word_1_421' title='bbox 1596 4543 1647 4592; x_wconf 82' lang='lat' dir='ltr'>vit.</span> 
     </span>
     <span class='ocr_line' id='line_1_39' title="bbox 359 4620 1647 4697; baseline -0.002 -16"><span class='ocrx_word' id='word_1_422' title='bbox 359 4632 479 4697; x_wconf 75' lang='lat' dir='ltr'>Sophist.</span> <span class='ocrx_word' id='word_1_423' title='bbox 494 4632 516 4680; x_wconf 90' lang='lat'>1.</span> <span class='ocrx_word' id='word_1_424' title='bbox 532 4630 570 4680; x_wconf 78' lang='grc'>18.</span> <span class='ocrx_word' id='word_1_425' title='bbox 613 4620 767 4680; x_wconf 77' lang='lat' dir='ltr'>&#39;Aescinem</span> <span class='ocrx_word' id='word_1_426' title='bbox 789 4633 813 4679; x_wconf 81' lang='lat'>3.</span> <span class='ocrx_word' id='word_1_427' title='bbox 868 4628 887 4659; x_wconf 81' lang='lat'>¹⁹</span> <span class='ocrx_word' id='word_1_428' title='bbox 906 4626 992 4692; x_wconf 53' lang='grc' dir='ltr'><strong>θυεμ]</strong></span> <span class='ocrx_word' id='word_1_429' title='bbox 1011 4630 1093 4693; x_wconf 75' lang='lat' dir='ltr'>lliog.</span> <span class='ocrx_word' id='word_1_430' title='bbox 1106 4629 1200 4678; x_wconf 69' lang='lat' dir='ltr'>Laert</span> <span class='ocrx_word' id='word_1_431' title='bbox 1213 4628 1249 4677; x_wconf 88' lang='lat'>11.</span> <span class='ocrx_word' id='word_1_432' title='bbox 1262 4628 1303 4676; x_wconf 81' lang='lat'>34.</span> <span class='ocrx_word' id='word_1_433' title='bbox 1318 4633 1345 4677; x_wconf 88' lang='grc' dir='ltr'>ει</span> <span class='ocrx_word' id='word_1_434' title='bbox 1364 4628 1398 4677; x_wconf 86' lang='lat' dir='ltr'>ad</span> <span class='ocrx_word' id='word_1_435' title='bbox 1416 4628 1442 4677; x_wconf 91' lang='lat' dir='ltr'>h.</span> <span class='ocrx_word' id='word_1_436' title='bbox 1455 4627 1647 4693; x_wconf 48' lang='lat' dir='ltr'>ltaMenagio</span> 
     </span>
     <span class='ocr_line' id='line_1_40' title="bbox 362 4712 1646 4766; baseline -0.003 -1"><span class='ocrx_word' id='word_1_437' title='bbox 362 4717 420 4766; x_wconf 81' lang='lat' dir='ltr'>citt.</span> <span class='ocrx_word' id='word_1_438' title='bbox 434 4715 574 4765; x_wconf 85' lang='lat' dir='ltr'>Plutarch.</span> <span class='ocrx_word' id='word_1_439' title='bbox 590 4722 617 4764; x_wconf 86' lang='grc' dir='ltr'>ει</span> <span class='ocrx_word' id='word_1_440' title='bbox 631 4715 729 4764; x_wconf 83' lang='lat' dir='ltr'>Athen.</span> <span class='ocrx_word' id='word_1_441' title='bbox 778 4712 799 4744; x_wconf 73' lang='lat'>¹⁵</span> <span class='ocrx_word' id='word_1_442' title='bbox 818 4713 931 4763; x_wconf 84' lang='lat' dir='ltr'>luvanal</span> <span class='ocrx_word' id='word_1_443' title='bbox 951 4720 1003 4762; x_wconf 86' lang='lat' dir='ltr'>sat.</span> <span class='ocrx_word' id='word_1_444' title='bbox 1017 4714 1064 4762; x_wconf 78' lang='lat' dir='ltr'>xl.</span> <span class='ocrx_word' id='word_1_445' title='bbox 1082 4712 1119 4762; x_wconf 93' lang='lat' dir='ltr'>ll.</span> <span class='ocrx_word' id='word_1_446' title='bbox 1132 4729 1228 4763; x_wconf 76' lang='lat' dir='ltr'>veroum</span> <span class='ocrx_word' id='word_1_447' title='bbox 1245 4713 1309 4762; x_wconf 74' lang='lat' dir='ltr'>haenc</span> <span class='ocrx_word' id='word_1_448' title='bbox 1326 4729 1381 4762; x_wconf 78' lang='lat' dir='ltr'>esee</span> <span class='ocrx_word' id='word_1_449' title='bbox 1398 4714 1457 4763; x_wconf 84' lang='lat' dir='ltr'>edd.</span> <span class='ocrx_word' id='word_1_450' title='bbox 1472 4729 1521 4762; x_wconf 81' lang='lat' dir='ltr'>noa</span> <span class='ocrx_word' id='word_1_451' title='bbox 1533 4715 1646 4762; x_wconf 82' lang='lat' dir='ltr'>animad-</span> 
     </span>
     <span class='ocr_line' id='line_1_41' title="bbox 359 4794 1648 4865; baseline -0.003 -14"><span class='ocrx_word' id='word_1_452' title='bbox 359 4809 496 4851; x_wconf 81' lang='lat' dir='ltr'>verterunt.</span> <span class='ocrx_word' id='word_1_453' title='bbox 515 4817 600 4850; x_wconf 74' lang='lat' dir='ltr'>carisa</span> <span class='ocrx_word' id='word_1_454' title='bbox 612 4801 706 4865; x_wconf 82' lang='lat' dir='ltr'>palato</span> <span class='ocrx_word' id='word_1_455' title='bbox 720 4804 769 4849; x_wconf 87' lang='lat' dir='ltr'>est.</span> <span class='ocrx_word' id='word_1_456' title='bbox 781 4799 835 4848; x_wconf 75' lang='lat' dir='ltr'>lato.</span> <span class='ocrx_word' id='word_1_457' title='bbox 883 4796 923 4862; x_wconf 89' lang='lat' dir='ltr'>in]</span> <span class='ocrx_word' id='word_1_458' title='bbox 935 4799 988 4847; x_wconf 88' lang='lat' dir='ltr'>iam</span> <span class='ocrx_word' id='word_1_459' title='bbox 1000 4802 1040 4847; x_wconf 82' lang='lat'>10.</span> <span class='ocrx_word' id='word_1_460' title='bbox 1088 4803 1210 4849; x_wconf 71' lang='lat' dir='ltr'>caused.</span> <span class='ocrx_word' id='word_1_461' title='bbox 1248 4797 1267 4829; x_wconf 79' lang='lat'>¹⁸</span> <span class='ocrx_word' id='word_1_462' title='bbox 1280 4798 1369 4847; x_wconf 74' lang='lat' dir='ltr'>(lraeci</span> <span class='ocrx_word' id='word_1_463' title='bbox 1382 4794 1466 4863; x_wconf 78' lang='lat' dir='ltr'>poet]</span> <span class='ocrx_word' id='word_1_464' title='bbox 1480 4796 1607 4846; x_wconf 79' lang='lat' dir='ltr'>Charetis</span> <span class='ocrx_word' id='word_1_465' title='bbox 1619 4797 1648 4847; x_wconf 90' lang='lat' dir='ltr'>in</span> 
     </span>
     <span class='ocr_line' id='line_1_42' title="bbox 362 4873 1646 4947; baseline -0.004 -10"><span class='ocrx_word' id='word_1_466' title='bbox 362 4887 437 4937; x_wconf 77' lang='lat' dir='ltr'>stab.</span> <span class='ocrx_word' id='word_1_467' title='bbox 450 4886 527 4936; x_wconf 85' lang='lat' dir='ltr'>floril.</span> <span class='ocrx_word' id='word_1_468' title='bbox 541 4886 628 4935; x_wconf 83' lang='lat' dir='ltr'>xvn.</span> <span class='ocrx_word' id='word_1_469' title='bbox 641 4885 665 4933; x_wconf 78' lang='lat'>3.</span> <span class='ocrx_word' id='word_1_470' title='bbox 688 4877 812 4947; x_wconf 80' lang='grc' dir='ltr'><strong><em>Γαστρὸς</em></strong></span> <span class='ocrx_word' id='word_1_471' title='bbox 825 4878 857 4934; x_wconf 73' lang='grc' dir='ltr'>δὲ</span> <span class='ocrx_word' id='word_1_472' title='bbox 870 4882 958 4946; x_wconf 72' lang='grc' dir='ltr'><strong>πειρῶ</strong></span> <span class='ocrx_word' id='word_1_473' title='bbox 970 4881 1066 4933; x_wconf 76' lang='grc' dir='ltr'><strong><em>πᾶσαν</em></strong></span> <span class='ocrx_word' id='word_1_474' title='bbox 1077 4873 1164 4947; x_wconf 78' lang='grc' dir='ltr'><strong><em>ἡνίαν</em></strong></span> <span class='ocrx_word' id='word_1_475' title='bbox 1176 4887 1304 4946; x_wconf 70' lang='grc' dir='ltr'>κρατεῖν·</span> <span class='ocrx_word' id='word_1_476' title='bbox 1322 4884 1380 4933; x_wconf 78' lang='grc' dir='ltr'><strong><em>κτλ.</em></strong></span> <span class='ocrx_word' id='word_1_477' title='bbox 1427 4880 1449 4913; x_wconf 76' lang='lat'>²⁰</span> <span class='ocrx_word' id='word_1_478' title='bbox 1463 4879 1551 4946; x_wconf 77' lang='lat' dir='ltr'>Epio]</span> <span class='ocrx_word' id='word_1_479' title='bbox 1565 4882 1646 4945; x_wconf 59' lang='lat' dir='ltr'>Diona</span> 
     </span>
     <span class='ocr_line' id='line_1_43' title="bbox 362 4966 1647 5034; baseline -0.001 -13"><span class='ocrx_word' id='word_1_480' title='bbox 362 4972 457 5022; x_wconf 72' lang='lat' dir='ltr'>baert.</span> <span class='ocrx_word' id='word_1_481' title='bbox 471 4971 505 5020; x_wconf 86' lang='lat' dir='ltr'>X.</span> <span class='ocrx_word' id='word_1_482' title='bbox 522 4969 560 5018; x_wconf 93' lang='lat' dir='ltr'>ll.</span> <span class='ocrx_word' id='word_1_483' title='bbox 617 4968 637 5002; x_wconf 76' lang='lat'>²¹</span> <span class='ocrx_word' id='word_1_484' title='bbox 657 4971 735 5034; x_wconf 87' lang='lat' dir='ltr'>posui</span> <span class='ocrx_word' id='word_1_485' title='bbox 750 4972 775 5019; x_wconf 82' lang='lat'>3.</span> <span class='ocrx_word' id='word_1_486' title='bbox 831 4966 854 5001; x_wconf 73' lang='lat'>’⁴</span> <span class='ocrx_word' id='word_1_487' title='bbox 872 4968 990 5018; x_wconf 85' lang='lat' dir='ltr'>Cithridi</span> <span class='ocrx_word' id='word_1_488' title='bbox 1006 4983 1097 5018; x_wconf 79' lang='lat' dir='ltr'>omnes.</span> <span class='ocrx_word' id='word_1_489' title='bbox 1117 4966 1273 5031; x_wconf 74' lang='grc' dir='ltr'><strong>κυθριδίου</strong></span> <span class='ocrx_word' id='word_1_490' title='bbox 1285 4968 1366 5031; x_wconf 79' lang='lat' dir='ltr'>lliog.</span> <span class='ocrx_word' id='word_1_491' title='bbox 1379 4969 1472 5019; x_wconf 85' lang='lat' dir='ltr'>Laert.</span> <span class='ocrx_word' id='word_1_492' title='bbox 1487 4968 1522 5018; x_wconf 87' lang='lat' dir='ltr'>cl.</span> <span class='ocrx_word' id='word_1_493' title='bbox 1536 4969 1647 5031; x_wconf 56' lang='lat' dir='ltr'>Menae.</span> 
     </span>
     <span class='ocr_line' id='line_1_44' title="bbox 366 5050 1648 5119; baseline -0.002 -14"><span class='ocrx_word' id='word_1_494' title='bbox 366 5057 400 5105; x_wconf 76' lang='lat' dir='ltr'>ad</span> <span class='ocrx_word' id='word_1_495' title='bbox 418 5055 477 5105; x_wconf 91' lang='lat' dir='ltr'>h.l.</span> <span class='ocrx_word' id='word_1_496' title='bbox 526 5055 631 5119; x_wconf 78' lang='lat' dir='ltr'>ptiosua</span> <span class='ocrx_word' id='word_1_497' title='bbox 650 5058 673 5103; x_wconf 86' lang='lat'>2.</span> <span class='ocrx_word' id='word_1_498' title='bbox 726 5052 778 5085; x_wconf 64' lang='lat'>²⁴⁴⁵</span> <span class='ocrx_word' id='word_1_499' title='bbox 796 5050 965 5119; x_wconf 50' lang='lat' dir='ltr'>Anaxagora</span> <span class='ocrx_word' id='word_1_500' title='bbox 985 5053 1069 5102; x_wconf 88' lang='lat' dir='ltr'>Immo</span> <span class='ocrx_word' id='word_1_501' title='bbox 1089 5052 1251 5117; x_wconf 84' lang='lat' dir='ltr'>Antiphonti</span> <span class='ocrx_word' id='word_1_502' title='bbox 1269 5052 1338 5102; x_wconf 85' lang='lat' dir='ltr'>dicit</span> <span class='ocrx_word' id='word_1_503' title='bbox 1355 5052 1484 5104; x_wconf 81' lang='lat' dir='ltr'>Socrates</span> <span class='ocrx_word' id='word_1_504' title='bbox 1501 5053 1573 5118; x_wconf 79' lang='lat' dir='ltr'>apud</span> <span class='ocrx_word' id='word_1_505' title='bbox 1591 5052 1648 5103; x_wconf 81' lang='lat' dir='ltr'>Xa-</span> 
     </span>
    </p>
   </div>
   <div class='ocr_carea' id='block_1_4' title="bbox 0 0 2176 6052">
    <p class='ocr_par' dir='ltr' id='par_1_12' title="bbox 0 0 2176 6052">
     <span class='ocr_line' id='line_1_45' title="bbox 0 0 2176 6052; baseline 0 0"><span class='ocrx_word' id='word_1_506' title='bbox 0 0 2176 6052; x_wconf 95' lang='lat' dir='ltr'> </span> 
     </span>
    </p>
   </div>
  </div>
 </body>
</html>
