4300 6059
546 706 768 744 comitum!
781 708 816 743 D!
830 708 942 745 arnmot
956 708 1065 744 turturi
1080 708 1302 744 cousrt'rvrrottc
1315 706 1352 743 lt>
1363 706 1575 743 ΙᾸΧῘΙΠᾸΔΙΠΙ
1588 708 1607 743 1.
1643 676 1717 749 233

432 883 503 940 quos
525 865 667 922 llaznador
688 866 843 931 nominant;
865 884 981 940 cumque
1003 867 1035 923 ad
1058 885 1144 924 annus
1166 867 1317 942 pubertatis
1339 868 1524 943 pervenerint,
1546 868 1578 924 ad
1601 867 1718 924 maiores

430 951 577 1026 dignitates
599 951 763 1016 ascendunt:
786 969 846 1008 nam
869 952 948 1007 multi
970 969 1064 1008 eorum
1087 953 1227 1027 presides,
1238 953 1436 1027 provinciarum
1452 953 1608 1009 eiiieiuntur
1622 969 1718 1009 secun·

430 1036 496 1092 dnm
518 1037 634 1092 virtutes
657 1044 685 1092 et
706 1038 803 1093 merita
825 1041 934 1099 eoruin,
957 1039 1044 1094 maior
1064 1046 1155 1095 tamen
1178 1056 1241 1111 pars
1263 1055 1357 1094 eorum
1379 1047 1444 1113 post
1466 1054 1550 1094 annos
1566 1037 1718 1112 pubertatis

429 1121 707 1195 ctutudescorporis
730 1121 902 1196 imperatoris
923 1122 1088 1179 efficiuntur.
1127 1123 1164 1179 ita
1193 1123 1221 1178 hi
1250 1124 1296 1197 qni
1324 1123 1414 1179 minias
1441 1123 1546 1179 strenui
1577 1131 1718 1197 apparent,

403 1207 552 1263 stennone
572 1207 720 1280 pristinum
742 1224 840 1264 nomen
863 1216 892 1264 et
912 1209 1041 1264 dicuutur
1061 1207 1252 1283 Spahioglani.
1275 1208 1361 1283 magis
1376 1217 1466 1265 autem
1481 1208 1587 1264 strenui
1601 1208 1720 1282 Solupln·

430 1291 514 1348 tuarii
535 1289 715 1366 appellantur.
752 1292 818 1348 Cum
840 1292 926 1365 igitur
948 1293 1098 1368 Imperator
1120 1294 1173 1349 iter
1194 1294 1273 1356 lacit,
1302 1302 1344 1350 est
1371 1294 1488 1367 stipatus
1511 1311 1560 1349 un·
1582 1285 1590 1353 Ι
1611 1287 1787 1366 mitt.

429 1376 514 1450 dique
534 1376 651 1433 catervis
673 1376 770 1433 borum
792 1379 950 1440 custodum,
974 1379 1001 1433 in
1025 1396 1078 1434 una
1100 1379 1171 1435 enim
1194 1386 1271 1452 parte
1293 1387 1357 1435 sunt
1372 1377 1561 1453 Spahioglani,
1586 1378 1631 1452 qui
1653 1389 1718 1434 suut

429 1460 541 1518 circiter
562 1461 637 1517 mille
658 1470 687 1517 et
708 1463 841 1525 sexcenti,
870 1463 896 1518 in
920 1463 1004 1519 altera
1027 1472 1104 1537 parte
1132 1473 1195 1519 sunt
1217 1463 1418 1538 Soluphtuarii,
1447 1463 1492 1536 qui
1520 1471 1584 1530 sunt
1610 1462 1720 1520 circiter

430 1546 590 1621 quingenti.
615 1546 660 1619 qui
683 1563 778 1603 omnes
800 1549 990 1621 praenominati
1014 1551 1105 1604 vivunt
1127 1566 1159 1604 es
1187 1549 1339 1622 stipendiu;
1369 1548 1560 1621 ingrediuntur
1586 1556 1719 1621 praeterea

397 1631 558 1705 “quotidie
580 1630 710 1725 palatium
732 1631 906 1707 imperatoris
929 1641 1043 1707 propter
1064 1641 1252 1690 ornamentum
1276 1633 1353 1691 aulae.
1396 1633 1465 1688 Sunt
1490 1641 1518 1688 et
1540 1632 1585 1688 alii
1607 1649 1719 1707 magno·

428 1733 492 1773 rum
513 1715 668 1790 principum
689 1717 799 1773 circiter
820 1719 992 1792 septuaginta
1015 1719 1061 1792 qui
1084 1718 1257 1813 appellantur
1271 1717 1480 1814 llutaplraricbi,
1503 1725 1532 1774 et
1546 1717 1573 1774 iri
1588 1718 1650 1792 {m
1612 1712 1643 1747 ¹³¹¹
1633 1714 1719 1764 ΜΝ·

429 1810 497 1857 sunt
511 1799 589 1857 liberi
612 1802 645 1857 ab
669 1803 741 1859 omni
765 1819 848 1859 onere
870 1803 974 1859 militiae
997 1812 1024 1859 et
1047 1803 1131 1867 aulae,
1154 1804 1206 1859 nisi
1229 1822 1290 1860 curn
1312 1804 1371 1878 ipse
1393 1804 1541 1879 imperator
1564 1810 1607 1858 est
1628 1803 1656 1861 in
1672 1823 1718 1863 ex·

429 1886 535 1951 ercitu,
566 1885 618 1960 ipsi
648 1904 757 1961 quoque
785 1905 895 1944 necesse
918 1896 961 1945 est
988 1897 1020 1945 ut
1046 1888 1180 1951 militent;
1209 1889 1354 1962 vivuntque
1382 1905 1413 1944 er
1441 1887 1586 1962 stipendio.
1631 1889 1716 1949 Habet
1726 1908 1785 1959 tar.

429 1971 514 2027 etiam
529 1971 682 2045 lmperator
697 1972 764 2028 alios
780 1973 904 2047 corporis
919 1974 1062 2036 custodes,
1080 1974 1205 2047 quisunt
1222 1974 1317 2047 optimi
1334 1973 1481 2047 Sagittarii,
1498 1971 1576 2028 electi
1592 1976 1600 2042 Ι
1615 1987 1716 2031 sermm.

397 2062 463 2112 ¹⁵01
484 2072 601 2111 numero
622 2055 827 2120 lanizariomm,
852 2057 959 2115 Sotachi
982 2067 1188 2133 nuncupantem
1211 2059 1238 2113 hi
1261 2075 1315 2114 non
1339 2059 1437 2115 vadunt
1453 2058 1479 2112 in
1496 2059 1588 2130 equis,
1611 2068 1639 2115 et
1653 2069 1719 2118 sunt

426 2142 526 2197 armati
547 2141 647 2196 framea
671 2142 757 2204 brevi,
780 2159 844 2199 arcu
867 2161 928 2199 cum
950 2143 1058 2217 sagittis
1087 2144 1203 2218 promtis
1230 2144 1261 2199 ad
1291 2144 1389 2207 ictum:
1419 2141 1581 2216 scbcuplrias
1608 2143 1719 2219 byrreta

428 2227 456 2282 iu
478 2227 569 2301 capite
590 2227 719 2284 deferunt
740 2227 815 2284 albas
837 2237 865 2284 et
886 2238 990 2292 rectas,
1012 2229 1123 2285 circulis
1145 2230 1236 2285 aureis
1258 2229 1409 2291 redimitas,
1433 2237 1460 2285 et
1477 2228 1635 2286 vestimenta
1657 2250 1718 2289 snc-

425 2312 525 2368 cincta.
563 2312 591 2367 hi
613 2313 683 2368 enim
706 2321 771 2369 sunt
793 2314 923 2388 praecipui
951 2314 1080 2371 custodes
1108 2315 1295 2388 Imperatoris,
1324 2331 1385 2370 cum
1414 2314 1440 2368 ιιι
1469 2313 1595 2408 itinere!
1621 2326 1718 2366 οιιιοιιι.

426 2404 483 2460 est,
511 2414 649 2471 nunquam
671 2396 704 2453 ab
734 2416 806 2472 equo
834 2385 1027 2473 Imperatoris
1037 2399 1222 2455 discedentes:
1251 2417 1364 2455 numero
1393 2407 1457 2454 suut
1485 2398 1594 2455 circiter
1615 2401 1718 2475 septin-

399 2481 518 2557 ngenti,
549 2490 578 2539 et
599 2490 663 2539 sunt
685 2483 806 2540 distincti
829 2501 879 2558 per
900 2485 1091 2546 centuriones
1114 2492 1141 2539 et
1162 2485 1254 2539 νιιιιιιι
1283 2500 1314 2538 ex
1343 2483 1487 2558 stipendio
1533 2482 1602 2539 Sunt
1629 2494 1657 2540 et
1678 2486 1776 2543 lai-stit·
1765 2514 1785 2541 ι.

425 2567 547 2630 nitores,
571 2567 617 2641 qui
640 2567 720 2624 ctiam
741 2586 773 2625 en
788 2569 924 2625 lanizariis
939 2578 1079 2632 creantur,
1103 2586 1219 2643 quorum
1236 2585 1363 2624 numerus
1378 2576 1420 2624 est
1435 2568 1507 2630 ΓΒΕ,
1530 2568 1577 2624 Ca·
1593 2562 1648 2632 ltu
1650 2583 1716 2621 mom

425 2652 477 2728 piti
497 2662 645 2717 recautum
667 2653 696 2708 bi
718 2655 800 2711 etiam
821 2656 913 2711 vivunt
935 2672 966 2710 ex
990 2655 1135 2728 stipendio
1173 2655 1218 2710 sed
1241 2661 1269 2710 et
1291 2653 1413 2727 lietherp
1441 2653 1558 2709 tentoria
1586 2662 1614 2709 et
1642 2656 1717 2730 papi·

425 2737 516 2796 lienes
538 2739 700 2802 extendunt,
724 2748 751 2796 et
774 2757 879 2796 omnem
902 2739 1118 2815 suppellectilem
1141 2739 1210 2795 aulae
1225 2739 1389 2812 disponunt;
1413 2739 1459 2812 qui
1475 2739 1583 2795 circiter
1597 2740 1737 2798 sexcenti

425 2832 498 2879 sunt
537 2822 607 2880 Sunt
629 2833 761 2897 praeterea
784 2826 902 2882 artifices
923 2825 1091 2881 diversarum
1113 2826 1227 2887 artium,
1250 2842 1311 2898 quae
1334 2826 1366 2880 ad
1389 2833 1576 2880 ornamentum
1600 2834 1716 2904 'amem

391 2907 495 2965 aaulae
509 2908 686 2983 imperatoris
709 2911 859 2984 pertinent,
884 2910 929 2984 qui
954 2927 1047 2967 omnes
1070 2911 1097 2966 in
1121 2909 1181 2966 aula
1203 2909 1378 2985 lnrperatoris
1394 2909 1486 2964 vivunt
1502 2917 1627 2981 tanquam
1644 2926 1718 2964 man·
1770 2922 1772 2928 '

422 2993 503 3068 cipia.
540 2994 771 3051 lmbrahorltascia
794 3005 835 3052 est
855 2997 986 3069 magister
1000 3012 1164 3068 agasonum:
1187 2994 1328 3051 lmbrahali
1343 2995 1472 3050 dicuntur
1487 2993 1534 3066 qui
1548 2991 1717 3049 distribuunt

423 3078 537 3143 vexilla;
566 3079 773 3152 Segmenbascia
801 3089 844 3137 est
872 3082 1003 3154 magister
1031 3082 1192 3137 venationis.
1236 3079 1295 3135 dtia
1324 3079 1407 3135 multa
1435 3079 1523 3134 cilicia
1552 3079 1716 3134 omittuntur

422 3165 513 3238 gratia
535 3164 685 3220 brevitatis.
730 3165 782 3223 Sed
805 3174 948 3241 postquam
971 3167 1005 3222 de
1032 3166 1251 3240 magistratibus,
1282 3165 1381 3239 quibus
1412 3164 1553 3238 imperium
1581 3159 1784 3236 guberna-⁵³⁰·

422 3259 484 3312 tur,
507 3249 592 3307 etde
615 3250 749 3306 ministris
772 3268 802 3308 arc
823 3251 984 3307 custodibus
1007 3253 1132 3324 corporis
1148 3251 1322 3325 imperatoris
1338 3249 1443 3305 abunde
1458 3249 1648 3310 disseruimus,
1671 3267 1717 3304 su·

388 3343 520 3409 superest
543 3343 573 3390 ut
594 3335 628 3391 de
650 3335 798 3407 generibus
820 3337 936 3393 militum
959 3346 987 3392 et
1009 3337 1090 3392 modo
1112 3337 1289 3393 construendi
1305 3335 1453 3391 exercitum
1469 3351 1621 3390 sermonem
1637 3334 1717 3391 sacia·

421 3437 491 3476 mus.
530 3419 599 3475 Sunt
622 3420 660 3474 ita
681 3420 788 3476 diversa
809 3439 909 3494 genera
931 3421 1071 3484 militum,'
1086 3421 1210 3478 videlicet
1226 3421 1375 3482 Thimarci,
1397 3419 1526 3482 laniaari,
1542 3413 1613 3484 ιιι-Ι
1634 3414 1714 3499 ξξξξξῗ

421 3505 481 3579 sapi
502 3514 532 3562 et
554 3505 686 3578 decangi,
709 3506 741 3562 de
766 3506 864 3581 quilius
887 3505 1044 3580 singillatim
1068 3507 1252 3563 tractabimus.
1290 3505 1424 3561 Thimarci
1447 3513 1511 3560 sunt
1533 3505 1581 3560 mi·
1604 3508 1718 3578 trunam.

421 3588 485 3646 lites
507 3591 616 3664 equites
639 3607 749 3654 omnes,
773 3591 871 3665 quibus
894 3609 961 3664 ager
982 3591 1016 3647 ab
1039 3592 1203 3667 imperatore
1226 3590 1376 3647 attributus
1399 3597 1455 3652 est,
1478 3589 1549 3646 unde
1573 3590 1632 3663 ipse
1654 3599 1715 3644 cum

422 3684 542 3748 quatuor
562 3675 695 3731 militibus
719 3676 839 3733 loricatis
868 3677 956 3732 vivere
984 3677 1087 3750 possit,
1117 3686 1145 3733 et
1174 3678 1214 3732 sic
1241 3677 1350 3732 Thimar
1377 3676 1447 3750 apud
1475 3692 1524 3731 eos
1551 3673 1717 3747 intelligitur

380 3773 494 3833 onager
510 3777 595 3823 unus.
617 3761 729 3835 dequo
752 3762 872 3836 quinque
895 3761 995 3818 milites
1017 3762 1109 3817 vivunt
1130 3780 1163 3818 ex
1184 3763 1296 3819 decimis
1312 3778 1361 3835 per
1376 3759 1501 3817 subditos
1516 3760 1715 3833 provinciarum

389 3845 454 3901 ‘dc
474 3845 603 3902 domibus
631 3854 658 3902 et
686 3847 812 3903 omnibus
840 3855 920 3904 terrm
948 3847 1124 3902 irascentibus
1152 3848 1237 3910 elatis,
1266 3847 1387 3920 quamvis
1415 3846 1466 3920 ipsi
1498 3844 1556 3919 agri
1585 3862 1638 3902 nun
1661 3845 1717 3922 sint

421 3931 555 4005 aequales,
580 3931 644 4005 quia
659 3928 759 4004 aliquis
774 3940 816 3988 est
832 3933 878 4006 qui
894 3939 987 4006 potest
1008 3932 1088 3987 dividi
1110 3933 1137 3987 in
1153 3933 1212 3994 XX,
1235 3933 1301 3988 XXX
1323 3939 1351 3987 et
1366 3931 1409 3986 XL
1431 3937 1523 4004 partes
1539 3930 1665 3992 Thimar,
1688 3938 1716 3985 et

421 4027 510 4072 umen
540 4015 574 4071 ab
602 4033 657 4072 uno
686 4017 857 4090 possidetur:
888 4017 935 4073 sed
964 4016 996 4073 od
1026 4017 1113 4072 instar
1140 4017 1335 4091 magnitudinis
1368 4017 1427 4089 agri
1450 4023 1630 4110 proventuum
1654 4014 1716 4070 talis

420 4116 565 4175 possessor
587 4101 694 4175 equites
717 4103 773 4157 sire
795 4101 895 4157 milites
919 4109 1001 4157 tenet.
1048 4103 1119 4158 uude
1146 4103 1310 4176 computatis
1339 4100 1464 4157 omnibus
1492 4101 1567 4173 agris
1592 4099 1716 4155 militari·

379 4186 471 4241 ‘ubas
493 4185 644 4243 maioribus
665 4195 694 4242 et
715 4187 882 4248 minoribus,
912 4188 958 4260 qui
982 4187 1152 4243 habentur
1145 4205 1172 4242 ru
1194 4188 1339 4248 Romania,
1368 4202 1482 4241 numero
1502 4182 1510 4251 Ι
1531 4178 1623 4222 ΛΜ·
1634 4178 1716 4216 ΜΠ

419 4280 484 4326 sum
509 4280 631 4345 quatuor
657 4270 741 4328 millia
770 4279 798 4327 et
826 4272 984 4345 quingenti:
1018 4273 1044 4327 in
1073 4271 1178 4328 Notolia
1212 4289 1276 4328 vero
1309 4271 1380 4326 iacta
1413 4270 1495 4331 simili
1522 4231 1716 4344 supputatione

419 4373 534 4412 numero
563 4364 628 4411 sunt
657 4357 778 4430 quinque
805 4356 890 4413 millia
918 4367 946 4413 et
975 4357 1117 4431 quingenti
1147 4357 1263 4418 milites:
1298 4372 1329 4411 ex
1362 4355 1462 4428 quibus
1496 4354 1622 4411 omnibus
1653 4355 1716 4410 Tiri·

419 4458 493 4503 mar,
525 4441 552 4496 in
578 4440 683 4497 liatolia
712 4441 816 4498 scilicet
838 4451 866 4497 et
888 4442 1031 4504 Romania,
1066 4442 1201 4498 resultant
1235 4441 1432 4516 quinquaginta
1464 4437 1549 4495 miliia
1584 4440 1714 4514 equitum.

419 4526 465 4599 qui
494 4542 589 4582 omnes
612 4525 742 4582 obediunt
764 4528 822 4582 suis
851 4527 1026 4601 presidibus,
1054 4536 1083 4583 et
1112 4543 1219 4602 semper
1245 4533 1318 4581 stant
1346 4525 1433 4599 parati
1460 4524 1493 4580 ad
1522 4522 1637 4588 bellum,
1665 4541 1715 4581 nec

388 4610 492 4666 ualind
507 4610 665 4667 alimentum
681 4612 782 4668 habent
796 4629 877 4686 quam
891 4629 924 4668 ex
939 4613 1013 4685 agris
1034 4612 1097 4668 iltis.
1136 4612 1289 4669 Secundum
1311 4619 1400 4665 aritem
1424 4626 1510 4683 genus
1533 4608 1649 4666 militum
1670 4615 1782 4666 ostiae

418 4696 594 4770 quilauiaari
622 4697 764 4753 dicuntur:
793 4714 888 4753 omnes
915 4698 988 4752 enim
1016 4698 1121 4770 pedites
1149 4706 1228 4764 suut,
1258 4705 1286 4754 et
1313 4714 1345 4751 er
1375 4694 1511 4769 stipendio
1532 4696 1581 4751 lm·
1603 4689 1714 4758 Ιιιιιιιιι

418 4780 556 4856 peratoris
578 4781 683 4843 vivunt,
712 4790 741 4838 et
767 4798 877 4856 semper
904 4790 969 4837 sunt
996 4782 1043 4837 ubi
1073 4782 1224 4857 Imperator
1250 4790 1301 4839 est.
1338 4781 1425 4836 maior
1454 4797 1517 4854 pars
1547 4795 1643 4837 eorum
1671 4786 1714 4834 est

452 4963 472 4996 ¹⁶
490 4963 636 5030 uchcsph.]
656 4964 771 5030 cuphies
785 4962 881 5029 (sciffo,
902 4963 1037 5027 demittitis).
1073 4961 1096 4995 ²²
1113 4964 1253 5029 Metbery,
1273 4965 1395 5014 tentorio
1406 4970 1439 5013 ιι.
1481 4960 1556 4998 ’Μ’
1574 4963 1711 5013 hostien.

416 5046 438 5082 ⁸¹
455 5052 473 5100 ἱ.
486 5049 584 5115 nequ·
629 5047 653 5083 ⁸⁸
670 5049 706 5100 cd
723 5050 742 5100 i.
756 5046 803 5116 tn]
819 5064 870 5114 pro
888 5064 919 5098 ιιι.
954 5047 977 5080 ⁸⁹
995 5046 1109 5114 milites]
1120 5049 1236 5114 pedites.
1279 5047 1302 5081 ⁴³
1318 5047 1464 5116 resultant]
1481 5047 1634 5111 efficiatum.
