<?xml version="1.0" encoding="UTF-8"?>
<!DOCTYPE html PUBLIC "-//W3C//DTD XHTML 1.0 Transitional//EN"
    "http://www.w3.org/TR/xhtml1/DTD/xhtml1-transitional.dtd">
<html xmlns="http://www.w3.org/1999/xhtml" xml:lang="en" lang="en">
 <head>
  <title>
</title>
<meta http-equiv="Content-Type" content="text/html;charset=utf-8" />
  <meta name='ocr-system' content='tesseract 3.04.00' />
  <meta name='ocr-capabilities' content='ocr_page ocr_carea ocr_par ocr_line ocrx_word'/>
</head>
<body>
  <div class='ocr_page' id='page_1' title='image "./ulrichihuttenie01huttgoog/ulrichihuttenie01huttgoog_0268.png"; bbox 0 0 4300 6059; ppageno 0'>
   <div class='ocr_carea' id='block_1_1' title="bbox 460 682 1700 756">
    <p class='ocr_par' dir='ltr' id='par_1_1' title="bbox 460 682 1700 756">
     <span class='ocr_line' id='line_1_1' title="bbox 460 682 1700 756; baseline 0 -8"><span class='ocrx_word' id='word_1_1' title='bbox 460 682 533 756; x_wconf 76' lang='lat'><strong>258</strong></span> <span class='ocrx_word' id='word_1_2' title='bbox 570 713 706 749; x_wconf 76' lang='lat' dir='ltr'><strong>metuunt</strong></span> <span class='ocrx_word' id='word_1_3' title='bbox 719 713 892 750; x_wconf 66' lang='lat' dir='ltr'><strong>astruentur</strong></span> <span class='ocrx_word' id='word_1_4' title='bbox 905 713 1008 749; x_wconf 74' lang='lat' dir='ltr'>ORATIO</span> <span class='ocrx_word' id='word_1_5' title='bbox 1021 715 1055 748; x_wconf 83' lang='lat' dir='ltr'><strong>ott</strong></span> <span class='ocrx_word' id='word_1_6' title='bbox 1068 713 1255 748; x_wconf 70' lang='lat' dir='ltr'><strong>EXPEDITIONB</strong></span> <span class='ocrx_word' id='word_1_7' title='bbox 1268 712 1377 748; x_wconf 75' lang='lat' dir='ltr'><strong>coum</strong></span> <span class='ocrx_word' id='word_1_8' title='bbox 1389 714 1493 749; x_wconf 77' lang='lat' dir='ltr'><strong>TVRGAS</strong></span> <span class='ocrx_word' id='word_1_9' title='bbox 1507 710 1700 750; x_wconf 76' lang='lat' dir='ltr'><strong>st&#39;sctrtlttm.</strong></span> 
     </span>
    </p>
   </div>
   <div class='ocr_carea' id='block_1_2' title="bbox 457 869 1742 1200">
    <p class='ocr_par' dir='ltr' id='par_1_2' title="bbox 457 869 1742 1200">
     <span class='ocr_line' id='line_1_2' title="bbox 458 869 1742 957; baseline 0 -29"><span class='ocrx_word' id='word_1_10' title='bbox 458 873 518 930; x_wconf 91' lang='lat' dir='ltr'><strong>dem</strong></span> <span class='ocrx_word' id='word_1_11' title='bbox 541 873 598 928; x_wconf 90' lang='lat' dir='ltr'><strong>lere</strong></span> <span class='ocrx_word' id='word_1_12' title='bbox 620 871 787 946; x_wconf 81' lang='lat' dir='ltr'><strong>temporibus</strong></span> <span class='ocrx_word' id='word_1_13' title='bbox 816 872 872 928; x_wconf 82' lang='lat' dir='ltr'><strong>baec</strong></span> <span class='ocrx_word' id='word_1_14' title='bbox 899 871 1051 944; x_wconf 82' lang='lat' dir='ltr'><strong>contigere.</strong></span> <span class='ocrx_word' id='word_1_15' title='bbox 1082 870 1179 945; x_wconf 91' lang='lat' dir='ltr'><strong>quibus</strong></span> <span class='ocrx_word' id='word_1_16' title='bbox 1201 888 1216 926; x_wconf 92' lang='lat' dir='ltr'><strong>a</strong></span> <span class='ocrx_word' id='word_1_17' title='bbox 1238 869 1372 928; x_wconf 75' lang='lat' dir='ltr'><strong>celestino</strong></span> <span class='ocrx_word' id='word_1_18' title='bbox 1388 871 1447 927; x_wconf 92' lang='lat' dir='ltr'><strong>.lll.</strong></span> <span class='ocrx_word' id='word_1_19' title='bbox 1470 870 1742 957; x_wconf 51' lang='lat' dir='ltr'><strong>pontibcgnsaximu</strong></span> 
     </span>
     <span class='ocr_line' id='line_1_3' title="bbox 458 955 1739 1034; baseline -0.002 -20"><span class='ocrx_word' id='word_1_20' title='bbox 458 957 680 1034; x_wconf 62' lang='lat' dir='ltr'><strong>archiepiscopus</strong></span> <span class='ocrx_word' id='word_1_21' title='bbox 699 956 871 1030; x_wconf 87' lang='lat' dir='ltr'><strong>llaguntinus</strong></span> <span class='ocrx_word' id='word_1_22' title='bbox 893 965 921 1012; x_wconf 90' lang='lat' dir='ltr'><strong>ct</strong></span> <span class='ocrx_word' id='word_1_23' title='bbox 936 955 1058 1012; x_wconf 79' lang='lat' dir='ltr'><strong>Saroniae</strong></span> <span class='ocrx_word' id='word_1_24' title='bbox 1080 957 1134 1012; x_wconf 81' lang='lat' dir='ltr'><strong>dtur</strong></span> <span class='ocrx_word' id='word_1_25' title='bbox 1155 972 1215 1011; x_wconf 91' lang='lat' dir='ltr'><strong>cum</strong></span> <span class='ocrx_word' id='word_1_26' title='bbox 1238 956 1428 1029; x_wconf 89' lang='lat' dir='ltr'><strong>potentissima</strong></span> <span class='ocrx_word' id='word_1_27' title='bbox 1442 956 1635 1013; x_wconf 91' lang='lat' dir='ltr'><strong>Germanorum</strong></span> <span class='ocrx_word' id='word_1_28' title='bbox 1658 972 1739 1012; x_wconf 85' lang='lat' dir='ltr'><strong>manu</strong></span> 
     </span>
     <span class='ocr_line' id='line_1_4' title="bbox 458 1039 1739 1115; baseline 0 -17"><span class='ocrx_word' id='word_1_29' title='bbox 458 1042 486 1098; x_wconf 94' lang='lat' dir='ltr'><strong>in</strong></span> <span class='ocrx_word' id='word_1_30' title='bbox 508 1042 597 1098; x_wconf 77' lang='lat' dir='ltr'><strong>Asiam</strong></span> <span class='ocrx_word' id='word_1_31' title='bbox 619 1041 694 1096; x_wconf 90' lang='lat' dir='ltr'><strong>missi</strong></span> <span class='ocrx_word' id='word_1_32' title='bbox 718 1050 795 1103; x_wconf 89' lang='lat' dir='ltr'><strong>sunt,</strong></span> <span class='ocrx_word' id='word_1_33' title='bbox 818 1049 946 1115; x_wconf 90' lang='lat' dir='ltr'><strong>certeque</strong></span> <span class='ocrx_word' id='word_1_34' title='bbox 968 1039 1034 1097; x_wconf 93' lang='lat' dir='ltr'><strong>illud</strong></span> <span class='ocrx_word' id='word_1_35' title='bbox 1057 1040 1190 1096; x_wconf 79' lang='lat' dir='ltr'><strong>affirmare</strong></span> <span class='ocrx_word' id='word_1_36' title='bbox 1212 1041 1312 1102; x_wconf 89' lang='lat' dir='ltr'><strong>ausim,</strong></span> <span class='ocrx_word' id='word_1_37' title='bbox 1336 1041 1388 1096; x_wconf 89' lang='lat' dir='ltr'><strong>nisi</strong></span> <span class='ocrx_word' id='word_1_38' title='bbox 1411 1041 1534 1097; x_wconf 79' lang='lat' dir='ltr'><strong>Germani</strong></span> <span class='ocrx_word' id='word_1_39' title='bbox 1558 1041 1634 1115; x_wconf 90' lang='lat' dir='ltr'><strong>(pace</strong></span> <span class='ocrx_word' id='word_1_40' title='bbox 1650 1051 1739 1098; x_wconf 87' lang='lat' dir='ltr'><strong>autem</strong></span> 
     </span>
     <span class='ocr_line' id='line_1_5' title="bbox 457 1101 1740 1200; baseline -0.002 -17"><span class='ocrx_word' id='word_1_41' title='bbox 457 1144 551 1183; x_wconf 91' lang='lat' dir='ltr'><strong>eorum</strong></span> <span class='ocrx_word' id='word_1_42' title='bbox 573 1127 673 1183; x_wconf 90' lang='lat' dir='ltr'><strong>dictum</strong></span> <span class='ocrx_word' id='word_1_43' title='bbox 689 1101 812 1200; x_wconf 50' lang='lat' dir='ltr'><strong>sitfiqui</strong></span> <span class='ocrx_word' id='word_1_44' title='bbox 836 1127 863 1181; x_wconf 90' lang='lat' dir='ltr'><strong>in</strong></span> <span class='ocrx_word' id='word_1_45' title='bbox 886 1127 948 1182; x_wconf 79' lang='lat' dir='ltr'><strong>Asia</strong></span> <span class='ocrx_word' id='word_1_46' title='bbox 971 1134 1034 1183; x_wconf 90' lang='lat' dir='ltr'><strong>tunc</strong></span> <span class='ocrx_word' id='word_1_47' title='bbox 1055 1125 1220 1196; x_wconf 88' lang='lat' dir='ltr'><strong>militabant,</strong></span> <span class='ocrx_word' id='word_1_48' title='bbox 1247 1143 1308 1182; x_wconf 92' lang='lat' dir='ltr'><strong>cum</strong></span> <span class='ocrx_word' id='word_1_49' title='bbox 1331 1125 1438 1182; x_wconf 90' lang='lat' dir='ltr'><strong>Henrici</strong></span> <span class='ocrx_word' id='word_1_50' title='bbox 1467 1126 1639 1200; x_wconf 86' lang='lat' dir='ltr'><strong>imperatoris</strong></span> <span class='ocrx_word' id='word_1_51' title='bbox 1667 1143 1740 1181; x_wconf 90' lang='lat' dir='ltr'><strong>mor·</strong></span> 
     </span>
    </p>
   </div>
   <div class='ocr_carea' id='block_1_3' title="bbox 363 1209 1803 4087">
    <p class='ocr_par' dir='ltr' id='par_1_3' title="bbox 363 1209 1803 4087">
     <span class='ocr_line' id='line_1_6' title="bbox 457 1209 1761 1284; baseline -0.001 -17"><span class='ocrx_word' id='word_1_52' title='bbox 457 1220 510 1269; x_wconf 91' lang='lat' dir='ltr'><strong>tem</strong></span> <span class='ocrx_word' id='word_1_53' title='bbox 533 1210 744 1273; x_wconf 82' lang='lat' dir='ltr'><strong>intellexissent,</strong></span> <span class='ocrx_word' id='word_1_54' title='bbox 774 1209 871 1283; x_wconf 78' lang='lat' dir='ltr'><strong>relicto</strong></span> <span class='ocrx_word' id='word_1_55' title='bbox 893 1211 1012 1267; x_wconf 80' lang='lat' dir='ltr'><strong>Asiatico</strong></span> <span class='ocrx_word' id='word_1_56' title='bbox 1040 1210 1113 1268; x_wconf 93' lang='lat' dir='ltr'><strong>bello</strong></span> <span class='ocrx_word' id='word_1_57' title='bbox 1141 1212 1167 1270; x_wconf 90' lang='lat' dir='ltr'><strong>in</strong></span> <span class='ocrx_word' id='word_1_58' title='bbox 1190 1211 1325 1284; x_wconf 81' lang='lat' dir='ltr'><strong>Europam</strong></span> <span class='ocrx_word' id='word_1_59' title='bbox 1346 1228 1407 1268; x_wconf 89' lang='lat' dir='ltr'><strong>curn</strong></span> <span class='ocrx_word' id='word_1_60' title='bbox 1435 1211 1550 1268; x_wconf 81' lang='lat' dir='ltr'><strong>maximo</strong></span> <span class='ocrx_word' id='word_1_61' title='bbox 1571 1210 1761 1267; x_wconf 79' lang='lat' dir='ltr'><strong>Christiano-a</strong></span> 
     </span>
     <span class='ocr_line' id='line_1_7' title="bbox 456 1295 1741 1370; baseline 0.001 -17"><span class='ocrx_word' id='word_1_62' title='bbox 456 1314 517 1353; x_wconf 92' lang='lat' dir='ltr'><strong>rum</strong></span> <span class='ocrx_word' id='word_1_63' title='bbox 538 1297 650 1360; x_wconf 85' lang='lat' dir='ltr'><strong>damno,</strong></span> <span class='ocrx_word' id='word_1_64' title='bbox 673 1296 720 1352; x_wconf 84' lang='lat' dir='ltr'><strong>sed</strong></span> <span class='ocrx_word' id='word_1_65' title='bbox 742 1296 912 1370; x_wconf 87' lang='lat' dir='ltr'><strong>potissimum</strong></span> <span class='ocrx_word' id='word_1_66' title='bbox 935 1295 1120 1369; x_wconf 87' lang='lat' dir='ltr'><strong>loppensium.</strong></span> <span class='ocrx_word' id='word_1_67' title='bbox 1148 1295 1267 1369; x_wconf 86' lang='lat' dir='ltr'><strong>inques</strong></span> <span class='ocrx_word' id='word_1_68' title='bbox 1290 1297 1362 1352; x_wconf 91' lang='lat' dir='ltr'><strong>omni</strong></span> <span class='ocrx_word' id='word_1_69' title='bbox 1385 1314 1436 1370; x_wconf 91' lang='lat' dir='ltr'><strong>ope</strong></span> <span class='ocrx_word' id='word_1_70' title='bbox 1458 1296 1605 1353; x_wconf 90' lang='lat' dir='ltr'><strong>destitutos</strong></span> <span class='ocrx_word' id='word_1_71' title='bbox 1627 1295 1741 1354; x_wconf 73' lang='lat' dir='ltr'><strong>thares</strong></span> 
     </span>
     <span class='ocr_line' id='line_1_8' title="bbox 457 1379 1740 1456; baseline 0 -19"><span class='ocrx_word' id='word_1_72' title='bbox 457 1381 634 1456; x_wconf 86' lang='lat' dir='ltr'><strong>Saracenique</strong></span> <span class='ocrx_word' id='word_1_73' title='bbox 657 1381 786 1454; x_wconf 91' lang='lat' dir='ltr'><strong>impetum</strong></span> <span class='ocrx_word' id='word_1_74' title='bbox 808 1379 937 1437; x_wconf 81' lang='lat' dir='ltr'><strong>facientes</strong></span> <span class='ocrx_word' id='word_1_75' title='bbox 960 1398 1052 1440; x_wconf 86' lang='lat' dir='ltr'><strong>ornnes</strong></span> <span class='ocrx_word' id='word_1_76' title='bbox 1074 1380 1108 1436; x_wconf 91' lang='lat' dir='ltr'><strong>ad</strong></span> <span class='ocrx_word' id='word_1_77' title='bbox 1123 1397 1206 1435; x_wconf 91' lang='lat' dir='ltr'><strong>unum</strong></span> <span class='ocrx_word' id='word_1_78' title='bbox 1222 1380 1428 1442; x_wconf 82' lang='lat' dir='ltr'><strong>iuterfecerunt.</strong></span> <span class='ocrx_word' id='word_1_79' title='bbox 1453 1381 1636 1442; x_wconf 83' lang='lat' dir='ltr'><strong>traiecissem,</strong></span> <span class='ocrx_word' id='word_1_80' title='bbox 1659 1379 1740 1437; x_wconf 87' lang='lat' dir='ltr'><strong>lacile</strong></span> 
     </span>
     <span class='ocr_line' id='line_1_9' title="bbox 456 1461 1742 1542; baseline -0.002 -19"><span class='ocrx_word' id='word_1_81' title='bbox 456 1465 614 1523; x_wconf 79' lang='lat' dir='ltr'><strong>crediderim</strong></span> <span class='ocrx_word' id='word_1_82' title='bbox 637 1463 702 1521; x_wconf 91' lang='lat' dir='ltr'><strong>illud</strong></span> <span class='ocrx_word' id='word_1_83' title='bbox 717 1464 991 1542; x_wconf 77' lang='lat' dir='ltr'><strong>hierosolymitanum</strong></span> <span class='ocrx_word' id='word_1_84' title='bbox 1014 1481 1127 1538; x_wconf 90' lang='lat' dir='ltr'><strong>regnum</strong></span> <span class='ocrx_word' id='word_1_85' title='bbox 1149 1464 1200 1521; x_wconf 91' lang='lat' dir='ltr'><strong>snb</strong></span> <span class='ocrx_word' id='word_1_86' title='bbox 1215 1464 1372 1522; x_wconf 86' lang='lat' dir='ltr'><strong>Christianis</strong></span> <span class='ocrx_word' id='word_1_87' title='bbox 1394 1461 1562 1539; x_wconf 89' lang='lat' dir='ltr'><strong>principibus</strong></span> <span class='ocrx_word' id='word_1_88' title='bbox 1584 1465 1671 1521; x_wconf 89' lang='lat' dir='ltr'><strong>adbuc</strong></span> <span class='ocrx_word' id='word_1_89' title='bbox 1692 1465 1742 1521; x_wconf 91' lang='lat' dir='ltr'><strong>du·</strong></span> 
     </span>
     <span class='ocr_line' id='line_1_10' title="bbox 388 1548 1741 1624; baseline -0.002 -14"><span class='ocrx_word' id='word_1_90' title='bbox 388 1557 587 1610; x_wconf 66' lang='lat' dir='ltr'><strong>libraturum.</strong></span> <span class='ocrx_word' id='word_1_91' title='bbox 624 1550 686 1606; x_wconf 90' lang='lat' dir='ltr'><strong>lude</strong></span> <span class='ocrx_word' id='word_1_92' title='bbox 708 1548 837 1623; x_wconf 87' lang='lat' dir='ltr'><strong>paulatim</strong></span> <span class='ocrx_word' id='word_1_93' title='bbox 859 1550 1002 1605; x_wconf 77' lang='lat' dir='ltr'><strong>Christiani</strong></span> <span class='ocrx_word' id='word_1_94' title='bbox 1024 1550 1141 1606; x_wconf 91' lang='lat' dir='ltr'><strong>nominis</strong></span> <span class='ocrx_word' id='word_1_95' title='bbox 1163 1550 1272 1606; x_wconf 82' lang='lat' dir='ltr'><strong>fortuna</strong></span> <span class='ocrx_word' id='word_1_96' title='bbox 1294 1549 1372 1606; x_wconf 91' lang='lat' dir='ltr'><strong>simul</strong></span> <span class='ocrx_word' id='word_1_97' title='bbox 1388 1568 1418 1607; x_wconf 91' lang='lat' dir='ltr'><strong>ac</strong></span> <span class='ocrx_word' id='word_1_98' title='bbox 1433 1550 1542 1624; x_wconf 88' lang='lat' dir='ltr'><strong>pietatis</strong></span> <span class='ocrx_word' id='word_1_99' title='bbox 1558 1550 1649 1606; x_wconf 84' lang='lat' dir='ltr'><strong>ferror</strong></span> <span class='ocrx_word' id='word_1_100' title='bbox 1663 1558 1741 1607; x_wconf 90' lang='lat' dir='ltr'><strong>retro</strong></span> 
     </span>
     <span class='ocr_line' id='line_1_11' title="bbox 439 1633 1775 1710; baseline -0.002 -18"><span class='ocrx_word' id='word_1_101' title='bbox 439 1636 511 1692; x_wconf 87' lang='lat' dir='ltr'><strong>·labi</strong></span> <span class='ocrx_word' id='word_1_102' title='bbox 535 1636 654 1710; x_wconf 91' lang='lat' dir='ltr'><strong>occepit:</strong></span> <span class='ocrx_word' id='word_1_103' title='bbox 676 1653 736 1691; x_wconf 88' lang='lat' dir='ltr'><strong>nam</strong></span> <span class='ocrx_word' id='word_1_104' title='bbox 758 1636 857 1709; x_wconf 79' lang='lat' dir='ltr'><strong>saepius</strong></span> <span class='ocrx_word' id='word_1_105' title='bbox 879 1635 1031 1693; x_wconf 90' lang='lat' dir='ltr'><strong>huiusmodi</strong></span> <span class='ocrx_word' id='word_1_106' title='bbox 1054 1635 1133 1691; x_wconf 90' lang='lat' dir='ltr'><strong>nobis</strong></span> <span class='ocrx_word' id='word_1_107' title='bbox 1155 1635 1320 1708; x_wconf 81' lang='lat' dir='ltr'><strong>prouinciam</strong></span> <span class='ocrx_word' id='word_1_108' title='bbox 1334 1635 1473 1708; x_wconf 79' lang='lat' dir='ltr'><strong>aggressis</strong></span> <span class='ocrx_word' id='word_1_109' title='bbox 1488 1635 1613 1697; x_wconf 79' lang='lat' dir='ltr'><strong>maxima,</strong></span> <span class='ocrx_word' id='word_1_110' title='bbox 1636 1643 1667 1690; x_wconf 92' lang='lat' dir='ltr'><strong>nt</strong></span> <span class='ocrx_word' id='word_1_111' title='bbox 1687 1633 1775 1690; x_wconf 86' lang='lat' dir='ltr'><strong>subto</strong></span> 
     </span>
     <span class='ocr_line' id='line_1_12' title="bbox 456 1719 1741 1796; baseline -0.002 -19"><span class='ocrx_word' id='word_1_112' title='bbox 456 1722 589 1796; x_wconf 79' lang='lat' dir='ltr'><strong>Gregorio</strong></span> <span class='ocrx_word' id='word_1_113' title='bbox 611 1737 685 1777; x_wconf 92' lang='lat' dir='ltr'><strong>nono</strong></span> <span class='ocrx_word' id='word_1_114' title='bbox 707 1719 834 1793; x_wconf 83' lang='lat' dir='ltr'><strong>pontifice</strong></span> <span class='ocrx_word' id='word_1_115' title='bbox 856 1720 970 1776; x_wconf 82' lang='lat' dir='ltr'><strong>maximo</strong></span> <span class='ocrx_word' id='word_1_116' title='bbox 992 1721 1122 1792; x_wconf 88' lang='lat' dir='ltr'><strong>contigit,</strong></span> <span class='ocrx_word' id='word_1_117' title='bbox 1146 1721 1248 1776; x_wconf 88' lang='lat' dir='ltr'><strong>iactura</strong></span> <span class='ocrx_word' id='word_1_118' title='bbox 1269 1719 1344 1776; x_wconf 86' lang='lat' dir='ltr'><strong>illata</strong></span> <span class='ocrx_word' id='word_1_119' title='bbox 1366 1729 1417 1776; x_wconf 90' lang='lat' dir='ltr'><strong>est.</strong></span> <span class='ocrx_word' id='word_1_120' title='bbox 1461 1721 1600 1777; x_wconf 82' lang='lat' dir='ltr'><strong>llevixerat</strong></span> <span class='ocrx_word' id='word_1_121' title='bbox 1622 1736 1676 1776; x_wconf 94' lang='lat' dir='ltr'><strong>non</strong></span> <span class='ocrx_word' id='word_1_122' title='bbox 1693 1737 1741 1793; x_wconf 90' lang='lat' dir='ltr'><strong>pa·</strong></span> 
     </span>
     <span class='ocr_line' id='line_1_13' title="bbox 455 1803 1740 1878; baseline -0.003 -15"><span class='ocrx_word' id='word_1_123' title='bbox 455 1825 516 1866; x_wconf 89' lang='lat' dir='ltr'><strong>rum</strong></span> <span class='ocrx_word' id='word_1_124' title='bbox 537 1807 623 1862; x_wconf 87' lang='lat' dir='ltr'><strong>virtus</strong></span> <span class='ocrx_word' id='word_1_125' title='bbox 645 1814 673 1861; x_wconf 89' lang='lat' dir='ltr'><strong>et</strong></span> <span class='ocrx_word' id='word_1_126' title='bbox 694 1803 782 1878; x_wconf 86' lang='lat' dir='ltr'><strong>gloria</strong></span> <span class='ocrx_word' id='word_1_127' title='bbox 803 1805 831 1860; x_wconf 91' lang='lat' dir='ltr'><strong>in</strong></span> <span class='ocrx_word' id='word_1_128' title='bbox 854 1805 956 1863; x_wconf 91' lang='lat' dir='ltr'><strong>nostris</strong></span> <span class='ocrx_word' id='word_1_129' title='bbox 977 1805 1147 1878; x_wconf 89' lang='lat' dir='ltr'><strong>principibus</strong></span> <span class='ocrx_word' id='word_1_130' title='bbox 1168 1805 1219 1861; x_wconf 91' lang='lat' dir='ltr'><strong>sub</strong></span> <span class='ocrx_word' id='word_1_131' title='bbox 1234 1804 1351 1868; x_wconf 76' lang='lat' dir='ltr'><strong>Gallitta,</strong></span> <span class='ocrx_word' id='word_1_132' title='bbox 1376 1813 1534 1878; x_wconf 85' lang='lat' dir='ltr'><strong>tantumque</strong></span> <span class='ocrx_word' id='word_1_133' title='bbox 1556 1805 1740 1861; x_wconf 77' lang='lat' dir='ltr'><strong>fortunae-rni-</strong></span> 
     </span>
     <span class='ocr_line' id='line_1_14' title="bbox 454 1889 1794 1964; baseline -0.001 -18"><span class='ocrx_word' id='word_1_134' title='bbox 454 1891 549 1948; x_wconf 87' lang='lat' dir='ltr'><strong>litibus</strong></span> <span class='ocrx_word' id='word_1_135' title='bbox 571 1891 673 1947; x_wconf 87' lang='lat' dir='ltr'><strong>nostris</strong></span> <span class='ocrx_word' id='word_1_136' title='bbox 695 1890 766 1964; x_wconf 89' lang='lat' dir='ltr'><strong>apud</strong></span> <span class='ocrx_word' id='word_1_137' title='bbox 781 1889 941 1963; x_wconf 85' lang='lat' dir='ltr'><strong>belgradum</strong></span> <span class='ocrx_word' id='word_1_138' title='bbox 963 1890 1091 1964; x_wconf 89' lang='lat' dir='ltr'><strong>oppidum</strong></span> <span class='ocrx_word' id='word_1_139' title='bbox 1105 1889 1274 1946; x_wconf 76' lang='lat' dir='ltr'><strong>certantibus</strong></span> <span class='ocrx_word' id='word_1_140' title='bbox 1288 1898 1452 1952; x_wconf 87' lang='lat' dir='ltr'><strong>accesserat,</strong></span> <span class='ocrx_word' id='word_1_141' title='bbox 1475 1899 1506 1945; x_wconf 92' lang='lat' dir='ltr'><strong>ut</strong></span> <span class='ocrx_word' id='word_1_142' title='bbox 1527 1891 1579 1946; x_wconf 89' lang='lat' dir='ltr'><strong>nisi</strong></span> <span class='ocrx_word' id='word_1_143' title='bbox 1594 1889 1739 1945; x_wconf 84' lang='lat' dir='ltr'><strong>Christiani</strong></span> <span class='ocrx_word' id='word_1_144' title='bbox 1790 1927 1794 1934; x_wconf 58' lang='lat'>=</span> 
     </span>
     <span class='ocr_line' id='line_1_15' title="bbox 455 1972 1741 2049; baseline 0 -18"><span class='ocrx_word' id='word_1_145' title='bbox 455 1977 591 2033; x_wconf 88' lang='lat' dir='ltr'><strong>intestinis</strong></span> <span class='ocrx_word' id='word_1_146' title='bbox 619 1973 696 2030; x_wconf 91' lang='lat' dir='ltr'><strong>malis</strong></span> <span class='ocrx_word' id='word_1_147' title='bbox 724 1973 932 2036; x_wconf 85' lang='lat' dir='ltr'><strong>laboravissent.</strong></span> <span class='ocrx_word' id='word_1_148' title='bbox 960 1975 993 2030; x_wconf 91' lang='lat' dir='ltr'><strong>de</strong></span> <span class='ocrx_word' id='word_1_149' title='bbox 1022 1975 1188 2031; x_wconf 83' lang='lat' dir='ltr'><strong>&#39;lburcarum</strong></span> <span class='ocrx_word' id='word_1_150' title='bbox 1215 1976 1336 2037; x_wconf 87' lang='lat' dir='ltr'><strong>nomine,</strong></span> <span class='ocrx_word' id='word_1_151' title='bbox 1370 1974 1593 2049; x_wconf 90' lang='lat' dir='ltr'><strong>quemadmodum</strong></span> <span class='ocrx_word' id='word_1_152' title='bbox 1620 1972 1741 2031; x_wconf 79' lang='lat' dir='ltr'><strong>Galixtus</strong></span> 
     </span>
     <span class='ocr_line' id='line_1_16' title="bbox 363 2050 1773 2134; baseline 0 -19"><span class='ocrx_word' id='word_1_153' title='bbox 363 2073 365 2075; x_wconf 71' lang='grc'><strong><em>’</em></strong></span> <span class='ocrx_word' id='word_1_154' title='bbox 454 2061 522 2117; x_wconf 89' lang='lat' dir='ltr'><strong>idem</strong></span> <span class='ocrx_word' id='word_1_155' title='bbox 545 2059 722 2134; x_wconf 82' lang='lat' dir='ltr'><strong>praedicabat,</strong></span> <span class='ocrx_word' id='word_1_156' title='bbox 749 2067 838 2115; x_wconf 91' lang='lat' dir='ltr'><strong>actum</strong></span> <span class='ocrx_word' id='word_1_157' title='bbox 861 2059 976 2115; x_wconf 91' lang='lat' dir='ltr'><strong>luisset:</strong></span> <span class='ocrx_word' id='word_1_158' title='bbox 999 2076 1058 2115; x_wconf 89' lang='lat' dir='ltr'><strong>uam</strong></span> <span class='ocrx_word' id='word_1_159' title='bbox 1074 2069 1177 2133; x_wconf 76' lang='lat' dir='ltr'><strong>praeter</strong></span> <span class='ocrx_word' id='word_1_160' title='bbox 1191 2059 1389 2116; x_wconf 85' lang='lat' dir='ltr'><strong>memorabilem</strong></span> <span class='ocrx_word' id='word_1_161' title='bbox 1404 2059 1523 2116; x_wconf 88' lang='lat' dir='ltr'><strong>bostium</strong></span> <span class='ocrx_word' id='word_1_162' title='bbox 1537 2050 1652 2121; x_wconf 76' lang='lat' dir='ltr'><strong>eudoni,</strong></span> <span class='ocrx_word' id='word_1_163' title='bbox 1676 2075 1773 2131; x_wconf 74' lang='lat' dir='ltr'><strong>quassa</strong></span> 
     </span>
     <span class='ocr_line' id='line_1_17' title="bbox 453 2143 1740 2220; baseline -0.001 -19"><span class='ocrx_word' id='word_1_164' title='bbox 453 2164 467 2201; x_wconf 91' lang='lat' dir='ltr'><strong>a</strong></span> <span class='ocrx_word' id='word_1_165' title='bbox 489 2147 581 2220; x_wconf 87' lang='lat' dir='ltr'><strong>paucis</strong></span> <span class='ocrx_word' id='word_1_166' title='bbox 604 2143 816 2200; x_wconf 79' lang='lat' dir='ltr'><strong>christianarum</strong></span> <span class='ocrx_word' id='word_1_167' title='bbox 838 2144 954 2200; x_wconf 89' lang='lat' dir='ltr'><strong>militum</strong></span> <span class='ocrx_word' id='word_1_168' title='bbox 976 2145 1045 2201; x_wconf 91' lang='lat' dir='ltr'><strong>lacta</strong></span> <span class='ocrx_word' id='word_1_169' title='bbox 1067 2152 1122 2205; x_wconf 91' lang='lat' dir='ltr'><strong>est,</strong></span> <span class='ocrx_word' id='word_1_170' title='bbox 1145 2143 1177 2200; x_wconf 92' lang='lat' dir='ltr'><strong>ad</strong></span> <span class='ocrx_word' id='word_1_171' title='bbox 1199 2152 1307 2202; x_wconf 88' lang='lat' dir='ltr'><strong>centum</strong></span> <span class='ocrx_word' id='word_1_172' title='bbox 1330 2153 1358 2200; x_wconf 92' lang='lat' dir='ltr'><strong>et</strong></span> <span class='ocrx_word' id='word_1_173' title='bbox 1373 2144 1569 2218; x_wconf 87' lang='lat' dir='ltr'><strong>qninquaginta</strong></span> <span class='ocrx_word' id='word_1_174' title='bbox 1584 2143 1740 2201; x_wconf 79' lang='lat' dir='ltr'><strong>bombardae</strong></span> 
     </span>
     <span class='ocr_line' id='line_1_18' title="bbox 452 2228 1739 2303; baseline -0.002 -17"><span class='ocrx_word' id='word_1_175' title='bbox 452 2247 484 2286; x_wconf 81' lang='lat' dir='ltr'><strong>ex</strong></span> <span class='ocrx_word' id='word_1_176' title='bbox 506 2230 625 2286; x_wconf 90' lang='lat' dir='ltr'><strong>hostimu</strong></span> <span class='ocrx_word' id='word_1_177' title='bbox 647 2230 743 2286; x_wconf 88' lang='lat' dir='ltr'><strong>castris</strong></span> <span class='ocrx_word' id='word_1_178' title='bbox 764 2229 879 2303; x_wconf 81' lang='lat' dir='ltr'><strong>direptae</strong></span> <span class='ocrx_word' id='word_1_179' title='bbox 901 2237 973 2286; x_wconf 90' lang='lat' dir='ltr'><strong>sunt.</strong></span> <span class='ocrx_word' id='word_1_180' title='bbox 1009 2228 1192 2296; x_wconf 78' lang='lat' dir='ltr'><strong>Quamobrem</strong></span> <span class='ocrx_word' id='word_1_181' title='bbox 1217 2229 1240 2285; x_wconf 90' lang='lat' dir='ltr'><strong>si</strong></span> <span class='ocrx_word' id='word_1_182' title='bbox 1262 2238 1411 2286; x_wconf 82' lang='lat' dir='ltr'><strong>anteactam</strong></span> <span class='ocrx_word' id='word_1_183' title='bbox 1432 2238 1584 2286; x_wconf 88' lang='lat' dir='ltr'><strong>vestrorum</strong></span> <span class='ocrx_word' id='word_1_184' title='bbox 1606 2230 1739 2285; x_wconf 88' lang='lat' dir='ltr'><strong>maiorum</strong></span> 
     </span>
     <span class='ocr_line' id='line_1_19' title="bbox 452 2313 1738 2388; baseline 0.001 -20"><span class='ocrx_word' id='word_1_185' title='bbox 452 2315 533 2370; x_wconf 86' lang='lat' dir='ltr'><strong>vitam</strong></span> <span class='ocrx_word' id='word_1_186' title='bbox 555 2332 585 2371; x_wconf 93' lang='lat' dir='ltr'><strong>ac</strong></span> <span class='ocrx_word' id='word_1_187' title='bbox 609 2314 679 2370; x_wconf 90' lang='lat' dir='ltr'><strong>lacta</strong></span> <span class='ocrx_word' id='word_1_188' title='bbox 699 2313 843 2387; x_wconf 87' lang='lat' dir='ltr'><strong>complecti</strong></span> <span class='ocrx_word' id='word_1_189' title='bbox 865 2315 954 2372; x_wconf 87' lang='lat' dir='ltr'><strong>animo</strong></span> <span class='ocrx_word' id='word_1_190' title='bbox 977 2313 1132 2376; x_wconf 83' lang='lat' dir='ltr'><strong>volueritis,</strong></span> <span class='ocrx_word' id='word_1_191' title='bbox 1155 2331 1210 2369; x_wconf 89' lang='lat' dir='ltr'><strong>non</strong></span> <span class='ocrx_word' id='word_1_192' title='bbox 1232 2332 1266 2370; x_wconf 92' lang='lat' dir='ltr'><strong>ne</strong></span> <span class='ocrx_word' id='word_1_193' title='bbox 1286 2317 1363 2388; x_wconf 90' lang='lat' dir='ltr'><strong>ipsos</strong></span> <span class='ocrx_word' id='word_1_194' title='bbox 1384 2314 1478 2370; x_wconf 90' lang='lat' dir='ltr'><strong>beatos</strong></span> <span class='ocrx_word' id='word_1_195' title='bbox 1499 2331 1561 2371; x_wconf 86' lang='lat' dir='ltr'><strong>esse</strong></span> <span class='ocrx_word' id='word_1_196' title='bbox 1582 2314 1671 2387; x_wconf 88' lang='lat' dir='ltr'><strong>quiet</strong></span> <span class='ocrx_word' id='word_1_197' title='bbox 1687 2330 1738 2388; x_wconf 94' lang='lat' dir='ltr'><strong>pro</strong></span> 
     </span>
     <span class='ocr_line' id='line_1_20' title="bbox 384 2398 1738 2473; baseline 0.002 -22"><span class='ocrx_word' id='word_1_198' title='bbox 384 2408 443 2460; x_wconf 73' lang='lat' dir='ltr'><strong>usa.</strong></span> <span class='ocrx_word' id='word_1_199' title='bbox 454 2399 578 2456; x_wconf 85' lang='lat' dir='ltr'><strong>libertate</strong></span> <span class='ocrx_word' id='word_1_200' title='bbox 594 2407 622 2455; x_wconf 89' lang='lat' dir='ltr'><strong>et</strong></span> <span class='ocrx_word' id='word_1_201' title='bbox 636 2415 686 2472; x_wconf 94' lang='lat' dir='ltr'><strong>pro</strong></span> <span class='ocrx_word' id='word_1_202' title='bbox 703 2398 845 2455; x_wconf 89' lang='lat' dir='ltr'><strong>immortali</strong></span> <span class='ocrx_word' id='word_1_203' title='bbox 861 2398 948 2473; x_wconf 84' lang='lat' dir='ltr'><strong>gloria</strong></span> <span class='ocrx_word' id='word_1_204' title='bbox 962 2399 1096 2460; x_wconf 85' lang='lat' dir='ltr'><strong>cecidere.</strong></span> <span class='ocrx_word' id='word_1_205' title='bbox 1113 2398 1326 2455; x_wconf 80' lang='lat' dir='ltr'><strong>arbitrabiminit</strong></span> <span class='ocrx_word' id='word_1_206' title='bbox 1341 2399 1466 2455; x_wconf 80' lang='lat' dir='ltr'><strong>Fortasse</strong></span> <span class='ocrx_word' id='word_1_207' title='bbox 1482 2399 1558 2455; x_wconf 91' lang='lat' dir='ltr'><strong>etde</strong></span> <span class='ocrx_word' id='word_1_208' title='bbox 1573 2398 1738 2473; x_wconf 84' lang='lat' dir='ltr'><strong>imperatore</strong></span> 
     </span>
     <span class='ocr_line' id='line_1_21' title="bbox 452 2482 1771 2557; baseline -0.001 -17"><span class='ocrx_word' id='word_1_209' title='bbox 452 2483 585 2540; x_wconf 79' lang='lat' dir='ltr'><strong>exercitus</strong></span> <span class='ocrx_word' id='word_1_210' title='bbox 606 2483 732 2556; x_wconf 87' lang='lat' dir='ltr'><strong>eligendo</strong></span> <span class='ocrx_word' id='word_1_211' title='bbox 754 2482 931 2557; x_wconf 82' lang='lat' dir='ltr'><strong>ambigimus?</strong></span> <span class='ocrx_word' id='word_1_212' title='bbox 961 2482 1039 2539; x_wconf 80' lang='lat' dir='ltr'><strong>ausis</strong></span> <span class='ocrx_word' id='word_1_213' title='bbox 1060 2484 1133 2557; x_wconf 89' lang='lat' dir='ltr'><strong>quod</strong></span> <span class='ocrx_word' id='word_1_214' title='bbox 1155 2483 1207 2540; x_wconf 90' lang='lat' dir='ltr'><strong>boc</strong></span> <span class='ocrx_word' id='word_1_215' title='bbox 1229 2483 1256 2539; x_wconf 93' lang='lat' dir='ltr'><strong>in</strong></span> <span class='ocrx_word' id='word_1_216' title='bbox 1277 2484 1486 2541; x_wconf 84' lang='lat' dir='ltr'><strong>controversiam</strong></span> <span class='ocrx_word' id='word_1_217' title='bbox 1508 2483 1599 2540; x_wconf 87' lang='lat' dir='ltr'><strong>cadat:</strong></span> <span class='ocrx_word' id='word_1_218' title='bbox 1627 2500 1689 2539; x_wconf 89' lang='lat' dir='ltr'><strong>uam</strong></span> <span class='ocrx_word' id='word_1_219' title='bbox 1712 2483 1771 2540; x_wconf 81' lang='lat' dir='ltr'><strong>sito</strong></span> 
     </span>
     <span class='ocr_line' id='line_1_22' title="bbox 451 2567 1738 2645; baseline -0.001 -20"><span class='ocrx_word' id='word_1_220' title='bbox 451 2577 525 2625; x_wconf 91' lang='lat' dir='ltr'><strong>tuam</strong></span> <span class='ocrx_word' id='word_1_221' title='bbox 547 2569 586 2625; x_wconf 91' lang='lat' dir='ltr'><strong>rei</strong></span> <span class='ocrx_word' id='word_1_222' title='bbox 608 2567 733 2624; x_wconf 90' lang='lat' dir='ltr'><strong>militaris</strong></span> <span class='ocrx_word' id='word_1_223' title='bbox 754 2569 907 2631; x_wconf 85' lang='lat' dir='ltr'><strong>scientiam,</strong></span> <span class='ocrx_word' id='word_1_224' title='bbox 930 2567 1109 2625; x_wconf 84' lang='lat' dir='ltr'><strong>sacratissime</strong></span> <span class='ocrx_word' id='word_1_225' title='bbox 1132 2569 1293 2645; x_wconf 88' lang='lat' dir='ltr'><strong>imperator,</strong></span> <span class='ocrx_word' id='word_1_226' title='bbox 1316 2569 1349 2624; x_wconf 89' lang='lat' dir='ltr'><strong>de</strong></span> <span class='ocrx_word' id='word_1_227' title='bbox 1371 2578 1398 2624; x_wconf 90' lang='lat' dir='ltr'><strong>te</strong></span> <span class='ocrx_word' id='word_1_228' title='bbox 1420 2570 1490 2624; x_wconf 91' lang='lat' dir='ltr'><strong>enim</strong></span> <span class='ocrx_word' id='word_1_229' title='bbox 1506 2567 1581 2624; x_wconf 86' lang='lat' dir='ltr'><strong>lubet</strong></span> <span class='ocrx_word' id='word_1_230' title='bbox 1596 2567 1738 2642; x_wconf 85' lang='lat' dir='ltr'><strong>paulisper</strong></span> 
     </span>
     <span class='ocr_line' id='line_1_23' title="bbox 451 2652 1738 2729; baseline -0.001 -20"><span class='ocrx_word' id='word_1_231' title='bbox 451 2654 535 2729; x_wconf 85' lang='lat' dir='ltr'><strong>loqui.</strong></span> <span class='ocrx_word' id='word_1_232' title='bbox 558 2672 588 2711; x_wconf 93' lang='lat' dir='ltr'><strong>ac</strong></span> <span class='ocrx_word' id='word_1_233' title='bbox 602 2654 682 2710; x_wconf 89' lang='lat' dir='ltr'><strong>animi</strong></span> <span class='ocrx_word' id='word_1_234' title='bbox 699 2655 738 2710; x_wconf 93' lang='lat' dir='ltr'><strong>tui</strong></span> <span class='ocrx_word' id='word_1_235' title='bbox 752 2654 964 2728; x_wconf 83' lang='lat' dir='ltr'><strong>magnitudinem</strong></span> <span class='ocrx_word' id='word_1_236' title='bbox 979 2653 1079 2710; x_wconf 90' lang='lat' dir='ltr'><strong>intueri</strong></span> <span class='ocrx_word' id='word_1_237' title='bbox 1094 2652 1230 2715; x_wconf 86' lang='lat' dir='ltr'><strong>volumus,</strong></span> <span class='ocrx_word' id='word_1_238' title='bbox 1253 2671 1321 2728; x_wconf 89' lang='lat' dir='ltr'><strong>quas</strong></span> <span class='ocrx_word' id='word_1_239' title='bbox 1336 2653 1443 2728; x_wconf 90' lang='lat' dir='ltr'><strong>quidem</strong></span> <span class='ocrx_word' id='word_1_240' title='bbox 1458 2654 1572 2710; x_wconf 88' lang='lat' dir='ltr'><strong>virtutes</strong></span> <span class='ocrx_word' id='word_1_241' title='bbox 1588 2654 1614 2708; x_wconf 94' lang='lat' dir='ltr'><strong>in</strong></span> <span class='ocrx_word' id='word_1_242' title='bbox 1630 2670 1738 2709; x_wconf 89' lang='lat' dir='ltr'><strong>summo</strong></span> 
     </span>
     <span class='ocr_line' id='line_1_24' title="bbox 451 2737 1739 2814; baseline -0.002 -19"><span class='ocrx_word' id='word_1_243' title='bbox 451 2741 616 2814; x_wconf 88' lang='lat' dir='ltr'><strong>imperatore</strong></span> <span class='ocrx_word' id='word_1_244' title='bbox 632 2739 726 2803; x_wconf 85' lang='lat' dir='ltr'><strong>inesse</strong></span> <span class='ocrx_word' id='word_1_245' title='bbox 748 2740 879 2814; x_wconf 91' lang='lat' dir='ltr'><strong>imprimis</strong></span> <span class='ocrx_word' id='word_1_246' title='bbox 901 2739 1024 2795; x_wconf 80' lang='lat' dir='ltr'><strong>existimo</strong></span> <span class='ocrx_word' id='word_1_247' title='bbox 1048 2746 1189 2812; x_wconf 85' lang='lat' dir='ltr'><strong>oportere,</strong></span> <span class='ocrx_word' id='word_1_248' title='bbox 1225 2740 1285 2812; x_wconf 89' lang='lat' dir='ltr'><strong>quis</strong></span> <span class='ocrx_word' id='word_1_249' title='bbox 1308 2746 1340 2794; x_wconf 80' lang='lat' dir='ltr'><strong>‘te</strong></span> <span class='ocrx_word' id='word_1_250' title='bbox 1369 2738 1409 2795; x_wconf 86' lang='lat' dir='ltr'><strong>vel</strong></span> <span class='ocrx_word' id='word_1_251' title='bbox 1437 2739 1552 2813; x_wconf 90' lang='lat' dir='ltr'><strong>peritior</strong></span> <span class='ocrx_word' id='word_1_252' title='bbox 1573 2737 1614 2794; x_wconf 85' lang='lat' dir='ltr'><strong>vel</strong></span> <span class='ocrx_word' id='word_1_253' title='bbox 1638 2738 1739 2795; x_wconf 75' lang='lat' dir='ltr'><strong>lorber</strong></span> 
     </span>
     <span class='ocr_line' id='line_1_25' title="bbox 453 2822 1739 2898; baseline -0.002 -18"><span class='ocrx_word' id='word_1_254' title='bbox 453 2842 570 2898; x_wconf 90' lang='lat' dir='ltr'><strong>unquam</strong></span> <span class='ocrx_word' id='word_1_255' title='bbox 593 2824 691 2886; x_wconf 82' lang='lat' dir='ltr'><strong>luerit,</strong></span> <span class='ocrx_word' id='word_1_256' title='bbox 714 2826 881 2898; x_wconf 87' lang='lat' dir='ltr'><strong>reperiemus</strong></span> <span class='ocrx_word' id='word_1_257' title='bbox 903 2824 1026 2898; x_wconf 89' lang='lat' dir='ltr'><strong>prolecto</strong></span> <span class='ocrx_word' id='word_1_258' title='bbox 1048 2823 1189 2879; x_wconf 91' lang='lat' dir='ltr'><strong>neminem.</strong></span> <span class='ocrx_word' id='word_1_259' title='bbox 1226 2824 1356 2881; x_wconf 77' lang='lat' dir='ltr'><strong>referrem</strong></span> <span class='ocrx_word' id='word_1_260' title='bbox 1379 2822 1503 2880; x_wconf 85' lang='lat' dir='ltr'><strong>mibtaris</strong></span> <span class='ocrx_word' id='word_1_261' title='bbox 1523 2822 1673 2897; x_wconf 83' lang='lat' dir='ltr'><strong>disciplinas</strong></span> <span class='ocrx_word' id='word_1_262' title='bbox 1696 2822 1739 2878; x_wconf 88' lang='lat' dir='ltr'><strong>in·</strong></span> 
     </span>
     <span class='ocr_line' id='line_1_26' title="bbox 451 2907 1771 2983; baseline -0.002 -17"><span class='ocrx_word' id='word_1_263' title='bbox 451 2909 598 2972; x_wconf 88' lang='lat' dir='ltr'><strong>cunabula,</strong></span> <span class='ocrx_word' id='word_1_264' title='bbox 621 2907 673 2964; x_wconf 85' lang='lat' dir='ltr'><strong>ni&#39;si</strong></span> <span class='ocrx_word' id='word_1_265' title='bbox 695 2910 729 2966; x_wconf 92' lang='lat' dir='ltr'><strong>ab</strong></span> <span class='ocrx_word' id='word_1_266' title='bbox 752 2911 862 2966; x_wconf 89' lang='lat' dir='ltr'><strong>ineunte</strong></span> <span class='ocrx_word' id='word_1_267' title='bbox 884 2917 963 2965; x_wconf 87' lang='lat' dir='ltr'><strong>aetate</strong></span> <span class='ocrx_word' id='word_1_268' title='bbox 986 2926 1017 2965; x_wconf 90' lang='lat' dir='ltr'><strong>ea</strong></span> <span class='ocrx_word' id='word_1_269' title='bbox 1038 2908 1228 2982; x_wconf 77' lang='lat' dir='ltr'><strong>praestitisses.</strong></span> <span class='ocrx_word' id='word_1_270' title='bbox 1255 2916 1286 2965; x_wconf 92' lang='lat' dir='ltr'><strong>ut</strong></span> <span class='ocrx_word' id='word_1_271' title='bbox 1312 2917 1375 2965; x_wconf 87' lang='lat' dir='ltr'><strong>ante</strong></span> <span class='ocrx_word' id='word_1_272' title='bbox 1405 2917 1511 2983; x_wconf 88' lang='lat' dir='ltr'><strong>tempus</strong></span> <span class='ocrx_word' id='word_1_273' title='bbox 1540 2908 1645 2964; x_wconf 80' lang='lat' dir='ltr'><strong>maximi</strong></span> <span class='ocrx_word' id='word_1_274' title='bbox 1674 2908 1771 2981; x_wconf 78' lang='lat' dir='ltr'><strong>ipseta</strong></span> 
     </span>
     <span class='ocr_line' id='line_1_27' title="bbox 384 2986 1739 3067; baseline 0.001 -20"><span class='ocrx_word' id='word_1_275' title='bbox 384 2995 586 3056; x_wconf 69' lang='lat' dir='ltr'><strong>§.coeremitas</strong></span> <span class='ocrx_word' id='word_1_276' title='bbox 608 2995 756 3067; x_wconf 88' lang='lat' dir='ltr'><strong>imperator</strong></span> <span class='ocrx_word' id='word_1_277' title='bbox 778 2995 895 3050; x_wconf 89' lang='lat' dir='ltr'><strong>omnium</strong></span> <span class='ocrx_word' id='word_1_278' title='bbox 918 3010 1052 3050; x_wconf 89' lang='lat' dir='ltr'><strong>consensu</strong></span> <span class='ocrx_word' id='word_1_279' title='bbox 1074 2993 1173 3067; x_wconf 92' lang='lat' dir='ltr'><strong>dignus</strong></span> <span class='ocrx_word' id='word_1_280' title='bbox 1196 2993 1328 3050; x_wconf 90' lang='lat' dir='ltr'><strong>iudicatus</strong></span> <span class='ocrx_word' id='word_1_281' title='bbox 1351 2993 1449 3057; x_wconf 66' lang='lat' dir='ltr'><strong>luerim</strong></span> <span class='ocrx_word' id='word_1_282' title='bbox 1477 2986 1561 3067; x_wconf 87' lang='lat' dir='ltr'><strong>quare</strong></span> <span class='ocrx_word' id='word_1_283' title='bbox 1583 2993 1681 3049; x_wconf 89' lang='lat' dir='ltr'><strong>merito</strong></span> <span class='ocrx_word' id='word_1_284' title='bbox 1702 2992 1739 3048; x_wconf 86' lang='lat' dir='ltr'><strong>de</strong></span> 
     </span>
     <span class='ocr_line' id='line_1_28' title="bbox 451 3076 1737 3152; baseline -0.002 -17"><span class='ocrx_word' id='word_1_285' title='bbox 451 3089 477 3136; x_wconf 91' lang='lat' dir='ltr'><strong>te</strong></span> <span class='ocrx_word' id='word_1_286' title='bbox 499 3079 565 3136; x_wconf 92' lang='lat' dir='ltr'><strong>illud</strong></span> <span class='ocrx_word' id='word_1_287' title='bbox 587 3079 674 3135; x_wconf 91' lang='lat' dir='ltr'><strong>ausim</strong></span> <span class='ocrx_word' id='word_1_288' title='bbox 696 3081 800 3142; x_wconf 84' lang='lat' dir='ltr'><strong>dicere,</strong></span> <span class='ocrx_word' id='word_1_289' title='bbox 823 3079 896 3152; x_wconf 86' lang='lat' dir='ltr'><strong>quod</strong></span> <span class='ocrx_word' id='word_1_290' title='bbox 918 3078 951 3135; x_wconf 91' lang='lat' dir='ltr'><strong>de</strong></span> <span class='ocrx_word' id='word_1_291' title='bbox 973 3078 1088 3134; x_wconf 81' lang='lat' dir='ltr'><strong>marimo</strong></span> <span class='ocrx_word' id='word_1_292' title='bbox 1111 3079 1274 3152; x_wconf 91' lang='lat' dir='ltr'><strong>imperatore</strong></span> <span class='ocrx_word' id='word_1_293' title='bbox 1296 3078 1397 3134; x_wconf 91' lang='lat' dir='ltr'><strong>dictum</strong></span> <span class='ocrx_word' id='word_1_294' title='bbox 1419 3079 1490 3139; x_wconf 87' lang='lat' dir='ltr'><strong>scio.</strong></span> <span class='ocrx_word' id='word_1_295' title='bbox 1514 3077 1602 3134; x_wconf 80' lang='lat' dir='ltr'><strong>‘Plura</strong></span> <span class='ocrx_word' id='word_1_296' title='bbox 1624 3076 1737 3150; x_wconf 78' lang='lat' dir='ltr'><strong>gessisti</strong></span> 
     </span>
     <span class='ocr_line' id='line_1_29' title="bbox 430 3161 1738 3239; baseline -0.002 -19"><span class='ocrx_word' id='word_1_297' title='bbox 430 3164 520 3232; x_wconf 81' lang='lat' dir='ltr'><strong>,bella</strong></span> <span class='ocrx_word' id='word_1_298' title='bbox 544 3181 623 3239; x_wconf 93' lang='lat' dir='ltr'><strong>quam</strong></span> <span class='ocrx_word' id='word_1_299' title='bbox 646 3164 738 3221; x_wconf 74' lang='lat' dir='ltr'><strong>caeteri</strong></span> <span class='ocrx_word' id='word_1_300' title='bbox 760 3163 890 3238; x_wconf 86' lang='lat' dir='ltr'><strong>legerint,</strong></span> <span class='ocrx_word' id='word_1_301' title='bbox 914 3163 1008 3238; x_wconf 88' lang='lat' dir='ltr'><strong>plures</strong></span> <span class='ocrx_word' id='word_1_302' title='bbox 1030 3163 1182 3238; x_wconf 84' lang='lat' dir='ltr'><strong>provincias</strong></span> <span class='ocrx_word' id='word_1_303' title='bbox 1203 3163 1347 3220; x_wconf 83' lang='lat' dir='ltr'><strong>coniecisti</strong></span> <span class='ocrx_word' id='word_1_304' title='bbox 1369 3179 1448 3236; x_wconf 87' lang='lat' dir='ltr'><strong>quam</strong></span> <span class='ocrx_word' id='word_1_305' title='bbox 1463 3161 1509 3219; x_wconf 86' lang='lat' dir='ltr'><strong>alii</strong></span> <span class='ocrx_word' id='word_1_306' title='bbox 1523 3161 1738 3236; x_wconf 84' lang='lat' dir='ltr'><strong>concupiverim,</strong></span> 
     </span>
     <span class='ocr_line' id='line_1_30' title="bbox 450 3246 1803 3324; baseline -0.001 -20"><span class='ocrx_word' id='word_1_307' title='bbox 450 3249 551 3324; x_wconf 74' lang='lat' dir='ltr'><strong>saepius</strong></span> <span class='ocrx_word' id='word_1_308' title='bbox 572 3267 633 3306; x_wconf 88' lang='lat' dir='ltr'><strong>cunr</strong></span> <span class='ocrx_word' id='word_1_309' title='bbox 656 3249 734 3306; x_wconf 89' lang='lat' dir='ltr'><strong>hoste</strong></span> <span class='ocrx_word' id='word_1_310' title='bbox 755 3248 900 3306; x_wconf 82' lang='lat' dir='ltr'><strong>condixisti</strong></span> <span class='ocrx_word' id='word_1_311' title='bbox 923 3266 1003 3322; x_wconf 91' lang='lat' dir='ltr'><strong>quam</strong></span> <span class='ocrx_word' id='word_1_312' title='bbox 1031 3247 1173 3322; x_wconf 88' lang='lat' dir='ltr'><strong>quisquam</strong></span> <span class='ocrx_word' id='word_1_313' title='bbox 1200 3266 1262 3305; x_wconf 92' lang='lat' dir='ltr'><strong>cum</strong></span> <span class='ocrx_word' id='word_1_314' title='bbox 1290 3248 1397 3305; x_wconf 88' lang='lat' dir='ltr'><strong>inimico</strong></span> <span class='ocrx_word' id='word_1_315' title='bbox 1425 3247 1592 3304; x_wconf 87' lang='lat' dir='ltr'><strong>certaverit’:</strong></span> <span class='ocrx_word' id='word_1_316' title='bbox 1620 3246 1738 3321; x_wconf 83' lang='lat' dir='ltr'><strong>quadra·</strong></span> <span class='ocrx_word' id='word_1_317' title='bbox 1802 3315 1803 3318; x_wconf 7' lang='grc' dir='ltr'><strong>Ἴ</strong></span> 
     </span>
     <span class='ocr_line' id='line_1_31' title="bbox 450 3331 1769 3408; baseline -0.001 -19"><span class='ocrx_word' id='word_1_318' title='bbox 450 3335 526 3407; x_wconf 87' lang='lat' dir='ltr'><strong>ginta</strong></span> <span class='ocrx_word' id='word_1_319' title='bbox 547 3335 619 3390; x_wconf 91' lang='lat' dir='ltr'><strong>enim</strong></span> <span class='ocrx_word' id='word_1_320' title='bbox 641 3351 726 3392; x_wconf 89' lang='lat' dir='ltr'><strong>annos</strong></span> <span class='ocrx_word' id='word_1_321' title='bbox 747 3344 776 3391; x_wconf 92' lang='lat' dir='ltr'><strong>et</strong></span> <span class='ocrx_word' id='word_1_322' title='bbox 797 3332 912 3408; x_wconf 91' lang='lat' dir='ltr'><strong>amplius</strong></span> <span class='ocrx_word' id='word_1_323' title='bbox 934 3351 989 3391; x_wconf 89' lang='lat' dir='ltr'><strong>noo</strong></span> <span class='ocrx_word' id='word_1_324' title='bbox 1012 3333 1088 3395; x_wconf 86' lang='lat' dir='ltr'><strong>ocio,</strong></span> <span class='ocrx_word' id='word_1_325' title='bbox 1112 3350 1166 3389; x_wconf 89' lang='lat' dir='ltr'><strong>uon</strong></span> <span class='ocrx_word' id='word_1_326' title='bbox 1187 3333 1302 3396; x_wconf 86' lang='lat' dir='ltr'><strong>desidia,</strong></span> <span class='ocrx_word' id='word_1_327' title='bbox 1331 3333 1378 3388; x_wconf 88' lang='lat' dir='ltr'><strong>sed</strong></span> <span class='ocrx_word' id='word_1_328' title='bbox 1399 3333 1537 3389; x_wconf 91' lang='lat' dir='ltr'><strong>continuis</strong></span> <span class='ocrx_word' id='word_1_329' title='bbox 1562 3331 1769 3405; x_wconf 83' lang='lat' dir='ltr'><strong>diversisqueas</strong></span> 
     </span>
     <span class='ocr_line' id='line_1_32' title="bbox 450 3413 1735 3492; baseline -0.002 -18"><span class='ocrx_word' id='word_1_330' title='bbox 450 3418 529 3476; x_wconf 90' lang='lat' dir='ltr'><strong>bellis</strong></span> <span class='ocrx_word' id='word_1_331' title='bbox 552 3419 711 3475; x_wconf 80' lang='lat' dir='ltr'><strong>exercuisti:</strong></span> <span class='ocrx_word' id='word_1_332' title='bbox 736 3427 820 3475; x_wconf 89' lang='lat' dir='ltr'><strong>testes</strong></span> <span class='ocrx_word' id='word_1_333' title='bbox 842 3426 907 3475; x_wconf 84' lang='lat' dir='ltr'><strong>eunt</strong></span> <span class='ocrx_word' id='word_1_334' title='bbox 920 3419 1062 3475; x_wconf 85' lang='lat' dir='ltr'><strong>Pannones</strong></span> <span class='ocrx_word' id='word_1_335' title='bbox 1084 3416 1157 3489; x_wconf 89' lang='lat' dir='ltr'><strong>(nam</strong></span> <span class='ocrx_word' id='word_1_336' title='bbox 1179 3426 1240 3474; x_wconf 90' lang='lat' dir='ltr'><strong>tuas</strong></span> <span class='ocrx_word' id='word_1_337' title='bbox 1261 3434 1335 3492; x_wconf 77' lang='lat' dir='ltr'><strong>aegre</strong></span> <span class='ocrx_word' id='word_1_338' title='bbox 1350 3418 1421 3474; x_wconf 88' lang='lat' dir='ltr'><strong>lerre</strong></span> <span class='ocrx_word' id='word_1_339' title='bbox 1436 3417 1528 3474; x_wconf 89' lang='lat' dir='ltr'><strong>laudes</strong></span> <span class='ocrx_word' id='word_1_340' title='bbox 1543 3434 1598 3475; x_wconf 94' lang='lat' dir='ltr'><strong>non</strong></span> <span class='ocrx_word' id='word_1_341' title='bbox 1612 3413 1735 3489; x_wconf 87' lang='lat' dir='ltr'><strong>debent),</strong></span> 
     </span>
     <span class='ocr_line' id='line_1_33' title="bbox 449 3501 1735 3579; baseline -0.002 -20"><span class='ocrx_word' id='word_1_342' title='bbox 449 3504 495 3579; x_wconf 89' lang='lat' dir='ltr'><strong>qui</strong></span> <span class='ocrx_word' id='word_1_343' title='bbox 518 3522 579 3560; x_wconf 90' lang='lat' dir='ltr'><strong>cum</strong></span> <span class='ocrx_word' id='word_1_344' title='bbox 602 3503 629 3558; x_wconf 93' lang='lat' dir='ltr'><strong>in</strong></span> <span class='ocrx_word' id='word_1_345' title='bbox 652 3504 803 3577; x_wconf 88' lang='lat' dir='ltr'><strong>provincias</strong></span> <span class='ocrx_word' id='word_1_346' title='bbox 826 3511 886 3559; x_wconf 91' lang='lat' dir='ltr'><strong>tuas</strong></span> <span class='ocrx_word' id='word_1_347' title='bbox 909 3503 1087 3578; x_wconf 85' lang='lat' dir='ltr'><strong>irrupissent,</strong></span> <span class='ocrx_word' id='word_1_348' title='bbox 1115 3503 1159 3558; x_wconf 82' lang='lat' dir='ltr'><strong>vix</strong></span> <span class='ocrx_word' id='word_1_349' title='bbox 1186 3510 1275 3559; x_wconf 82' lang='lat' dir='ltr'><strong>tecum</strong></span> <span class='ocrx_word' id='word_1_350' title='bbox 1301 3510 1398 3577; x_wconf 88' lang='lat' dir='ltr'><strong>postea</strong></span> <span class='ocrx_word' id='word_1_351' title='bbox 1424 3503 1551 3559; x_wconf 89' lang='lat' dir='ltr'><strong>dimicare</strong></span> <span class='ocrx_word' id='word_1_352' title='bbox 1573 3501 1631 3559; x_wconf 87' lang='lat' dir='ltr'><strong>ausi</strong></span> <span class='ocrx_word' id='word_1_353' title='bbox 1654 3508 1735 3563; x_wconf 82' lang='lat' dir='ltr'><strong>sunt;</strong></span> 
     </span>
     <span class='ocr_line' id='line_1_34' title="bbox 449 3587 1734 3662; baseline -0.002 -18"><span class='ocrx_word' id='word_1_354' title='bbox 449 3590 527 3645; x_wconf 90' lang='lat' dir='ltr'><strong>testis</strong></span> <span class='ocrx_word' id='word_1_355' title='bbox 550 3588 716 3645; x_wconf 84' lang='lat' dir='ltr'><strong>ferocissima</strong></span> <span class='ocrx_word' id='word_1_356' title='bbox 738 3587 876 3645; x_wconf 84' lang='lat' dir='ltr'><strong>Gallorum</strong></span> <span class='ocrx_word' id='word_1_357' title='bbox 897 3605 979 3662; x_wconf 88' lang='lat' dir='ltr'><strong>gens,</strong></span> <span class='ocrx_word' id='word_1_358' title='bbox 1001 3605 1081 3662; x_wconf 90' lang='lat' dir='ltr'><strong>quam</strong></span> <span class='ocrx_word' id='word_1_359' title='bbox 1103 3587 1199 3644; x_wconf 90' lang='lat' dir='ltr'><strong>crebro</strong></span> <span class='ocrx_word' id='word_1_360' title='bbox 1221 3596 1249 3644; x_wconf 92' lang='lat' dir='ltr'><strong>et</strong></span> <span class='ocrx_word' id='word_1_361' title='bbox 1270 3604 1350 3662; x_wconf 87' lang='lat' dir='ltr'><strong>quarn</strong></span> <span class='ocrx_word' id='word_1_362' title='bbox 1371 3604 1450 3660; x_wconf 79' lang='lat' dir='ltr'><strong>equo</strong></span> <span class='ocrx_word' id='word_1_363' title='bbox 1473 3588 1555 3645; x_wconf 86' lang='lat' dir='ltr'><strong>llarte</strong></span> <span class='ocrx_word' id='word_1_364' title='bbox 1580 3595 1734 3662; x_wconf 85' lang='lat' dir='ltr'><strong>pugnatum</strong></span> 
     </span>
     <span class='ocr_line' id='line_1_35' title="bbox 449 3661 1734 3752; baseline -0.001 -24"><span class='ocrx_word' id='word_1_365' title='bbox 449 3674 499 3737; x_wconf 88' lang='lat' dir='ltr'><strong>sit;</strong></span> <span class='ocrx_word' id='word_1_366' title='bbox 524 3674 601 3729; x_wconf 88' lang='lat' dir='ltr'><strong>testis</strong></span> <span class='ocrx_word' id='word_1_367' title='bbox 623 3673 738 3747; x_wconf 86' lang='lat' dir='ltr'><strong>denique</strong></span> <span class='ocrx_word' id='word_1_368' title='bbox 760 3676 859 3730; x_wconf 91' lang='lat' dir='ltr'><strong>iterum</strong></span> <span class='ocrx_word' id='word_1_369' title='bbox 885 3682 914 3730; x_wconf 93' lang='lat' dir='ltr'><strong>et</strong></span> <span class='ocrx_word' id='word_1_370' title='bbox 940 3674 1041 3748; x_wconf 77' lang='lat' dir='ltr'><strong>sapius</strong></span> <span class='ocrx_word' id='word_1_371' title='bbox 1062 3671 1153 3752; x_wconf 73' lang='lat' dir='ltr'><strong>ltalia,</strong></span> <span class='ocrx_word' id='word_1_372' title='bbox 1183 3690 1244 3747; x_wconf 79' lang='lat' dir='ltr'><strong>quaa</strong></span> <span class='ocrx_word' id='word_1_373' title='bbox 1270 3681 1344 3729; x_wconf 88' lang='lat' dir='ltr'><strong>tuam</strong></span> <span class='ocrx_word' id='word_1_374' title='bbox 1371 3672 1520 3746; x_wconf 88' lang='lat' dir='ltr'><strong>potentiam</strong></span> <span class='ocrx_word' id='word_1_375' title='bbox 1549 3689 1579 3728; x_wconf 88' lang='lat' dir='ltr'><strong>ac</strong></span> <span class='ocrx_word' id='word_1_376' title='bbox 1606 3661 1734 3727; x_wconf 73' lang='lat' dir='ltr'><strong>militaris</strong></span> 
     </span>
     <span class='ocr_line' id='line_1_36' title="bbox 448 3754 1767 3832; baseline -0.002 -18"><span class='ocrx_word' id='word_1_377' title='bbox 448 3758 615 3832; x_wconf 91' lang='lat' dir='ltr'><strong>disciplinam</strong></span> <span class='ocrx_word' id='word_1_378' title='bbox 637 3759 703 3815; x_wconf 88' lang='lat' dir='ltr'><strong>satis</strong></span> <span class='ocrx_word' id='word_1_379' title='bbox 723 3759 857 3821; x_wconf 79' lang='lat' dir='ltr'><strong>uouisset,</strong></span> <span class='ocrx_word' id='word_1_380' title='bbox 886 3759 909 3822; x_wconf 87' lang='lat' dir='ltr'><strong>si</strong></span> <span class='ocrx_word' id='word_1_381' title='bbox 937 3775 1028 3814; x_wconf 90' lang='lat' dir='ltr'><strong>rerum</strong></span> <span class='ocrx_word' id='word_1_382' title='bbox 1050 3775 1192 3815; x_wconf 84' lang='lat' dir='ltr'><strong>successus</strong></span> <span class='ocrx_word' id='word_1_383' title='bbox 1221 3757 1262 3815; x_wconf 84' lang='lat' dir='ltr'><strong>vel</strong></span> <span class='ocrx_word' id='word_1_384' title='bbox 1283 3758 1396 3814; x_wconf 88' lang='lat' dir='ltr'><strong>deorum</strong></span> <span class='ocrx_word' id='word_1_385' title='bbox 1417 3756 1555 3814; x_wconf 85' lang='lat' dir='ltr'><strong>voluntate</strong></span> <span class='ocrx_word' id='word_1_386' title='bbox 1575 3754 1618 3812; x_wconf 86' lang='lat' dir='ltr'><strong>vel</strong></span> <span class='ocrx_word' id='word_1_387' title='bbox 1639 3754 1767 3812; x_wconf 79' lang='lat' dir='ltr'><strong>homi-ss</strong></span> 
     </span>
     <span class='ocr_line' id='line_1_37' title="bbox 449 3841 1735 3917; baseline -0.002 -19"><span class='ocrx_word' id='word_1_388' title='bbox 449 3860 512 3900; x_wconf 91' lang='lat' dir='ltr'><strong>num</strong></span> <span class='ocrx_word' id='word_1_389' title='bbox 535 3843 585 3899; x_wconf 86' lang='lat' dir='ltr'><strong>lule</strong></span> <span class='ocrx_word' id='word_1_390' title='bbox 608 3860 663 3898; x_wconf 87' lang='lat' dir='ltr'><strong>non</strong></span> <span class='ocrx_word' id='word_1_391' title='bbox 684 3844 825 3900; x_wconf 89' lang='lat' dir='ltr'><strong>caruisset.</strong></span> <span class='ocrx_word' id='word_1_392' title='bbox 861 3844 936 3916; x_wconf 87' lang='lat' dir='ltr'><strong>quod</strong></span> <span class='ocrx_word' id='word_1_393' title='bbox 957 3861 1024 3917; x_wconf 91' lang='lat' dir='ltr'><strong>ergo</strong></span> <span class='ocrx_word' id='word_1_394' title='bbox 1046 3860 1134 3916; x_wconf 85' lang='lat' dir='ltr'><strong>genus</strong></span> <span class='ocrx_word' id='word_1_395' title='bbox 1161 3841 1225 3900; x_wconf 92' lang='lat' dir='ltr'><strong>belli</strong></span> <span class='ocrx_word' id='word_1_396' title='bbox 1253 3842 1401 3914; x_wconf 84' lang='lat' dir='ltr'><strong>excogitari</strong></span> <span class='ocrx_word' id='word_1_397' title='bbox 1429 3850 1536 3916; x_wconf 90' lang='lat' dir='ltr'><strong>potest.</strong></span> <span class='ocrx_word' id='word_1_398' title='bbox 1564 3842 1592 3897; x_wconf 91' lang='lat' dir='ltr'><strong>in</strong></span> <span class='ocrx_word' id='word_1_399' title='bbox 1621 3856 1676 3914; x_wconf 88' lang='lat' dir='ltr'><strong>quo</strong></span> <span class='ocrx_word' id='word_1_400' title='bbox 1707 3848 1735 3896; x_wconf 85' lang='lat' dir='ltr'><strong>te</strong></span> 
     </span>
     <span class='ocr_line' id='line_1_38' title="bbox 380 3925 1735 4001; baseline 0.001 -20"><span class='ocrx_word' id='word_1_401' title='bbox 380 3927 490 3990; x_wconf 58' lang='lat' dir='ltr'><strong>§.etmel</strong></span> <span class='ocrx_word' id='word_1_402' title='bbox 513 3928 601 4001; x_wconf 89' lang='lat' dir='ltr'><strong>gloria</strong></span> <span class='ocrx_word' id='word_1_403' title='bbox 622 3927 662 3983; x_wconf 89' lang='lat' dir='ltr'><strong>vel</strong></span> <span class='ocrx_word' id='word_1_404' title='bbox 685 3928 795 3984; x_wconf 81' lang='lat' dir='ltr'><strong>fortuna</strong></span> <span class='ocrx_word' id='word_1_405' title='bbox 816 3944 871 3984; x_wconf 92' lang='lat' dir='ltr'><strong>non</strong></span> <span class='ocrx_word' id='word_1_406' title='bbox 893 3928 1060 3985; x_wconf 76' lang='lat' dir='ltr'><strong>exercuerit?</strong></span> <span class='ocrx_word' id='word_1_407' title='bbox 1083 3927 1110 3983; x_wconf 90' lang='lat' dir='ltr'><strong>Si</strong></span> <span class='ocrx_word' id='word_1_408' title='bbox 1134 3927 1288 3984; x_wconf 90' lang='lat' dir='ltr'><strong>bellicarum</strong></span> <span class='ocrx_word' id='word_1_409' title='bbox 1310 3927 1452 3989; x_wconf 87' lang='lat' dir='ltr'><strong>virtutum.</strong></span> <span class='ocrx_word' id='word_1_410' title='bbox 1476 3925 1592 4001; x_wconf 88' lang='lat' dir='ltr'><strong>quasin</strong></span> <span class='ocrx_word' id='word_1_411' title='bbox 1616 3933 1642 3981; x_wconf 93' lang='lat' dir='ltr'><strong>te</strong></span> <span class='ocrx_word' id='word_1_412' title='bbox 1664 3941 1735 3998; x_wconf 75' lang='lat' dir='ltr'><strong>pree·</strong></span> 
     </span>
     <span class='ocr_line' id='line_1_39' title="bbox 446 4010 1734 4087; baseline -0.002 -18"><span class='ocrx_word' id='word_1_413' title='bbox 446 4014 539 4087; x_wconf 90' lang='lat' dir='ltr'><strong>cipuas</strong></span> <span class='ocrx_word' id='word_1_414' title='bbox 562 4029 621 4068; x_wconf 88' lang='lat' dir='ltr'><strong>esse</strong></span> <span class='ocrx_word' id='word_1_415' title='bbox 644 4031 738 4070; x_wconf 92' lang='lat' dir='ltr'><strong>omues</strong></span> <span class='ocrx_word' id='word_1_416' title='bbox 760 4021 877 4070; x_wconf 80' lang='lat' dir='ltr'><strong>externae</strong></span> <span class='ocrx_word' id='word_1_417' title='bbox 899 4021 1009 4086; x_wconf 88' lang='lat' dir='ltr'><strong>gentes,</strong></span> <span class='ocrx_word' id='word_1_418' title='bbox 1032 4013 1129 4069; x_wconf 89' lang='lat' dir='ltr'><strong>nedum</strong></span> <span class='ocrx_word' id='word_1_419' title='bbox 1151 4012 1289 4068; x_wconf 69' lang='lat' dir='ltr'><strong>Germanae</strong></span> <span class='ocrx_word' id='word_1_420' title='bbox 1311 4010 1481 4086; x_wconf 89' lang='lat' dir='ltr'><strong>intelligunt,</strong></span> <span class='ocrx_word' id='word_1_421' title='bbox 1509 4010 1606 4067; x_wconf 89' lang='lat' dir='ltr'><strong>seriem</strong></span> <span class='ocrx_word' id='word_1_422' title='bbox 1636 4025 1734 4084; x_wconf 89' lang='lat' dir='ltr'><strong>prose·</strong></span> 
     </span>
    </p>
   </div>
   <div class='ocr_carea' id='block_1_4' title="bbox 382 4273 1734 5106">
    <p class='ocr_par' dir='ltr' id='par_1_4' title="bbox 446 4273 1733 4767">
     <span class='ocr_line' id='line_1_40' title="bbox 515 4273 1731 4345; baseline -0.002 -13"><span class='ocrx_word' id='word_1_423' title='bbox 515 4281 563 4333; x_wconf 87' lang='lat' dir='ltr'><strong>Ill.</strong></span> <span class='ocrx_word' id='word_1_424' title='bbox 576 4298 623 4332; x_wconf 82' lang='lat' dir='ltr'><strong>aar.</strong></span> <span class='ocrx_word' id='word_1_425' title='bbox 636 4285 661 4330; x_wconf 84' lang='lat'><strong>2.</strong></span> <span class='ocrx_word' id='word_1_426' title='bbox 701 4279 853 4345; x_wconf 72' lang='lat' dir='ltr'><strong>’Mogunb</strong></span> <span class='ocrx_word' id='word_1_427' title='bbox 868 4283 892 4330; x_wconf 90' lang='lat'><strong>2.</strong></span> <span class='ocrx_word' id='word_1_428' title='bbox 940 4279 1157 4345; x_wconf 82' lang='lat' dir='ltr'><strong>Arcbiepiscopia</strong></span> <span class='ocrx_word' id='word_1_429' title='bbox 1169 4273 1332 4343; x_wconf 83' lang='lat' dir='ltr'><strong>Magnntinit</strong></span> <span class='ocrx_word' id='word_1_430' title='bbox 1351 4283 1374 4329; x_wconf 85' lang='lat'><strong>1.</strong></span> <span class='ocrx_word' id='word_1_431' title='bbox 1401 4279 1544 4336; x_wconf 73' lang='lat' dir='ltr'><strong>Comedus,</strong></span> <span class='ocrx_word' id='word_1_432' title='bbox 1564 4276 1662 4328; x_wconf 75' lang='lat' dir='ltr'><strong>Ottoasie</strong></span> <span class='ocrx_word' id='word_1_433' title='bbox 1673 4280 1731 4329; x_wconf 81' lang='lat'><em>1111.</em></span> 
     </span>
     <span class='ocr_line' id='line_1_41' title="bbox 453 4363 1732 4429; baseline 0 -14"><span class='ocrx_word' id='word_1_434' title='bbox 453 4366 670 4416; x_wconf 80' lang='lat' dir='ltr'><strong>Wittelebaccma&#39;s</strong></span> <span class='ocrx_word' id='word_1_435' title='bbox 686 4366 782 4415; x_wconf 65' lang='lat' dir='ltr'><strong>consuis</strong></span> <span class='ocrx_word' id='word_1_436' title='bbox 796 4368 875 4428; x_wconf 73' lang='lat' dir='ltr'><strong>filicae,</strong></span> <span class='ocrx_word' id='word_1_437' title='bbox 895 4381 920 4414; x_wconf 86' lang='lat' dir='ltr'><strong>a.</strong></span> <span class='ocrx_word' id='word_1_438' title='bbox 933 4367 1006 4414; x_wconf 80' lang='grc'><strong><em>1160.</em></strong></span> <span class='ocrx_word' id='word_1_439' title='bbox 1025 4364 1231 4427; x_wconf 64' lang='lat' dir='ltr'><strong>archepiscopus</strong></span> <span class='ocrx_word' id='word_1_440' title='bbox 1248 4363 1319 4429; x_wconf 79' lang='lat' dir='ltr'><strong>Mag.</strong></span> <span class='ocrx_word' id='word_1_441' title='bbox 1335 4365 1430 4427; x_wconf 68' lang='lat' dir='ltr'><strong>sectus</strong></span> <span class='ocrx_word' id='word_1_442' title='bbox 1454 4380 1479 4414; x_wconf 83' lang='lat' dir='ltr'><strong>a.</strong></span> <span class='ocrx_word' id='word_1_443' title='bbox 1497 4366 1571 4414; x_wconf 80' lang='grc'><strong><em>11117.</em></strong></span> <span class='ocrx_word' id='word_1_444' title='bbox 1590 4369 1732 4428; x_wconf 68' lang='lat' dir='ltr'><strong>expetens</strong></span> 
     </span>
     <span class='ocr_line' id='line_1_42' title="bbox 449 4446 1731 4514; baseline -0.001 -14"><span class='ocrx_word' id='word_1_445' title='bbox 449 4451 581 4500; x_wconf 80' lang='lat' dir='ltr'><strong>Coeleatind</strong></span> <span class='ocrx_word' id='word_1_446' title='bbox 594 4455 636 4498; x_wconf 88' lang='lat'><em>111.</em></span> <span class='ocrx_word' id='word_1_447' title='bbox 651 4451 680 4498; x_wconf 87' lang='lat' dir='ltr'><strong>P.</strong></span> <span class='ocrx_word' id='word_1_448' title='bbox 695 4449 733 4499; x_wconf 89' lang='lat' dir='ltr'><strong>M.</strong></span> <span class='ocrx_word' id='word_1_449' title='bbox 748 4467 799 4514; x_wconf 83' lang='lat' dir='ltr'><strong>pro</strong></span> <span class='ocrx_word' id='word_1_450' title='bbox 816 4451 931 4499; x_wconf 86' lang='lat' dir='ltr'><strong>Heurs&#39;co</strong></span> <span class='ocrx_word' id='word_1_451' title='bbox 947 4454 983 4499; x_wconf 81' lang='lat' dir='ltr'><strong>tu.</strong></span> <span class='ocrx_word' id='word_1_452' title='bbox 1003 4452 1142 4499; x_wconf 71' lang='lat' dir='ltr'><strong>emercitmrs</strong></span> <span class='ocrx_word' id='word_1_453' title='bbox 1159 4450 1185 4497; x_wconf 83' lang='lat' dir='ltr'><strong>in</strong></span> <span class='ocrx_word' id='word_1_454' title='bbox 1202 4449 1367 4498; x_wconf 80' lang='lat' dir='ltr'><strong>Paloesttnmu</strong></span> <span class='ocrx_word' id='word_1_455' title='bbox 1384 4450 1467 4499; x_wconf 73' lang='lat' dir='ltr'><strong>duxlt.</strong></span> <span class='ocrx_word' id='word_1_456' title='bbox 1505 4447 1606 4498; x_wconf 75' lang='lat' dir='ltr'><strong>Willsers</strong></span> <span class='ocrx_word' id='word_1_457' title='bbox 1623 4446 1643 4497; x_wconf 90' lang='lat' dir='ltr'><strong>l.</strong></span> <span class='ocrx_word' id='word_1_458' title='bbox 1657 4463 1682 4498; x_wconf 83' lang='lat' dir='ltr'><strong>c.</strong></span> <span class='ocrx_word' id='word_1_459' title='bbox 1696 4449 1731 4499; x_wconf 85' lang='lat' dir='ltr'><strong>V.</strong></span> 
     </span>
     <span class='ocr_line' id='line_1_43' title="bbox 449 4532 1733 4598; baseline 0 -14"><span class='ocrx_word' id='word_1_460' title='bbox 449 4534 489 4584; x_wconf 83' lang='lat' dir='ltr'><strong>to.</strong></span> <span class='ocrx_word' id='word_1_461' title='bbox 499 4551 557 4598; x_wconf 87' lang='lat' dir='ltr'><strong>sqq.</strong></span> <span class='ocrx_word' id='word_1_462' title='bbox 611 4534 727 4598; x_wconf 67' lang='lat' dir='ltr'><strong>Saxonis</strong></span> <span class='ocrx_word' id='word_1_463' title='bbox 745 4535 813 4584; x_wconf 73' lang='lat' dir='ltr'><strong>cirici</strong></span> <span class='ocrx_word' id='word_1_464' title='bbox 831 4539 854 4584; x_wconf 86' lang='lat'><strong>1.</strong></span> <span class='ocrx_word' id='word_1_465' title='bbox 877 4535 1047 4584; x_wconf 78' lang='lat' dir='ltr'><strong>Theudoricus·</strong></span> <span class='ocrx_word' id='word_1_466' title='bbox 1061 4532 1164 4582; x_wconf 56' lang='lat' dir='ltr'><strong>stltentoe</strong></span> <span class='ocrx_word' id='word_1_467' title='bbox 1182 4535 1254 4583; x_wconf 68' lang='lat' dir='ltr'><strong>aaa?</strong></span> <span class='ocrx_word' id='word_1_468' title='bbox 1310 4532 1535 4583; x_wconf 84' lang='lat' dir='ltr'><strong>⁴HenricusVl.</strong></span> <span class='ocrx_word' id='word_1_469' title='bbox 1549 4538 1669 4582; x_wconf 83' lang='lat' dir='ltr'><strong>mortuus</strong></span> <span class='ocrx_word' id='word_1_470' title='bbox 1688 4539 1733 4584; x_wconf 85' lang='lat' dir='ltr'><strong>est</strong></span> 
     </span>
     <span class='ocr_line' id='line_1_44' title="bbox 446 4615 1732 4683; baseline 0 -15"><span class='ocrx_word' id='word_1_471' title='bbox 446 4620 584 4668; x_wconf 76' lang='lat' dir='ltr'><strong>Messenae</strong></span> <span class='ocrx_word' id='word_1_472' title='bbox 597 4619 622 4668; x_wconf 90' lang='lat' dir='ltr'><strong>d.</strong></span> <span class='ocrx_word' id='word_1_473' title='bbox 636 4616 676 4668; x_wconf 77' lang='lat'><strong>28.</strong></span> <span class='ocrx_word' id='word_1_474' title='bbox 690 4619 764 4683; x_wconf 84' lang='lat' dir='ltr'><strong>Sept.</strong></span> <span class='ocrx_word' id='word_1_475' title='bbox 779 4635 804 4668; x_wconf 86' lang='lat' dir='ltr'><strong>e.</strong></span> <span class='ocrx_word' id='word_1_476' title='bbox 821 4618 894 4667; x_wconf 86' lang='grc'><strong><em>1191.</em></strong></span> <span class='ocrx_word' id='word_1_477' title='bbox 948 4617 966 4650; x_wconf 88' lang='lat'><strong>¹¹</strong></span> <span class='ocrx_word' id='word_1_478' title='bbox 986 4618 1135 4683; x_wconf 84' lang='lat' dir='ltr'><strong>Gregorius</strong></span> <span class='ocrx_word' id='word_1_479' title='bbox 1151 4618 1181 4667; x_wconf 93' lang='lat' dir='ltr'><strong>P.</strong></span> <span class='ocrx_word' id='word_1_480' title='bbox 1194 4617 1231 4666; x_wconf 87' lang='lat' dir='ltr'><strong>M.</strong></span> <span class='ocrx_word' id='word_1_481' title='bbox 1244 4617 1291 4668; x_wconf 85' lang='lat' dir='ltr'><strong>tx.</strong></span> <span class='ocrx_word' id='word_1_482' title='bbox 1310 4615 1346 4678; x_wconf 86' lang='lat' dir='ltr'><strong>(a.</strong></span> <span class='ocrx_word' id='word_1_483' title='bbox 1362 4616 1542 4678; x_wconf 54' lang='lat' dir='ltr'><strong>mmmmm.)</strong></span> <span class='ocrx_word' id='word_1_484' title='bbox 1561 4616 1732 4668; x_wconf 76' lang='lat' dir='ltr'><strong>llshumela·</strong></span> 
     </span>
     <span class='ocr_line' id='line_1_45' title="bbox 449 4700 1733 4767; baseline 0.001 -15"><span class='ocrx_word' id='word_1_485' title='bbox 449 4705 505 4766; x_wconf 87' lang='lat' dir='ltr'><strong>nis,</strong></span> <span class='ocrx_word' id='word_1_486' title='bbox 525 4705 578 4753; x_wconf 86' lang='lat' dir='ltr'><strong>nisi</strong></span> <span class='ocrx_word' id='word_1_487' title='bbox 596 4704 748 4753; x_wconf 81' lang='lat' dir='ltr'><strong>Christiani</strong></span> <span class='ocrx_word' id='word_1_488' title='bbox 760 4703 870 4764; x_wconf 81' lang='lat' dir='ltr'><strong>fierent,</strong></span> <span class='ocrx_word' id='word_1_489' title='bbox 889 4717 1007 4754; x_wconf 80' lang='lat' dir='ltr'><strong>summas</strong></span> <span class='ocrx_word' id='word_1_490' title='bbox 1020 4717 1117 4767; x_wconf 79' lang='lat' dir='ltr'><strong>peenas</strong></span> <span class='ocrx_word' id='word_1_491' title='bbox 1129 4717 1159 4752; x_wconf 90' lang='lat' dir='ltr'><strong>se</strong></span> <span class='ocrx_word' id='word_1_492' title='bbox 1172 4702 1346 4752; x_wconf 87' lang='lat' dir='ltr'><strong>inmissurum</strong></span> <span class='ocrx_word' id='word_1_493' title='bbox 1359 4715 1420 4753; x_wconf 88' lang='lat' dir='ltr'><strong>esse</strong></span> <span class='ocrx_word' id='word_1_494' title='bbox 1438 4702 1632 4762; x_wconf 81' lang='lat' dir='ltr'><strong>comminutus,</strong></span> <span class='ocrx_word' id='word_1_495' title='bbox 1651 4700 1733 4753; x_wconf 76' lang='lat' dir='ltr'><strong>ceri·</strong></span> 
     </span>
    </p>

    <p class='ocr_par' dir='ltr' id='par_1_5' title="bbox 382 4772 1734 5106">
     <span class='ocr_line' id='line_1_46' title="bbox 382 4772 1734 4851; baseline 0.002 -16"><span class='ocrx_word' id='word_1_496' title='bbox 382 4772 385 4781; x_wconf 63' lang='grc'><strong><em>’</em></strong></span> <span class='ocrx_word' id='word_1_497' title='bbox 449 4788 548 4836; x_wconf 87' lang='lat' dir='ltr'><strong>stieuie</strong></span> <span class='ocrx_word' id='word_1_498' title='bbox 567 4803 614 4837; x_wconf 85' lang='lat' dir='ltr'><strong>eos</strong></span> <span class='ocrx_word' id='word_1_499' title='bbox 631 4788 798 4838; x_wconf 82' lang='lat' dir='ltr'><strong>infensiores</strong></span> <span class='ocrx_word' id='word_1_500' title='bbox 810 4786 937 4836; x_wconf 86' lang='lat' dir='ltr'><strong>reddidit.</strong></span> <span class='ocrx_word' id='word_1_501' title='bbox 952 4788 987 4838; x_wconf 85' lang='lat' dir='ltr'><strong>cl.</strong></span> <span class='ocrx_word' id='word_1_502' title='bbox 1000 4787 1100 4837; x_wconf 79' lang='lat' dir='ltr'><strong>thlreu</strong></span> <span class='ocrx_word' id='word_1_503' title='bbox 1113 4785 1346 4851; x_wconf 78' lang='lat' dir='ltr'><strong>l.c.V1.562.sqq.</strong></span> <span class='ocrx_word' id='word_1_504' title='bbox 1384 4785 1526 4836; x_wconf 79' lang='lat' dir='ltr'><strong>¹⁸cstixto</strong></span> <span class='ocrx_word' id='word_1_505' title='bbox 1537 4785 1588 4836; x_wconf 93' lang='lat'>111.</span> <span class='ocrx_word' id='word_1_506' title='bbox 1623 4783 1734 4851; x_wconf 72' lang='lat' dir='ltr'><strong>¹³opud</strong></span> 
     </span>
     <span class='ocr_line' id='line_1_47' title="bbox 447 4865 1732 4935; baseline 0.004 -17"><span class='ocrx_word' id='word_1_507' title='bbox 447 4868 550 4934; x_wconf 63' lang='lat' dir='ltr'><strong>Helge]</strong></span> <span class='ocrx_word' id='word_1_508' title='bbox 570 4887 595 4919; x_wconf 87' lang='lat' dir='ltr'><strong>u.</strong></span> <span class='ocrx_word' id='word_1_509' title='bbox 610 4871 681 4921; x_wconf 76' lang='grc'><strong><em>1156.</em></strong></span> <span class='ocrx_word' id='word_1_510' title='bbox 696 4872 738 4921; x_wconf 84' lang='lat' dir='ltr'><strong>Cf.</strong></span> <span class='ocrx_word' id='word_1_511' title='bbox 747 4865 864 4920; x_wconf 76' lang='lat' dir='ltr'><strong>Norscler.</strong></span> <span class='ocrx_word' id='word_1_512' title='bbox 878 4871 895 4921; x_wconf 84' lang='lat' dir='ltr'><strong>l.</strong></span> <span class='ocrx_word' id='word_1_513' title='bbox 909 4887 933 4921; x_wconf 87' lang='lat' dir='ltr'><strong>c.</strong></span> <span class='ocrx_word' id='word_1_514' title='bbox 949 4887 974 4935; x_wconf 94' lang='lat' dir='ltr'><strong>p.</strong></span> <span class='ocrx_word' id='word_1_515' title='bbox 988 4869 1047 4921; x_wconf 79' lang='lat'><strong>287.</strong></span> <span class='ocrx_word' id='word_1_516' title='bbox 1105 4869 1125 4902; x_wconf 71' lang='lat'><strong>¹⁴</strong></span> <span class='ocrx_word' id='word_1_517' title='bbox 1143 4869 1474 4923; x_wconf 81' lang='lat' dir='ltr'><strong>int.mnl.Ghr.lnb.2..</strong></span> <span class='ocrx_word' id='word_1_518' title='bbox 1501 4867 1522 4902; x_wconf 75' lang='lat'><strong>¹⁵</strong></span> <span class='ocrx_word' id='word_1_519' title='bbox 1538 4868 1612 4919; x_wconf 79' lang='lat' dir='ltr'><strong>idem</strong></span> <span class='ocrx_word' id='word_1_520' title='bbox 1629 4869 1732 4923; x_wconf 68' lang='lat' dir='ltr'><strong>cm.</strong></span> 
     </span>
     <span class='ocr_line' id='line_1_48' title="bbox 449 4951 1732 5021; baseline 0.003 -19"><span class='ocrx_word' id='word_1_521' title='bbox 449 4951 468 4983; x_wconf 78' lang='lat'><strong>¹⁷</strong></span> <span class='ocrx_word' id='word_1_522' title='bbox 486 4956 549 5002; x_wconf 83' lang='lat' dir='ltr'><strong>mai.</strong></span> <span class='ocrx_word' id='word_1_523' title='bbox 563 4961 643 5004; x_wconf 88' lang='lat' dir='ltr'><strong>restr.</strong></span> <span class='ocrx_word' id='word_1_524' title='bbox 656 4961 681 5006; x_wconf 85' lang='lat'><strong>2.</strong></span> <span class='ocrx_word' id='word_1_525' title='bbox 716 4954 738 4989; x_wconf 80' lang='lat'><strong>²³</strong></span> <span class='ocrx_word' id='word_1_526' title='bbox 756 4957 880 5021; x_wconf 89' lang='lat' dir='ltr'><strong>inprimis</strong></span> <span class='ocrx_word' id='word_1_527' title='bbox 891 4959 917 5005; x_wconf 86' lang='lat'><strong>2.</strong></span> <span class='ocrx_word' id='word_1_528' title='bbox 952 4955 975 4988; x_wconf 66' lang='lat'><strong>²²</strong></span> <span class='ocrx_word' id='word_1_529' title='bbox 992 4956 1035 5006; x_wconf 86' lang='lat' dir='ltr'><strong>De</strong></span> <span class='ocrx_word' id='word_1_530' title='bbox 1047 4957 1178 5021; x_wconf 84' lang='lat' dir='ltr'><strong>Pompeio</strong></span> <span class='ocrx_word' id='word_1_531' title='bbox 1191 4956 1259 5006; x_wconf 85' lang='lat' dir='ltr'><strong>dixit</strong></span> <span class='ocrx_word' id='word_1_532' title='bbox 1271 4955 1330 5007; x_wconf 75' lang='lat' dir='ltr'><strong>cta.</strong></span> <span class='ocrx_word' id='word_1_533' title='bbox 1344 4971 1392 5021; x_wconf 89' lang='lat' dir='ltr'><strong>pro</strong></span> <span class='ocrx_word' id='word_1_534' title='bbox 1405 4955 1438 5005; x_wconf 87' lang='lat' dir='ltr'><strong>L.</strong></span> <span class='ocrx_word' id='word_1_535' title='bbox 1451 4953 1546 5004; x_wconf 77' lang='lat' dir='ltr'><strong>Menil.</strong></span> <span class='ocrx_word' id='word_1_536' title='bbox 1561 4952 1636 5016; x_wconf 71' lang='lat' dir='ltr'><strong>toas.</strong></span> <span class='ocrx_word' id='word_1_537' title='bbox 1650 4970 1732 5020; x_wconf 75' lang='lat' dir='ltr'><strong>quen</strong></span> 
     </span>
     <span class='ocr_line' id='line_1_49' title="bbox 448 5036 1688 5106; baseline 0.002 -20"><span class='ocrx_word' id='word_1_538' title='bbox 448 5036 477 5084; x_wconf 90' lang='lat' dir='ltr'><strong>iu</strong></span> <span class='ocrx_word' id='word_1_539' title='bbox 495 5053 552 5103; x_wconf 91' lang='lat' dir='ltr'><strong>sqq.</strong></span> <span class='ocrx_word' id='word_1_540' title='bbox 566 5054 672 5104; x_wconf 91' lang='lat' dir='ltr'><strong>quoque</strong></span> <span class='ocrx_word' id='word_1_541' title='bbox 691 5040 821 5106; x_wconf 83' lang='lat' dir='ltr'><strong>compilet</strong></span> <span class='ocrx_word' id='word_1_542' title='bbox 832 5040 1017 5091; x_wconf 78' lang='lat' dir='ltr'><strong>Bartholinns.</strong></span> <span class='ocrx_word' id='word_1_543' title='bbox 1053 5039 1075 5072; x_wconf 75' lang='lat'><strong>¹⁹</strong></span> <span class='ocrx_word' id='word_1_544' title='bbox 1094 5043 1297 5091; x_wconf 82' lang='lat' dir='ltr'><strong>concertaverit</strong></span> <span class='ocrx_word' id='word_1_545' title='bbox 1308 5043 1333 5090; x_wconf 80' lang='lat'><strong>2.</strong></span> <span class='ocrx_word' id='word_1_546' title='bbox 1353 5039 1390 5089; x_wconf 83' lang='lat' dir='ltr'><strong>el.</strong></span> <span class='ocrx_word' id='word_1_547' title='bbox 1404 5038 1462 5089; x_wconf 78' lang='lat' dir='ltr'><strong>(lic.</strong></span> <span class='ocrx_word' id='word_1_548' title='bbox 1475 5038 1493 5087; x_wconf 91' lang='lat' dir='ltr'><strong>l.</strong></span> <span class='ocrx_word' id='word_1_549' title='bbox 1507 5054 1530 5089; x_wconf 90' lang='lat' dir='ltr'><strong>c.</strong></span> <span class='ocrx_word' id='word_1_550' title='bbox 1548 5037 1622 5100; x_wconf 71' lang='lat' dir='ltr'><strong>ibeo.</strong></span> <span class='ocrx_word' id='word_1_551' title='bbox 1684 5053 1688 5060; x_wconf 90' lang='lat'>·</span> 
     </span>
    </p>
   </div>
   <div class='ocr_carea' id='block_1_5' title="bbox 0 0 2154 6059">
    <p class='ocr_par' dir='ltr' id='par_1_6' title="bbox 0 0 2154 6059">
     <span class='ocr_line' id='line_1_50' title="bbox 0 0 2154 6059; baseline 0 1"><span class='ocrx_word' id='word_1_552' title='bbox 0 0 2154 6059; x_wconf 95' lang='lat' dir='ltr'><strong> </strong></span> 
     </span>
    </p>
   </div>
  </div>
 </body>
</html>
