4300 6059
533 668 603 739 ΠΟ
635 693 655 732 2·
667 697 845 735 BXEOBTA'HO
858 699 894 735 ΔΙ)
906 698 1054 734 rnrnclt’ue
1067 699 1102 735 NE
1115 693 1147 735 Il!
1157 698 1604 755 ΒΕΟΙᾈ.ΡΜΒῙᾸΜΟΝΒΙΝΤΙΔΙΙΤ.
1615 700 1643 735 Δ.
1652 691 1710 736 1518.

529 867 604 922 rote.
621 858 697 923 'taum
720 856 822 932 decipi,
845 856 947 930 ubique
970 866 1048 932 turpe
1071 866 1128 922 est.
1157 876 1205 933 per
1226 858 1388 933 religionem
1410 876 1473 915 vero
1502 858 1703 933 turpissimum.
1731 878 1812 934 quum

469 953 517 1006 tu.
532 963 611 1005 unum
635 943 714 1001 uobis
736 949 833 1083 contr&
853 941 947 1006 noxius
970 960 1060 1000 mores
1089 943 1205 1001 contulit
1231 943 1319 1001 divina
1347 943 1463 1000 bonitas.
1506 941 1593 1015 Porro
1620 944 1678 1024 lime
1704 943 1813 1003 absulu-

528 1031 731 1096 claremontem
760 1026 805 1102 pie
834 1025 870 1082 tis
898 1027 977 1084 uobis
1005 1030 1149 1104 proponit.
1179 1029 1295 1104 primum
1321 1030 1402 1085 deum
1431 1044 1520 1085 umere
1547 1028 1672 1086 omnibus
1701 1030 1810 1093 viribus.

527 1116 623 1175 deiude
644 1112 797 1188 proximum
818 1120 850 1168 ut
871 1128 921 1169 uos
949 1113 1034 1188 ipsos.
1076 1113 1112 1170 At
1139 1114 1275 1190 quomodo
1303 1112 1379 1170 illum
1407 1112 1568 1176 curabimus.
1602 1114 1812 1175 cumutamus

528 1204 585 1258 eius
607 1206 778 1270 sacrosancta
799 1204 935 1272 precepta
954 1199 1098 1256 mnuiieste
1120 1198 1220 1274 pollui,
1249 1194 1299 1257 nec
1326 1207 1415 1255 umen
1445 1198 1613 1269 resistimus.
1641 1192 1689 1257 eud
1718 1201 1842 1295 mim

527 1285 694 1344 connivendo
717 1299 795 1357 opem
819 1283 931 1340 ierimus
954 1284 1104 1359 impietati?
1127 1282 1235 1345 du-,illo
1256 1284 1408 1360 proximum
1430 1301 1543 1359 syncere
1565 1292 1636 1343 emet
1652 1285 1704 1358 qui
1726 1285 1812 1358 indu·

527 1370 679 1430 commodo>
692 1367 765 1424 illius
788 1369 949 1425 removendo
971 1368 1038 1425 nibil
1061 1378 1103 1426 est
1125 1370 1290 1444 occupatus?
1313 1369 1378 1426 uolo
1401 1369 1515 1427 amicum
1536 1368 1604 1426 nihil
1627 1369 1763 1428 solicitum
1776 1372 1811 1429 de
1914 1387 1917 1390 ·

528 1453 710 1516 salutemet:
733 1452 856 1510 inimicus
877 1453 943 1510 mibi
965 1453 1098 1512 habeatur
1120 1442 1166 1529 qul
1187 1473 1203 1512 u
1225 1471 1266 1512 me
1289 1471 1344 1534 pou
1366 1452 1509 1529 propulset
1531 1446 1656 1512 iniurium
1670 1455 1694 1513 si
1709 1463 1810 1530 potest.

277 1543 281 1555 '
388 1609 390 1614 Ι
469 1548 515 1597 to.
529 1540 562 1598 Et
583 1550 672 1597 tumen
695 1537 740 1594 illu
762 1554 816 1595 nou
838 1536 968 1612 legimus,
991 1556 1045 1596 nou
1068 1540 1234 1606 audivimus,
1249 1532 1304 1597 'sod
1326 1538 1437 1597 cottidie
1458 1538 1516 1596 deri
1532 1536 1667 1598 videmos:
1690 1539 1718 1596 iu
1733 1539 1809 1597 nullo

503 1626 693 1684 rreluctantes
715 1622 838 1680 homiues
859 1632 925 1681 suut
945 1623 993 1683 sed
1014 1624 1149 1699 patientes
1171 1626 1203 1682 ud
1220 1640 1331 1683 omnem
1353 1623 1541 1700 ignominium,
1575 1625 1652 1700 quusi
1679 1643 1733 1682 nun
1760 1638 1845 1700 pu-ro

527 1712 582 1770 tius
603 1708 767 1768 contumelio
794 1708 832 1765 sit
857 1710 908 1767 deo
937 1725 1017 1783 quum
1046 1710 1208 1784 obsequium
1235 1710 1320 1767 stulte
1341 1709 1481 1784 patientie.
1524 1709 1717 1768 Utinauunr
1730 1710 1811 1773 tacite

527 1796 634 1872 possint
655 1795 708 1854 ista
729 1795 865 1852 emendari
894 1810 974 1869 quum
1000 1795 1178 1872 reprebendi.
1206 1804 1236 1853 et
1265 1795 1402 1870 principes
1427 1794 1515 1853 nostri
1544 1793 1649 1853 nullent
1676 1803 1810 1871 perpetuo

526 1881 683 1945 connivere,
713 1878 761 1936 sed
789 1878 895 1947 taudem
919 1878 1064 1959 eliquuindp
1086 1887 1199 1957 purtem
1219 1878 1314 1938 saltem
1343 1880 1366 1936 si
1394 1896 1449 1937 uon
1478 1887 1565 1937 totum
1592 1897 1725 1956 perversu
1745 1898 1811 1939 eon·

528 1965 681 2047 suetudinis
702 1964 897 2040 proscindere:
930 1967 1032 2039 quanto
1046 1958 1215 2043 utquiliiffti
1237 1983 1281 2021 res
1302 1974 1361 2022 tutu
1381 1965 1529 2040 prophana
1556 1972 1613 2023 tum
1633 1982 1723 2024 suoru
1750 1984 1811 2022 sese

458 2046 673 2129 §.ro.habbfient!
696 2049 753 2123 ego
775 2049 847 2106 euim
869 2048 910 2105 sie
937 2042 1228 2135 existit-ffuuju'iluperie‘
1245 2050 1287 2107 his
1315 2049 1418 2109 artibus
1447 2049 1544 2108 niellus
1571 2051 1682 2109 retineri
1710 2049 1845 2126 quibusts

527 2124 721 2212 aequiuocum
743 2141 771 2190 nt
792 2133 934 2208 imperium
955 2128 1136 2204 diffluum
1158 2152 1214 2192 uon
1235 2135 1332 2199 ermis,
1359 2152 1420 2211 uon
1442 2134 1533 2209 gladio
1554 2144 1738 2210 comparatum
1757 2145 1809 2205 est,
1839 2124 1852 2156 ⁶

527 2223 575 2279 sed
598 2220 699 2296 pietate
721 2226 750 2276 et
772 2219 883 2293 optimis
904 2206 1175 2295 exemplieruir'endi:
1198 2239 1259 2296 qum
1274 2224 1419 2304 pustquqm
1434 2237 1544 2294 pessum
1558 2220 1698 2283 abierunt.
1721 2223 1810 2278 omnia

527 2306 605 2364 bona·
619 2314 694 2363 retro
715 2302 793 2378 lupse
813 2312 892 2367 suut;
914 2303 999 2363 multu
1020 2302 1105 2380 regin
1127 2315 1155 2363 et
1177 2305 1287 2382 imperia
1310 2305 1490 2380 perdidimus,
1513 2306 1639 2380 quoniam
1652 2313 1738 2370 artes,
1761 2324 1811 2382 per
1893 2367 1896 2374 ,

527 2409 594 2466 quus
617 2398 694 2466 perta
716 2397 808 2452 eruut,
832 2406 887 2446 nou
910 2390 1088 2455 retinuimus;
1110 2391 1209 2478 um'qqsu
1230 2399 1273 2448 est
1294 2391 1397 2465 pietus,
1420 2391 1582 2448 retinuimus
1604 2407 1715 2455 nomen:
1738 2389 1810 2448 selu·
1843 2400 1846 2407 '

528 2483 617 2533 turuur
640 2475 668 2550 iu
688 2475 742 2529 vitu
764 2475 942 2539 sanctissimi,
963 2481 993 2533 et
1014 2482 1078 2551 pust
1100 2480 1214 2551 mortem
1236 2472 1315 2533 nemo
1338 2493 1389 2532 uus
1410 2475 1538 2549 dignatur
1559 2475 1667 2533 nomine
1682 2476 1845 2534 sanctita-ro

459 2559 573 2621 §.tutis
610 2554 721 2616 nbfnac
743 2567 821 2633 purte
842 2552 1074 2639 coepit‘plnulutidi
1097 2550 1353 2637 presumendum
1375 2560 1495 2623 exitiale,
1522 2560 1618 2618 deinde
1639 2561 1724 2619 ceteri
1744 2577 1810 2636 pro·

526 2663 604 2703 ceres
626 2643 713 2702 secuti
734 2651 799 2700 sunt
821 2662 875 2724 uon
897 2642 1046 2723 sepulturi¹
1066 2664 1134 2720 ergo
1161 2630 1258 2704 miitrnr
1288 2662 1343 2702 uon
1369 2654 1412 2702 est
1439 2646 1520 2720 quod
1540 2663 1556 2703 e
1576 2645 1655 2703 uobis
1677 2645 1811 2703 alienetur
1839 2680 1847 2697 .

526 2730 645 2788 celestis
672 2729 748 2787 iuror
777 2736 806 2788 et
823 2748 884 2798 uos
912 2748 966 2787 non
993 2724 1136 2806 cognoscit
1164 2730 1279 2806 amplius
1307 2738 1388 2806 utque
1410 2731 1507 2804 puedae
1533 2730 1664 2805 relinquit
1684 2731 1810 2807 improbo

527 2815 616 2878 hosti.
646 2812 900 2891 imputo‚·.iubelli.
948 2816 1093 2874 Pontiliees
1114 2816 1236 2875 Romani.
1248 2825 1391 2891 postquem
1418 2825 1560 2890 cmperunt
1587 2817 1727 2892 prophenu
1748 2834 1812 2887 cum,

527 2901 611 2959 sacris
632 2900 812 2973 coniungere,
840 2901 922 2958 immo
945 2900 1048 2958 relictis
1070 2902 1155 2959 sacris
1177 2900 1266 2958 solum
1294 2901 1434 2977 prophana
1461 2900 1601 2964 admirari,
1631 2919 1711 2976 quern
1739 2900 1844 2960 benere

527 2985 681 3043 consultum
703 2983 786 3040 luerit
808 2985 963 3060 reipublice¹
992 2985 1163 3049 Christiane,
1193 2985 1366 3061 quambene
1392 2985 1525 3060 placuerit
1553 2985 1660 3061 superis
1688 2987 1810 3061 ipsorum

528 3070 697 3132 institutum,
716 3078 831 3126 eventus
854 3070 1053 3144 conrp’robnvit:
1084 3071 1188 3130 amissis
1218 3071 1336 3128 externis
1363 3071 1469 3128 interna
1497 3071 1676 3127 seditionibus
1699 3071 1810 3129 infinitis

528 3155 745 3218 conturbantem
766 3155 854 3212 divine
876 3165 1080 3230 conspuuntur,
1102 3157 1228 3213 venditur
1249 3155 1468 3296 Christumssunu
1491 3156 1580 3212 ovium
1602 3157 1747 3220 tondetur:
1776 3156 1810 3214 de

460 3242 651 3299 §.u-custodia
672 3239 791 3296 studium
814 3240 927 3298 nullum.
971 3242 1072 3299 Omitto
1095 3242 1139 3299 hic
1161 3241 1328 3316 Hispaniam.
1358 3242 1393 3298 tiu
1419 3241 1468 3304 ns,
1498 3242 1630 3298 orientem
1657 3259 1718 3298 cum
1741 3242 1810 3299 occi·
1853 3237 1873 3256 '⁸

527 3326 622 3389 dente,
646 3334 776 3400 quuutum
798 3344 849 3401 pro
872 3325 963 3401 palliis
985 3326 1172 3400 similibusque
1195 3325 1276 3400 nugis
1297 3334 1377 3384 utute
1397 3327 1513 3383 duorum
1541 3326 1694 3401 principum
1715 3326 1842 3383 iride-uo

528 3411 577 3468 rici
600 3418 627 3467 ut
648 3410 817 3468 Maximiliuui
841 3428 895 3467 unu
915 3412 1010 3469 eiludit
1032 3412 1180 3469 Germania.
1217 3411 1240 3467 si
1256 3413 1353 3474 llomu.
1376 3419 1407 3467 ut
1426 3411 1581 3468 institutum
1596 3419 1649 3475 est.
1673 3412 1700 3467 in
1716 3411 1809 3469 fiscum

526 3495 697 3570 collegisset,
719 3494 760 3550 rel
782 3496 923 3553 Germania
945 3495 1039 3570 (veluti
1061 3515 1111 3572 pur
1133 3496 1202 3569 erut)
1225 3497 1251 3553 in
1274 3512 1357 3552 unum
1378 3495 1554 3559 contulisset,
1577 3495 1736 3553 buborernus
1757 3496 1808 3554 ium

527 3597 625 3638 nervos
645 3579 800 3655 reipublieae
824 3579 930 3640 abunde
951 3581 1118 3640 sufficientes
1142 3580 1213 3638 bello
1236 3581 1368 3644 Asiatico.
1392 3598 1440 3638 nec
1462 3599 1532 3656 opus
1553 3581 1627 3640 loret
1649 3582 1700 3638 ium
1715 3580 1808 3639 urbem
1836 3624 1838 3629 .

508 3851 510 3855 ’
594 3847 1047 3916 ¹turpiseimum.PorroquumSp.
1082 3847 1411 3915 *Porroommeddqnod
1419 3827 1702 3914 rintequumeetindp.
1737 3847 1808 3901 ²eb-

526 3935 662 3988 solutione
674 3936 720 4001 Sp.
739 3935 892 3987 absolutum
905 3939 929 3985 2.
939 3939 965 3986 3.
1000 3933 1127 4001 ³urlem]
1141 3940 1248 4001 purtem
1259 3934 1306 4000 Sp.
1321 3938 1406 3985 1.5.d.
1441 3935 1577 4000 proponit.
1594 3935 1675 3986 Prius
1686 3936 1734 4000 Sp.
1747 3951 1807 4001 pro·
1862 3988 1867 3995 ,

526 4020 611 4087 pouit.
624 4020 744 4071 Primum
756 4021 815 4070 edd.
830 4020 867 4069 ci.
880 4020 948 4070 Luu.
960 4021 994 4070 X.
1008 4021 1051 4071 27.
1064 4028 1112 4072 etc.
1148 4020 1159 4053 ⁴
1171 4020 1321 4088 proximum
1334 4018 1433 4070 deiude
1445 4021 1505 4072 edd.
1540 4016 1684 4086 quomodo]
1700 4018 1808 4089 quaudo

529 4107 589 4158 23.
624 4101 811 4170 ⁸resistimus]
826 4104 1002 4168 occurrendo,
1016 4107 1075 4156 edd.
1112 4104 1308 4157 ‘couniuendo
1322 4108 1345 4154 1.
1365 4103 1576 4155 conuiuendo5.
1611 4104 1748 4169 proximus
1760 4104 1806 4169 Sp.

526 4192 705 4241 sincerem.
742 4194 849 4241 emetur
861 4190 908 4254 Sp.
949 4190 1111 4256 inemts.Sp.
1147 4189 1387 4241 'sellicitumM
1426 4187 1664 4252 'nec(uon2.3.)
1683 4189 1807 4240 eudimus

525 4277 585 4325 edd.
621 4273 743 4341 quotidie
756 4275 815 4329 edd.
850 4274 1065 4338 videmus‚nullu
1077 4274 1214 4326 homiuum
1226 4275 1391 4336 reluctante,
1404 4273 1453 4326 ced
1466 4290 1490 4340 p.
1498 4275 1557 4325 edd.
1592 4271 1613 4305 ¹⁰
1625 4272 1807 4338 proeluctuute

526 4364 586 4412 2.3.
633 4359 823 4425 eudomiusp.
842 4359 892 4411 sed
908 4359 954 4411 vel
971 4363 1071 4426 p.2.3.
1119 4359 1140 4393 ¹²
1158 4362 1213 4411 istu
1232 4358 1293 4426 eun]
1312 4358 1476 4411 illumuteri
1487 4359 1533 4423 Sp.
1563 4359 1808 4411 istueuiterit.3.

525 4444 697 4511 reprehendi.
711 4446 818 4496 litedd.
854 4443 876 4477 ¹³
895 4444 1087 4511 uliquumedd.
1122 4445 1368 4497 sultemomimdd.
1403 4441 1424 4476 ¹⁴
1436 4443 1587 4509 praecidere
1600 4444 1658 4494 edel.
1695 4448 1808 4504 reetenu

525 4546 565 4596 pr.
579 4545 659 4596 quam
671 4531 731 4580 edd.
765 4527 838 4596 sese]
857 4547 887 4582 se
900 4532 959 4582 edd.
994 4527 1016 4562 ¹⁶
1034 4529 1081 4581 Sic
1094 4531 1222 4581 existimo
1235 4527 1295 4595 ctu]
1314 4531 1356 4580 Ex
1368 4528 1476 4580 Iuliuue
1489 4531 1618 4594 apostata
1630 4527 1682 4578 hoc
1700 4527 1806 4578 destur-
1826 4587 1830 4594 ι

525 4620 600 4681 ptum
620 4629 680 4665 cese
699 4609 880 4667 delectationi
898 4615 952 4666 fuit
969 4613 1122 4678 Ruyueldo.
1158 4612 1314 4681 ''peseum1
1333 4613 1436 4680 passim
1454 4617 1514 4664 m.
1555 4611 1576 4645 ¹⁸
1594 4627 1681 4678 regne
1698 4616 1807 4662 utente.

525 4702 584 4753 edd.
625 4696 764 4765 quonium}
778 4698 822 4765 qn‘u
836 4703 860 4750 1.
874 4703 940 4751 unde
953 4715 1006 4764 per
1020 4700 1320 4767 ipnorarttiamquupud.
1358 4696 1390 4737 -¹'
1407 4703 1522 4764 puteo.
1568 4696 1590 4732 ²¹
1608 4695 1743 4763 puuletim
1755 4712 1809 4749 ece·

524 4785 566 4851 pit
583 4785 642 4836 edd.
693 4782 716 4817 ¹⁸
737 4783 842 4836 Peelm.
855 4783 1019 4837 Lxxmu.
1070 4781 1094 4817 ²⁴
1116 4790 1236 4850 impuro,
1260 4783 1449 4835 inbelliomtr.
1466 4785 1526 4834 edd.
1559 4781 1711 4834 Pontifices
1734 4783 1808 4833 euim

525 4873 645 4921 1.2.5.o.
664 4884 729 4919 vcro
744 4872 771 4920 3.
806 4866 861 4902 ’ω’
874 4884 934 4920 eum
949 4869 1076 4921 suerio...
1090 4869 1240 4936 prophane.
1253 4867 1376 4934 omum.
1411 4866 1501 4921 ”imo
1513 4872 1538 4918 2.
1547 4872 1573 4919 3.
1607 4865 1749 4932 ”placuit
1759 4869 1806 4931 Sp.

524 4942 551 4987 ff
564 4953 795 5007 inlimeeditedd.
848 4952 869 4987 ²⁸
882 4953 1065 5020 coturbutSp.
1118 4953 1224 5021 consp]
1243 4953 1433 5019 despiciuntur
1450 4955 1509 5004 edd.
1555 4951 1577 4984 ¹⁹
1595 4951 1638 5002 Cl.
1651 4951 1719 5014 PuQ
1732 4950 1805 5013 §.ab

524 5036 549 5070 ⁸⁰
566 5035 656 5104 nugis]
676 5038 814 5106 figmentis
827 5041 891 5093 edd.
937 5037 961 5072 ⁸⁸
977 5039 1022 5092 vel
1035 5039 1067 5092 G.
1124 5012 1423 5104 contulissemus-ip.
1457 5037 1480 5071 ⁸¹
1495 5037 1589 5091 urbem
1607 5037 1662 5088 ium
1680 5037 1754 5088 edd·
