4300 6059
530 674 551 717 1.
571 666 684 730 (runnu
697 680 732 716 ns
745 663 805 728 rto)
818 679 921 717 enarro
934 681 1106 717 necruxnvu.
1120 681 1184 717 sve.
1199 681 1275 719 vinu.
1289 682 1366 718 ruer.
1380 682 1408 717 rr.
1419 681 1483 718 avo.
1496 681 1522 718 n.
1535 675 1595 721 tntu.
1640 652 1708 724 167

426 840 532 897 iurandi
554 838 673 902 cultum.
696 856 751 895 non
774 839 905 896 excedunt
927 839 984 899 baec
1006 849 1101 898 vestrm
1124 839 1224 899 limites
1253 842 1412 914 potestatis.
1443 859 1496 897 uoxx
1525 842 1625 899 obsunt
1654 843 1710 902 lraec

425 925 569 982 absentum
590 923 720 981 libertati.
765 924 863 981 Tollite
883 925 978 998 itaque
1005 942 1108 989 moras:
1136 943 1245 1000 semper
1272 927 1366 983 nocuit
1391 927 1501 983 dillerre
1528 928 1645 1002 paratis:
1673 937 1777 987 antro.

425 1028 481 1066 neu
505 1017 597 1085 parata
624 1018 689 1066 sunt
718 1010 807 1065 omnia
834 1009 868 1065 ad
896 1010 1094 1086 expeditionem
1124 1010 1308 1074 indicendam,
1337 1012 1445 1084 quando
1474 1029 1597 1069 universa
1620 1012 1710 1069 oblata

424 1098 509 1152 suut?
538 1094 603 1170 qnid
624 1093 742 1172 amplius
764 1095 836 1151 enim
859 1113 874 1152 a
895 1091 1014 1153 llouxana
1035 1093 1149 1152 ecclesia
1171 1095 1305 1168 exigitur?
1339 1097 1403 1170 quid
1433 1095 1504 1153 ultra
1531 1097 1564 1153 ab
1592 1098 1711 1153 externis

402 1181 545 1256 spetitur.
569 1178 677 1255 quaudo
700 1188 777 1236 sect
799 1197 847 1236 sua
870 1180 960 1236 omnia
981 1180 1101 1237 dedunt?
1123 1179 1207 1237 Foelix
1229 1180 1337 1237 initium
1359 1181 1526 1238 serenissimi
1541 1181 1644 1244 Caroli,
1667 1201 1710 1238 ea·

424 1265 519 1325 tboliei
542 1265 630 1338 regis,
649 1264 783 1322 loeliciore
804 1282 855 1320 nos
877 1265 1000 1340 auspicio
1024 1265 1126 1321 trabat:
1150 1266 1296 1322 'lureerum
1319 1265 1462 1341 imperium
1484 1265 1529 1322 ille
1544 1266 1631 1322 adbuc
1645 1267 1709 1323 ado·

422 1349 589 1409 leseentulus
611 1350 767 1425 nuperrime
791 1349 817 1407 in
840 1349 931 1406 Africa
952 1349 1079 1413 extinxit,
1102 1350 1196 1425 pellite
1218 1367 1266 1406 vos
1287 1351 1403 1425 Europa.
1431 1350 1484 1408 Nee
1506 1350 1588 1425 longe
1610 1351 1776 1414 absentent

423 1435 536 1497 maxima
559 1451 674 1509 queque
696 1433 819 1508 premia:
842 1435 943 1492 etenim
965 1434 1090 1511 cupidine
1113 1434 1208 1508 gloria,
1230 1435 1306 1491 ardet
1332 1436 1438 1492 animus
1465 1453 1603 1509 nunquam
1626 1436 1710 1494 bene·

423 1518 507 1584 stiur.
530 1536 667 1593 nunquam
689 1518 795 1576 lacilior
823 1519 856 1576 ad
883 1537 1015 1577 summam
1042 1519 1172 1594 gloriam:
1202 1520 1224 1575 si
1252 1519 1329 1576 vobis
1358 1521 1484 1595 cupidine
1509 1519 1604 1594 gloriae
1630 1521 1709 1577 'ardet

390 1604 544 1669 inanimus,
567 1605 609 1661 via
631 1603 706 1662 vobis
728 1604 830 1678 patuit,
852 1605 1057 1680 capessentibus
1080 1606 1181 1680 quippe
1203 1604 1341 1662 Germanis
1369 1605 1565 1680 expeditionem
1593 1605 1620 1661 iu
1641 1606 1708 1662 Tur·

422 1707 483 1753 eas,
506 1680 529 1747 si
552 1708 612 1764 quae
634 1707 649 1744 a
671 1689 750 1745 nobis
771 1690 842 1746 dieta
865 1699 928 1746 suut
950 1688 1028 1753 fient,
1051 1705 1176 1764 suprema
1200 1708 1246 1746 vos
1267 1689 1333 1747 belli
1355 1699 1481 1747 auctores
1504 1698 1532 1746 et
1551 1690 1633 1747 duces
1648 1691 1708 1764 glo·

422 1775 462 1832 ria
484 1781 588 1839 manen
610 1775 653 1830 sin
676 1791 753 1837 vero,
778 1775 850 1848 quod
872 1775 938 1831 deus
960 1774 1043 1838 nolit,
1075 1774 1153 1831 irrita
1181 1791 1241 1831 esse
1262 1773 1418 1850 contingat.
1444 1783 1521 1851 parta
1550 1775 1602 1832 iam
1630 1775 1706 1832 vobis

423 1859 522 1916 indicta
545 1858 717 1934 expeditione
739 1858 826 1932 gloria
848 1858 956 1934 integre
980 1859 1050 1934 apud
1072 1877 1120 1916 eos
1143 1859 1288 1934 splendore
1310 1859 1426 1933 fulgebit
1448 1859 1523 1917 nullo
1539 1868 1649 1934 accepte
1665 1860 1705 1916 in·
1736 1891 1746 1907 ·

420 1945 573 2002 commodo.
617 1943 645 2000 Si
667 1960 781 2017 regnum
803 1945 957 2019 appetitur.
979 1945 1012 2001 dc
1034 1945 1211 2036 propagandp
1232 1952 1330 2016 vestro¹
1346 1944 1459 2020 imperio
1480 1945 1585 2018 agitur;
1607 1946 1630 2002 si
1652 1953 1694 2002 ter
1715 1954 1774 2005 §.en

387 2048 514 2092 utrarum
537 2020 690 2086 orbis'non
713 2027 828 2092 subicit,
851 2037 974 2104 paratum
996 2029 1073 2086 vobis
1094 2025 1326 2086 a'e'enstitutione
1348 2030 1441 2086 muudi
1462 2025 1572 2088 celeste
1593 2047 1707 2104 regnum

420 2116 513 2180 aelest;
535 2115 609 2171 siin
631 2113 674 2171 ins
696 2130 777 2171 eausa
797 2115 954 2178 deducitur,
976 2114 1082 2172 astricti
1103 2115 1170 2173 estis
1192 2131 1242 2189 pre
1265 2113 1365 2171 Clrristi
1388 2115 1495 2171 nomine
1517 2132 1548 2171 ae
1575 2114 1628 2170 bele
1649 2114 1706 2172 bel-

419 2199 477 2259 lurn
506 2200 593 2262 inire.
622 2198 850 2274 quandoquidem,
862 2200 938 2274 prior
967 2199 1025 2275 ipse
1054 2216 1101 2255 rex
1128 2216 1226 2272 regum
1254 2216 1347 2260 aereas
1375 2199 1489 2273 proprio
1516 2199 1648 2272 sanguine
1676 2219 1706 2256 uc

543 2291 677 2341 elestates
698 2283 860 2347 debellarit,
883 2291 914 2342 ut
936 2302 986 2340 nes
1007 2284 1040 2340 de
1063 2284 1176 2358 pereuni
1198 2284 1353 2358 captivitate
1375 2285 1402 2340 in
1418 2281 1570 2341 libertatern
1586 2282 1704 2341 filiorum

544 2377 632 2431 rtet„
652 2368 683 2431 ln
705 2387 786 2426 mann
808 2369 894 2444 igitur
915 2376 1004 2424 vestra
1026 2368 1192 2443 populorum
1214 2366 1324 2426 libertas
1346 2376 1428 2444 atque
1449 2367 1524 2426 salus
1538 2386 1600 2427 cum
1614 2369 1704 2443 posita
1715 2378 1774 2429 tu.

383 2456 475 2522 seuit,
498 2452 846 2528 exaudite‚,benignissimi
869 2452 1021 2529 principes,
1044 2470 1095 2517 nes
1118 2452 1270 2527 apostolico
1292 2455 1400 2518 nomine
1416 2471 1467 2529 pre
1483 2453 1606 2511 uxriversa
1621 2453 1706 2511 eecle-

418 2541 459 2597 sia
488 2536 681 2614 supplicantes
725 2539 891 2596 miseremini
919 2537 999 2595 simul
1027 2547 1081 2595 tam
1117 2546 1198 2595 vastae
1232 2537 1413 2595 multitudinis
1445 2538 1547 2612 absque
1578 2537 1705 2613 baptismi
1812 2601 1815 2606 ¹

417 2624 507 2698 gratia
530 2624 558 2680 in
579 2631 693 2694 aeternae*
710 2625 806 2679 mortis
830 2624 971 2681 interitum
986 2623 1149 2698 praecipitis:
1173 2623 1195 2679 si
1212 2623 1286 2697 quod
1301 2623 1347 2678 uui
1363 2641 1395 2678 ex
1410 2623 1528 2681 minimis
1544 2623 1580 2679 sit
1595 2624 1703 2685 laetum,

418 2709 472 2767 sibi
495 2709 595 2766 lactum
617 2716 710 2765 censet
731 2708 856 2765 Christus
878 2709 1017 2776 domiuus,
1041 2707 1136 2782 quanti
1158 2708 1292 2764 iacturum
1314 2708 1417 2783 putatis
1440 2707 1516 2763 illum
1539 2709 1611 2783 quod
1626 2709 1705 2765 iunu-

418 2793 501 2852 meris
522 2793 580 2850 suis
609 2793 730 2852 eeclesiis
758 2801 813 2851 taxu
841 2794 936 2868 iugens
965 2791 1124 2850 beneficium
1152 2791 1280 2850 collatum
1307 2792 1398 2849 luerit.
1448 2785 1596 2850 Vobiscum
1620 2793 1774 2869 igitnrttt.

384 2879 484 2953 aquia
506 2878 604 2953 partiri
626 2896 705 2935 curas
728 2886 756 2935 ct
777 2894 869 2936 rernm
892 2876 990 2934 molem
1013 2895 1135 2933 suxnmus
1156 2877 1255 2934 Christi
1279 2878 1366 2934 orium
1389 2885 1483 2952 pastor
1497 2877 1649 2952 desyderat,
1672 2878 1705 2933 ab

418 2963 544 3038 utrisque
567 2981 617 3037 par
640 2971 682 3020 est
704 2971 735 3020 nt
757 2980 820 3020 oves
842 2970 1022 3038 protegantur
1043 2970 1071 3018 et
1093 2961 1150 3037 lupi
1173 2969 1327 3024 arceantur,
1350 2961 1384 3018 ab
1407 2961 1454 3017 ille
1476 2979 1570 3024 eruce,
1594 2981 1608 3018 a
1630 2962 1706 3018 vobis

417 3048 529 3123 gladie,
553 3065 608 3123 qne
631 3048 683 3105 sub
706 3057 821 3123 utraque
844 3047 1015 3123 protectione
1038 3047 1157 3120 quietam
1179 3056 1207 3104 et
1228 3045 1402 3122 tranquillam
1417 3047 1497 3104 vitam
1514 3047 1704 3122 transigamus.

1020 3148 1100 3192 nxxx.

412 3395 419 3407 .
485 3333 497 3367 ²
509 3334 665 3386 absentium
676 3333 757 3383 Μὴ.
770 3331 871 3396 „Tolle
882 3346 986 3383 moras:
999 3347 1108 3398 semper
1120 3331 1215 3382 nocuit
1226 3331 1337 3382 differre
1349 3330 1483 3398 perotis“.
1497 3332 1601 3381 Lucan.
1610 3329 1703 3382 Phars.

417 3418 513 3471 1131.
545 3418 657 3485 ⁸quum
671 3421 695 3468 l.
715 3414 1068 3483 (ignoravitqnidessetqri)
1116 3411 1232 3467 obsz.
1252 3417 1441 3469 abluturus
1466 3415 1532 3484 ⁵qxi
1543 3420 1566 3466 1.
1587 3430 1667 3481 quum
1679 3421 1703 3467 5.

417 3504 581 3555 dederunt&
617 3502 753 3554 Felisz.
788 3501 821 3534 Μ
833 3502 966 3552 catholici
977 3502 1080 3553 ern.B:.
1116 3501 1290 3567 ’nphriean
1310 3500 1702 3553 Cl.dehecvicterinedFor·

415 3593 473 3641 bun.
485 3589 511 3650 ὅ.
522 3586 574 3650 77..
591 3588 658 3638 item
670 3603 696 3653 p.
712 3585 768 3638 1111.
781 3603 807 3636 v.
821 3586 862 3638 31.
876 3591 905 3636 ct
916 3587 990 3637 intre
1008 3587 1042 3637 ed
1055 3585 1207 3636 Bnrtheliu.
1221 3586 1361 3637 adnotata„
1382 3584 1519 3637 'extincto
1531 3586 1625 3636 Horuc
1636 3586 1703 3636 Bur·

416 3674 540 3726 bsresse.
586 3670 706 3738 Europe]
725 3675 743 3723 i.
756 3689 778 3723 e.
790 3688 823 3722 ex
835 3671 867 3722 E.
916 3671 1074 3722 edsunth.
1127 3670 1252 3721 ⁸ctcuim
1265 3687 1288 3721 e.
1302 3670 1340 3735 gl.
1354 3670 1410 3720 erd.
1425 3664 1541 3734 unimus]
1556 3670 1704 3720 Enimuero

418 3759 465 3809 Bz.
511 3756 558 3791 ”¹⁰
574 3757 673 3808 sivob.
687 3774 712 3808 c.
726 3756 762 3823 gl.
777 3757 834 3806 erd.
848 3755 956 3806 animus
973 3772 1008 3806 eae
1019 3756 1130 3808 enoBr.
1183 3754 1202 3788 ¹¹
1220 3755 1330 3806 vosBz.
1360 3768 1409 3805 nos
1426 3760 1485 3806 cett.
1537 3753 1559 3787 ¹⁸
1579 3755 1609 3806 iu
1626 3754 1703 3804 dicte

416 3843 466 3893 Bz.
518 3841 541 3875 ¹⁵
562 3840 822 3892 neutrumne.
876 3839 897 3872 ¹⁸
922 3839 1049 3891 adstricti
1067 3845 1092 3891 5.
1146 3839 1167 3873 ¹⁸
1188 3840 1290 3905 pheuui
1309 3843 1332 3889 1.
1386 3837 1407 3872 ¹⁹
1429 3838 1566 3906 supplico
1583 3843 1609 3890 t.
1633 3838 1702 3902 (scil.

417 3926 534 3992 ,Apl‘ice
546 3925 582 3988 1.)
631 3924 653 3959 ²¹
672 3931 729 3977 tem
741 3927 790 3996 Bz.
809 3926 937 3976 iameett.
989 3923 1011 3957 ²¹
1029 3923 1124 3990 Siquid
1136 3930 1161 3975 5.
1181 3926 1251 3991 qued
1263 3925 1314 3974 Bz.
1334 3923 1398 3989 quid
1409 3930 1469 3974 cett.
1521 3922 1702 3990 uniexminq

417 4009 665 4063 nennxxute.
711 4008 733 4041 ²³
752 4009 838 4061 desid.
848 4010 962 4061 rt.5.Bz.
1009 4007 1031 4040 ²⁰
1048 4025 1099 4075 par
1117 4008 1169 4076 est]
1186 4026 1244 4077 prae
1263 4014 1305 4059 est
1323 4012 1378 4081 15.
1425 4005 1518 4076 cruce]
1538 4007 1703 4073 „Germanis

418 4095 624 4147 conterentibus
641 4094 771 4158 decimas,
790 4096 947 4154 vicesimus,
966 4093 1215 4160 quinquagesimus,
1233 4087 1362 4144 Pontifex
1381 4093 1470 4142 crucis
1482 4092 1703 4144 benedictionem

417 4181 544 4247 pepuleux
567 4179 705 4251 eopleret
732 4179 818 4230 salvis
844 4179 900 4230 sibi
928 4158 1051 4241 eunetis,
1080 4178 1174 4246 palliis
1201 4179 1317 4243 aliisque
1340 4177 1479 4229 immensis
1502 4179 1702 4240 exactionibus,

417 4265 596 4332 pensionibus
619 4268 648 4315 et
664 4264 813 4314 innumeris
835 4264 1060 4331 praestationibus
1082 4263 1256 4315 nihilominus
1275 4263 1383 4313 iuterim
1401 4263 1513 4313 Romam
1532 4261 1704 4313 deferendis:

416 4351 449 4402 de
473 4350 573 4416 quibus
596 4351 625 4401 in
648 4349 701 4401 fine
726 4350 849 4416 catalogi
865 4350 1035 4401 dunstanum
1055 4348 1128 4400 1523.
1147 4350 1175 4400 in
1193 4348 1336 4398 Conveutu
1353 4347 1523 4413 Norimberg.
1542 4347 1704 4413 propesiti“.

418 4438 532 4488 Goldust.
557 4435 654 4498 „Setis
677 4439 760 4501 puto”
783 4435 853 4485 dixit
869 4436 1008 4485 Huttenus
1028 4434 1132 4484 exhort.
1146 4437 1241 4482 contre
1257 4432 1338 4482 Ture.
1352 4433 1375 4492 ἕ.
1390 4431 1448 4481 let.
1467 4432 1510 4495 „si
1529 4432 1640 4497 exigere
1657 4430 1703 4481 hie

417 4521 470 4586 ipsi
486 4523 643 4572 vetentur&
695 4519 717 4552 ²⁸
734 4520 800 4571 Dixi
811 4537 858 4572 om.
871 4520 918 4571 Bz.
938 4519 1066 4595 Sequitur
1089 4517 1238 4581 responsio.
1262 4519 1322 4566 add.
1334 4519 1359 4569 2.
1388 4517 1507 4566 Bzovius
1525 4517 1622 4577 edicit,
1634 4516 1702 4578 „Di-

417 4605 519 4656 cebant
539 4605 596 4655 ists
611 4604 764 4670 Apostolici
782 4605 882 4670 Legati
900 4604 929 4655 iu
946 4617 1078 4668 consessu
1095 4601 1251 4666 Principum
1267 4600 1435 4666 Augusteum
1464 4600 1617 4651 Secundum
1640 4600 1701 4651 baec

416 4665 598 4740 exbibuerunt
613 4688 790 4754 Principibus
802 4687 1037 4740 consultationem
1049 4688 1201 4739 Romanam
1218 4685 1279 4737 istis
1297 4686 1389 4736 verbis
1408 4689 1595 4752 conceptnm”.
1613 4686 1702 4752 scqui-

414 4779 459 4827 tur
476 4772 651 4827 Consultatio
668 4789 751 4841 supro
768 4791 794 4840 p.
809 4772 865 4826 146.
878 4787 936 4838 sqq.
950 4772 1082 4823 exhibite.

923 4976 1190 4988 *—
