4300 6059
459 671 505 740 58
587 701 708 734 nvrreur
729 700 756 734 m
776 701 868 737 nvceu
887 700 1164 736 wrnreunenoeuserr
1183 700 1285 737 onemo
1307 702 1362 738 1111.
1382 702 1410 736 rr.
1425 702 1488 737 avo.
1502 702 1527 739 a.
1544 696 1600 736 tstv.
1659 722 1664 734 .

457 856 549 915 oratio
567 848 635 915 'esse
657 853 772 933 debet,¹
786 854 815 914 in
837 872 894 933 qua
917 855 987 916 nihil
1011 857 1126 925 detrun,
1154 854 1226 915 nihil
1249 857 1424 916 accersitum
1454 834 1598 926 adieram,
1628 859 1736 917 etenim

456 958 595 1037 proilteor
623 974 656 1016 ea
684 957 831 1016 dicturum
858 975 905 1017 me
935 976 999 1038 qua
1026 957 1082 1017 troc
1104 957 1217 1018 latrone
1240 956 1325 1036 digna
1354 964 1435 1028 suut,
1466 964 1495 1017 et
1517 977 1582 1037 qrrae
1603 961 1627 1019 si
1650 977 1666 1019 a
1689 977 1737 1020 me

456 1060 512 1144 dici
534 1060 617 1138 prius
639 1075 696 1116 non
720 1058 876 1129 decuisset,
900 1077 978 1120 nuuc
1001 1060 1134 1120 maximo·
1149 1060 1251 1128 decet,
1283 1060 1400 1138 quando
1428 1060 1483 1120 iste
1506 1061 1593 1121 audet
1615 1060 1735 1122 maledi·

456 1161 557 1223 centiae
578 1177 638 1220 suae
661 1159 778 1222 aculeos
799 1162 830 1221 in
852 1179 907 1222 nos
929 1161 1072 1238 deligere,
1104 1179 1200 1239 neque
1219 1161 1331 1222 veritus
1353 1170 1398 1223 est
1419 1164 1515 1222 omnia
1544 1162 1626 1224 aliter
1648 1180 1736 1242 quam

404 1290 428 1322 r·
457 1264 515 1324 visa
538 1269 624 1341 atque
647 1260 743 1322 audita
765 1270 833 1324 sunt
854 1280 1036 1347 proponere,
1059 1265 1088 1323 in
1111 1281 1144 1323 re
1166 1263 1296 1322 omnium
1319 1263 1411 1324 oculis
1433 1281 1467 1324 ac
1497 1264 1617 1326 auribus
1646 1265 1756 1343 expo-o

389 1367 509 1428 §.eastra
531 1363 754 1425 absurdissimas
775 1364 904 1436 sahulaS,
927 1366 1179 1445 impudentissima
1201 1365 1351 1426 mendacia
1375 1367 1562 1428 comminisci.
1592 1366 1628 1427 Et
1651 1386 1736 1428 orsus

456 1468 550 1527 estin
573 1467 651 1526 hunc
674 1467 792 1527 modum
816 1467 1016 1551 defensionem
1039 1485 1138 1536 suam,
1168 1465 1255 1542 longa
1284 1467 1409 1546 quadam
1439 1473 1468 1527 et
1490 1469 1636 1529 incondita
1660 1487 1735 1547 pra-

455 1570 562 1629 latione
589 1568 680 1638 lacta,
709 1569 739 1627 in
766 1586 823 1647 qua
851 1587 933 1630 suam
961 1570 1141 1647 aequitatem,
1171 1586 1253 1629 suam
1282 1570 1368 1629 animi
1397 1570 1627 1631 moderationem
1652 1569 1736 1631 vobis

455 1670 653 1740 commendat,
685 1671 735 1749 qui
763 1670 883 1731 consilio
906 1672 1084 1751 optimorum
1108 1671 1235 1731 viromm
1258 1689 1292 1731 ac
1314 1688 1367 1731 sua
1396 1672 1481 1730 etiam
1504 1678 1607 1732 natura
1630 1678 1658 1732 et
1678 1671 1735 1733 hu·

440 1771 598 1835 ,munitatis
619 1772 823 1833 recordatione
845 1773 979 1833 detentus
1000 1773 1054 1842 sit,
1079 1791 1137 1852 quo
1160 1773 1255 1834 minus
1277 1781 1345 1834 ante
1367 1779 1496 1834 nostram
1519 1775 1733 1846 accusationem
1747 1793 1769 1832 u

453 1888 537 1936 suum
561 1874 669 1936 lactum
693 1874 828 1935 omnibus
850 1880 1044 1953 proponeret,
1075 1893 1110 1934 ac
1140 1876 1247 1955 passim
1276 1874 1437 1953 divulgaret
1464 1894 1521 1955 qua
1547 1894 1632 1955 prena
1655 1876 1733 1954 quod

452 1976 627 2068 maleficium
649 1966 804 2056 puniverit.
841 1975 960 2036 Interim
983 1994 1051 2036 suas
1073 1995 1190 2055 quoque
1213 1978 1334 2038 virtutes
1356 1976 1450 2037 obiter
1473 1986 1683 2038 commemorat
1706 1985 1735 2038 et

451 2081 490 2149 is,
514 2061 544 2140 in
565 2097 652 2158 quem
674 2097 712 2139 ne
734 2078 861 2156 suspicio
884 2076 1001 2156 quidem
1024 2080 1172 2156 pravitatis
1195 2079 1360 2147 conveniat,
1385 2079 1475 2141 videri
1497 2081 1597 2155 gestit;
1627 2080 1734 2140 iniuste

452 2182 538 2242 etiam
566 2179 751 2241 maledictum
780 2178 834 2239 sibi
861 2198 876 2239 a
907 2179 991 2240 nobis
1021 2190 1049 2240 et
1066 2186 1207 2261 ‘nostram
1236 2182 1449 2241 accusationem
1478 2177 1611 2241 iniuriam
1640 2188 1733 2241 vocat.

358 2284 503 2350 ‚sudio
524 2284 628 2360 igitur,
652 2281 729 2341 bone
751 2282 810 2350 vir,
830 2300 898 2360 quae
920 2288 969 2341 tua
991 2288 1122 2343 anteacta
1145 2284 1200 2343 vita
1216 2284 1277 2343 est?
1300 2271 1367 2362 quid
1385 2284 1539 2351 virtutum,
1563 2282 1631 2362 quid
1647 2283 1768 2342 bonaeu

450 2385 542 2463 frugis
563 2385 595 2443 ln
616 2390 645 2443 te
667 2391 884 2462 perspexerunt
905 2383 1054 2454 hominen,
1086 2385 1163 2446 unde
1192 2403 1251 2444 nou
1280 2384 1385 2445 debeat
1407 2384 1486 2445 credi
1509 2384 1597 2445 talem
1619 2402 1682 2446 esse
1704 2393 1734 2445 te

451 2484 543 2566 qualis
565 2504 581 2545 a
601 2484 686 2546 nohis
709 2484 819 2545 delatus
843 2486 892 2546 es‘l
921 2504 1019 2547 nonne
1041 2488 1083 2547 sic
1106 2487 1213 2555 vixisti,
1243 2494 1275 2547 ut
1304 2505 1371 2547 cum
1398 2487 1673 2567 tuampravitatem
1697 2487 1733 2547 ad

451 2597 566 2667 tempus
588 2586 765 2648 occultasses
788 2595 817 2648 ct
838 2588 894 2648 iam
919 2587 954 2648 ad
978 2595 1084 2649 metam
1107 2590 1291 2650 continentiae
1309 2596 1370 2655 ,tum
1392 2590 1574 2668 pervenisses
1588 2607 1622 2649 ac
1637 2595 1665 2649 te
1682 2607 1732 2649 ex-

451 2688 617 2769 plicandum
641 2689 779 2757 duceres,
809 2709 858 2750 eas
882 2672 1107 2760 commotiones,
1138 2709 1187 2751 eas
1210 2690 1311 2751 turbas
1333 2693 1480 2761 excitasti,
1510 2708 1574 2770 quae
1596 2691 1651 2751 nisi
1673 2691 1733 2750 lor-

451 2793 629 2852 tissimorum
651 2791 803 2851 hominum
826 2792 931 2852 virtute
957 2799 1055 2852 essent
1078 2794 1264 2872 compositae,
1288 2795 1339 2852 toti
1361 2795 1457 2853 statim
1472 2794 1644 2860 Germaniae,
1668 2795 1769 2853 uni-ao

383 2903 535 2955 §.toverso
558 2893 682 2973 imperio
706 2895 819 2953 ruinam
843 2913 876 2954 ac
899 2895 1118 2955 internitionem
1142 2896 1354 2957 coniecissent?
1368 2885 1425 2955 'Sic
1446 2903 1475 2955 te
1490 2895 1645 2973 aperuisti,
1669 2893 1734 2955 talis

450 2998 572 3077 erupisti
595 3015 630 3056 ex
652 2996 789 3056 diuturna
812 2995 859 3056 illa
882 3004 931 3056 tua
954 2996 1197 3068 dissimulatione,
1228 2999 1256 3057 in
1286 2997 1342 3056 hoc
1372 2997 1527 3057 discrimen
1556 3014 1658 3056 omnes
1679 3013 1734 3056 nos

450 3099 614 3159 coniecisti:
638 3105 666 3157 et
688 3097 786 3158 dicere
809 3098 899 3160 audes
921 3097 997 3159 bene
1020 3101 1124 3171 vixisse
1138 3106 1189 3169 te,
1218 3117 1273 3158 neo
1295 3096 1380 3159 alicui
1403 3097 1570 3176 opinionem
1593 3100 1621 3158 in
1644 3105 1672 3159 te
1695 3081 1736 3159 siss

451 3202 571 3287 nistram
594 3207 778 3278 competere:
803 3216 890 3279 quam
913 3208 993 3261 tuam
1015 3193 1241 3280 impudentiam,
1265 3201 1301 3261 ad
1325 3219 1397 3280 quos
1418 3199 1592 3286 minus-haec
1607 3202 1735 3279 pertinet

449 3301 610 3370 calamitas
634 3307 666 3361 ut
687 3300 839 3363 ridiculam
862 3309 1066 3371 contemnuut;
1098 3302 1204 3381 quibus
1225 3304 1347 3381 propius
1368 3309 1469 3362 noster
1491 3302 1612 3362 accessit
1634 3300 1766 3370 dolones

449 3424 538 3468 cruce
561 3413 590 3465 et
612 3403 722 3483 laqueis
744 3403 928 3482 plectendam
952 3414 1069 3484 putant:
1099 3424 1167 3465 nam
1196 3412 1227 3464 tu
1255 3422 1321 3464 cum
1351 3414 1379 3464 te
1402 3404 1512 3465 honum
1535 3406 1628 3464 virum
1652 3404 1731 3473 sacis,

422 3495 424 3498 ’
448 3507 570 3585 perinde
591 3513 674 3567 tuum
698 3524 865 3567 sermonem
888 3509 1046 3586 accipimus
1069 3508 1149 3568 acsi
1172 3507 1267 3575 dicas,
1300 3524 1364 3584 qum
1393 3513 1422 3566 tu
1446 3508 1475 3565 in
1496 3507 1656 3584 perniciem
1679 3524 1733 3583 pu-

357 3652 372 3670 c
449 3608 554 3669 blicam
577 3610 769 3687 comparasti,
800 3614 829 3668 et
851 3611 958 3688 optima
982 3610 1061 3669 lactu
1085 3627 1148 3670 esse
1171 3615 1200 3669 et
1222 3608 1325 3686 dignos
1348 3627 1401 3668 uos
1424 3609 1473 3686 apd
1496 3606 1562 3667 talia
1585 3610 1733 3688 perpetia-

380 3721 439 3772 ωδ.
450 3717 524 3772 inur.
563 3708 633 3780 Quis
648 3717 746 3770 nartem
761 3717 821 3770 tam
837 3710 888 3770 tibi
905 3713 1016 3771 amicus
1031 3712 1084 3772 luit
1098 3717 1132 3771 ut
1146 3729 1200 3770 suo
1216 3708 1337 3771 consilio
1357 3708 1533 3775 abduceret,
1558 3727 1616 3787 quo
1636 3711 1734 3771 minus

448 3814 664 3874 accusationem
686 3821 816 3899 nostram
839 3821 889 3874 tuo
911 3814 1050 3892 figmento
1073 3812 1270 3894 praevenires?
1297 3818 1346 3871 aut
1369 3811 1437 3888 quid
1454 3811 1483 3870 in
1498 3829 1551 3871 nos
1566 3829 1600 3870 ac
1617 3818 1768 3872 nostrosao

448 3922 580 3975 mortuos
602 3915 787 3975 criminosius
808 3921 879 3975 tunc
902 3903 999 3976 dicere
1022 3917 1168 3993 potuisses
1190 3932 1277 3993 quam
1300 3913 1388 3973 modo
1411 3913 1524 3974 dixisti?
1551 3914 1594 3972 dn
1624 3912 1732 3990 aliquid

448 4015 561 4086 retulit,
585 4017 713 4096 primum
729 4019 825 4077 statim
846 4017 889 4078 vel
904 4017 997 4078 multo
1014 4025 1080 4095 post
1095 4016 1279 4076 mentireris?
1302 4015 1496 4093 Stupidissimi
1512 4014 1619 4090 ingenii
1634 4014 1733 4092 homo,

447 4133 506 4179 non
529 4119 608 4180 vides
630 4136 717 4198 quam
741 4120 793 4180 ista
816 4118 868 4179 tibi
890 4118 963 4179 nihil
994 4120 1124 4197 prosint,
1154 4119 1243 4178 immo
1271 4123 1412 4195 quantum
1441 4116 1556 4176 obsint?
1586 4116 1634 4177 Sic
1656 4118 1733 4177 enim

450 4221 487 4280 ita
512 4220 721 4280 exacerbavisti
743 4221 895 4281 hominum
918 4227 1031 4281 mentes
1054 4220 1108 4280 lrac
1131 4218 1271 4280 maledica
1299 4226 1349 4279 tua
1377 4220 1556 4286 invectione,
1586 4224 1618 4278 ut
1645 4237 1734 4296 ‹puam

449 4324 576 4403 primum
600 4321 677 4382 illam
700 4324 727 4382 in
751 4341 804 4382 nos
827 4321 986 4383 eiaculatus
1009 4339 1054 4388 es,
1079 4339 1180 4382 omnes
1202 4320 1288 4382 simul
1304 4312 1466 4382 defensioni
1481 4325 1538 4379 tuat
1554 4337 1641 4380 aures
1655 4320 1768 4397 praa-'as

379 4435 438 4486 t-tt.
449 4423 580 4485 cluseris
627 4429 656 4483 et
677 4426 892 4484 accusationem
908 4410 1046 4484 ¹nostram
1069 4423 1202 4483 iniuriam
1219 4401 1320 4484 ‘vocas
1359 4429 1408 4482 aut
1431 4419 1518 4499 igitur
1541 4419 1638 4480 nullus
1659 4423 1734 4483 inte

448 4543 551 4587 sensus
566 4527 656 4603 viget,
681 4525 836 4588 aut‘semel
852 4525 947 4586 omnia
963 4517 1108 4584 invertere
1124 4524 1290 4585 decrevisti:
1311 4530 1381 4584 'cum
1404 4542 1471 4584 eum
1487 4523 1629 4583 occideris
1644 4541 1734 4601 quem

518 4763 526 4796 ¹
546 4759 659 4829 etenim]
680 4763 726 4812 Sic
746 4762 817 4811 enim
837 4765 859 4810 1.
880 4763 988 4811 Etenim
1007 4769 1035 4810 Η.
1089 4762 1100 4793 ⁶
1119 4762 1162 4814 Cf,
1175 4776 1257 4828 supra
1269 4760 1321 4810 vol.
1336 4761 1357 4809 1.
1371 4776 1397 4822 p.
1411 4759 1451 4808 64.
1466 4776 1525 4824 sqq.
1539 4761 1734 4811 num.XXX.l.

446 4851 638 4914 ⁷.Longatt.
691 4846 964 4910 ⁸inquadeteu.ll.
1010 4847 1030 4879 ¹³
1049 4848 1181 4897 iniustum
1201 4851 1225 4895 2.
1266 4843 1348 4907 ²³,dc
1367 4849 1391 4893 1.
1422 4846 1526 4893 een.
1577 4843 1733 4910 ³⁰accusa-

448 4932 559 4998 tionem]
579 4934 725 4984 veritatem
744 4947 812 4981 corr.
826 4937 855 4980 ll.
868 4932 904 4981 cf.
919 4947 1001 4997 supra
1014 4949 1038 4982 ν.
1056 4933 1094 4982 14.
1147 4927 1168 4962 ³⁸
1188 4936 1316 4994 quantum
1335 4946 1404 4979 corr.
1413 4935 1441 4977 11.
1455 4928 1596 4996 pstquam)
1610 4933 1632 4979 1.
1687 4931 1734 4981 Sic

449 5021 520 5076 enim
538 5035 607 5070 corr.
620 5017 709 5079 11.'Vt
727 5016 771 5082 qui
791 5020 813 5064 1.
