4300 6059
406 702 408 706 ’
422 690 426 695 ’
489 672 558 743 192
636 688 828 738 CONSVLTAHO
842 703 1003 738 GERMANIGA
1016 703 1171 742 prorostra
1183 703 1218 738 AB
1231 703 1421 738 suncromnvs
1434 705 1468 738 ΕΤ
1481 703 1506 737 0·
1518 703 1545 738 A.
1558 697 1618 739 ΝΠ.
1710 716 1712 720 ⁴

380 928 383 933 ι
485 878 535 935 pro
558 860 704 917 rebellibus
727 862 882 917 coercendis
905 862 928 915 si
951 861 1134 932 necessarium
1156 862 1252 923 luerit,
1275 862 1360 917 inedia
1384 861 1530 917 exactionis
1546 863 1673 935 portione
1689 871 1768 916 uten-

486 955 545 1008 tur,
575 963 635 1020 quae
664 948 690 1001 in
718 946 806 1019 capita
828 945 987 1002 familiarum
1011 947 1066 1001 sive
1090 947 1115 1001 in
1140 941 1216 1002 iocos
1240 946 1410 1002 inscribetur.
1455 944 1532 1012 Quod
1556 964 1618 1002 vero
1641 963 1672 1002 ex
1694 946 1787 1001 dcci·

484 1026 535 1087 niis
558 1039 585 1086 et
606 1031 743 1104 vigesimis
770 1029 901 1086 cumulari
929 1031 1045 1105 poterit,
1070 1031 1103 1098 id
1131 1033 1158 1086 in
1181 1031 1332 1087 Africanam
1359 1031 1557 1104 expeditionem
1587 1031 1765 1105 impendetur,

485 1124 516 1171 ut
537 1114 618 1189 paulo
641 1126 703 1189 post
726 1116 769 1172 bic
793 1116 861 1171 inira
885 1115 1048 1172 narrabitur.
1093 1116 1178 1173 lluius
1200 1124 1289 1172 autern
1312 1116 1492 1193 expeditionis
1514 1125 1541 1172 et
1557 1117 1669 1189 negotii,
1692 1117 1766 1189 quod

483 1207 578 1256 contra
601 1199 716 1256 rebelles
737 1210 766 1256 et
787 1201 973 1257 inobedientes
996 1202 1196 1275 suscipiendum
1219 1202 1301 1257 inerit
1324 1219 1372 1275 per
1393 1201 1551 1257 Pontificem
1572 1202 1714 1257 maximnm
1736 1209 1787 1256 ets

484 1285 570 1358 Reges
592 1285 644 1341 iaxu
665 1286 766 1347 dictos,
791 1287 817 1341 in
839 1285 961 1359 singulas
984 1287 1110 1359 regiones
1132 1285 1236 1343 militiae
1259 1304 1289 1341 ac
1311 1303 1447 1342 armorum
1471 1287 1552 1360 periti
1574 1286 1765 1361 praeficiantur,

484 1371 530 1447 qui
556 1369 606 1425 nbi
637 1388 705 1444 opus
734 1371 817 1427 luerit
842 1379 945 1445 praesto
974 1371 1029 1426 sint
1056 1380 1085 1427 et
1112 1371 1313 1444 emergentibus
1341 1371 1515 1427 incommodis
1543 1370 1687 1428 consulant
1717 1389 1767 1445 op·

482 1463 608 1528 portuno.
1389 1513 1393 1521 ,

568 1546 610 1600 17.
634 1539 701 1608 Quid
724 1548 812 1597 antem
836 1541 862 1595 in
885 1542 1035 1614 proximum
1059 1542 1180 1597 futurum
1202 1558 1314 1603 annum,
1337 1548 1479 1614 antequam
1502 1540 1637 1613 generalis
1660 1539 1766 1596 illa‘ex·

483 1625 584 1698 peditio
607 1626 778 1699 suscipietur,
802 1627 933 1698 agendum
955 1616 1084 1687 videntur,
1108 1627 1227 1682 occurrit
1248 1627 1307 1682 baec
1328 1625 1417 1681 oblata
1433 1628 1539 1683 occasio
1555 1626 1623 1682 benc
1638 1626 1800 1699 gerendam

484 1711 537 1773 rei,
565 1727 600 1768 ne
629 1710 662 1766 ab
685 1711 888 1784 impugnatione
912 1713 1019 1786 tyranni
1041 1712 1130 1768 bostis
1151 1729 1238 1767 annus
1261 1711 1318 1771 bic.
1340 1711 1404 1767 dnm
1425 1720 1525 1768 catera
1548 1729 1608 1786 qnae
1630 1712 1663 1768 ad
1685 1728 1765 1785 expe·

483 1795 613 1851 ditionem
635 1797 773 1869 pertinent
788 1805 984 1870 procurantur,
1008 1814 1124 1871 prorsus
1139 1797 1265 1852 immunis
1282 1804 1415 1858 transeat,
1438 1815 1498 1853 cum
1514 1796 1674 1852 Christianis
1687 1797 1765 1852 Prin·

484 1880 590 1954 cipibus
613 1881 734 1940 videatur
756 1880 849 1936 relicta
872 1898 934 1955 spes
957 1881 1040 1955 Sopbi
1062 1882 1205 1937 Persarum
1228 1881 1308 1954 llegis
1330 1881 1475 1943 excitandi,
1499 1891 1530 1937 ut
1551 1899 1624 1937 arma
1648 1881 1674 1936 in
1697 1880 1765 1951 Tur·

484 1982 530 2021 eos
553 1965 652 2039 capiat,
676 1966 892 2038 qnandoquidem
916 1973 958 2022 tot
979 1967 1080 2040 pugnis
1102 1966 1153 2021 iam
1181 1966 1305 2021 defessus
1333 1985 1363 2022 ac
1391 1965 1486 2027 ultima
1514 1967 1564 2035 ita
1593 1966 1765 2039 expeditione

484 2049 517 2105 ab
539 2049 729 2124 AEgyptiornm
752 2050 822 2122 llege
845 2049 949 2106 devicto
972 2068 1026 2105 non
1050 2050 1164 2124 amplius
1187 2049 1284 2105 auxilia
1311 2059 1447 2124 expectet.
1473 1985 1648 2192 *andum
1671 2059 1713 2105 cst
1734 2059 1800 2106 utta

485 2135 511 2189 in
534 2134 637 2196 Africa,
661 2151 740 2207 quam
762 2127 842 2190 ctiam
864 2152 953 2209 nuper
975 2153 1071 2208 magna
1094 2153 1125 2190 ex
1147 2144 1224 2209 parte
1248 2141 1384 2209 tyrannus
1401 2135 1448 2191 ille
1470 2136 1493 2191 si
1515 2155 1521 2190 1
1541 2131 1669 2196 subiecit,
1686 2127 1766 2209 quip-

484 2221 555 2292 piam
577 2219 721 2274 Christiani
745 2219 892 2282 intentent,
922 2230 950 2276 et
972 2221 994 2276 si
1018 2221 1064 2294 qui
1088 2221 1237 2276 lurcorum
1259 2221 1393 2277 exercitus
1415 2238 1476 2277 sese
1498 2231 1651 2295 opponant,
1665 2220 1763 2276 'oblata

484 2304 624 2359 occasione
647 2311 675 2359 et
697 2322 746 2378 spe
767 2304 887 2361 victoriae
910 2306 1006 2361 iniecta
1028 2323 1088 2361 curn
1110 2306 1151 2361 eis
1172 2306 1311 2362 decertare
1340 2315 1368 2362 et
1395 2307 1512 2380 primuni
1541 2306 1627 2362 felicis
1656 2306 1765 2380 expedi·

484 2389 565 2444 tionis
589 2388 694 2444 initium
715 2389 768 2445 [leo
791 2390 857 2446 duce
879 2391 1028 2463 auspicari,
1051 2409 1082 2446 ac
1104 2391 1127 2446 si
1143 2390 1356 2447 Christianorum
1378 2392 1421 2465 pia
1444 2398 1506 2446 vota
1521 2398 1549 2447 et
1564 2390 1679 2446 humiles
1694 2391 1783 2465 apud.

482 2473 562 2528 Deum
587 2474 717 2548 optimum
740 2491 833 2548 preces
855 2475 1000 2538 valuerint,
1029 2475 1191 2550 Alebaprum
1214 2494 1313 2549 usque,
1336 2477 1388 2532 boc
1409 2485 1452 2532 est
1472 2475 1598 2532 debellati
1619 2475 1799 2550 AEgyptio·²⁰

482 2576 542 2614 runi
566 2558 669 2615 Snltani
694 2560 809 2632 regiam,
840 2561 956 2616 victores
983 2561 1127 2634 subsequi,
1156 2578 1269 2634 eamque
1297 2561 1390 2616 urbem
1419 2561 1516 2617 ditioni
1544 2569 1662 2623 nostra,
1692 2561 1764 2633 qnod

483 2644 614 2707 tortasse,
642 2661 702 2700 cum
729 2643 803 2700 nulla
831 2645 903 2701 mole
925 2655 972 2701 ant
994 2645 1140 2720 aggeribus
1162 2648 1264 2702 munita
1287 2646 1336 2707 sit,
1366 2646 1443 2702 iacile
1472 2646 1530 2701 fieri
1553 2654 1655 2720 posset,
1679 2646 1765 2702 subii·

480 2746 555 2791 cere,
579 2747 639 2786 cnm
669 2747 720 2802 qna
743 2740 770 2786 et
791 2730 867 2787 Nilus
889 2739 916 2786 ct
938 2732 1063 2787 universa
1086 2731 1175 2788 Africa
1190 2731 1343 2787 Christiano
1366 2732 1467 2787 nomini
1489 2732 1585 2787 cedere
1601 2732 1763 2788 Tuscorum·

403 2882 406 2887 ¹
482 2831 535 2888 quc
557 2822 687 2888 tyrannus
711 2822 783 2870 tanta
806 2833 897 2872 reruni
920 2818 1059 2873 occasione
1089 2816 1202 2891 spoliari
1230 2826 1332 2891 posset.
1376 2816 1439 2872 lude
1462 2817 1488 2871 in
1511 2824 1653 2891 posterum
1676 2816 1763 2872 facilis

481 2899 513 2953 ad
534 2899 678 2956 Persarum
700 2900 781 2974 llegis
803 2902 921 2956 animuin
945 2901 1145 2958 sollicitandum
1169 2902 1194 2957 in
1217 2919 1385 2957 communem
1408 2902 1513 2958 bostem
1536 2901 1624 2957 aditus
1646 2909 1797 2976 pateretis

566 2991 607 3044 18.
636 2984 747 3041 Videtur
769 2987 859 3059 itaque
888 3004 941 3042 non
971 2987 1177 3047 inconveniens,
1206 2987 1229 3041 si
1258 2987 1378 3060 proxima
1408 2994 1503 3042 aestate
1529 2987 1615 3059 prima
1642 2987 1764 3061 quadam

479 3070 615 3143 expeditio
644 3070 671 3124 in
699 3071 815 3126 Africam
838 3072 1020 3145 suscipiatur,
1050 3071 1203 3145 presertim
1232 3071 1264 3126 ad
1293 3071 1492 3127 confirmandos
1522 3072 1625 3127 animos
1654 3070 1763 3127 illerum

479 3155 595 3227 llegum,
620 3155 665 3229 qni
688 3156 806 3211 nonduin
830 3156 856 3212 in
881 3157 1028 3213 lurcorum
1052 3156 1158 3231 tyranni
1190 3156 1353 3212 deditionem
1381 3165 1526 3218 venerunt,
1558 3164 1588 3211 ut
1616 3163 1680 3211 sunt
1708 3156 1763 3212 Rex

479 3239 511 3295 de
535 3241 693 3302 Tremezen,
721 3241 754 3296 de
776 3240 828 3296 Fax
850 3249 878 3297 et
899 3241 1016 3299 llarechi
1040 3241 1194 3315 Arabesque
1218 3244 1262 3315 qui
1285 3242 1376 3315 Libyae
1399 3251 1525 3299 montana
1549 3240 1677 3303 incolunt,
1701 3258 1762 3296 eos·

380 3321 383 3326 ’
479 3341 531 3396 que
553 3333 581 3381 et
602 3326 684 3381 armis
706 3325 797 3381 iuvare
819 3335 846 3382 ct
869 3344 1003 3383 unacum
1025 3326 1184 3383 Christianis
1207 3327 1293 3402 copiis
1322 3328 1349 3382 in
1377 3345 1446 3383 eam·
1457 3327 1655 3401 expeditionem
1676 3326 1760 3400 proli·
1771 3332 1797 3372 ³⁰

479 3410 558 3473 cisci,
582 3410 708 3467 omnibus
730 3411 816 3467 modis
839 3429 886 3467 eos
909 3412 1055 3473 adhortari,
1079 3413 1253 3486 praemiisque
1276 3420 1303 3467 et
1325 3411 1469 3487 stipendiis
1492 3411 1608 3468 allicere.

565 3502 604 3556 19.
636 3495 721 3551 liuius
749 3496 928 3570 expeditionis
956 3497 1071 3571 proximi
1101 3497 1163 3552 anni
1186 3497 1267 3552 duces
1288 3515 1348 3553 esse
1370 3497 1469 3553 debent
1491 3496 1689 3554 sacratissimus
1711 3496 1762 3552 lm·

478 3611 678 3620 --—-.——.

545 3677 751 3728 ¹cohercendis
772 3683 794 3728 2.
842 3677 953 3745 ⁸dpbr.
968 3684 991 3728 2.
1039 3678 1165 3745 ⁴exped.
1180 3685 1208 3730 et
1225 3683 1311 3729 01114.
1358 3678 1431 3745 ⁵nc]
1450 3684 1521 3730 etl.
1562 3679 1759 3744 ⁷·lopp.cons.

477 3768 548 3814 2...4.
584 3762 764 3829 ⁹17.]·20.r.
802 3764 1100 3830 10111411ρί1111,2...’4.
1137 3764 1243 3830 agendo
1263 3767 1287 3814 4.
1328 3762 1349 3796 ¹²
1366 3770 1550 3829 pertranseat.
1563 3768 1587 3815 4.
1630 3763 1650 3796 ¹³
1668 3764 1762 3829 Sopby

477 3853 502 3898 2.
510 3852 535 3898 4.
571 3846 661 3914 Pers]
682 3849 772 3899 Sclxeb
785 3849 887 3900 ismael
900 3849 984 3914 Sophi
1001 3835 1023 3898 1'.
1036 3850 1054 3912 †
1067 3866 1092 3899 a.
1109 3850 1181 3901 1523.
1195 3850 1296 3915 saepius
1315 3866 1332 3900 n
1345 3849 1446 3900 Sclimo
1464 3851 1561 3900 victus.
1597 3851 1721 3900 Tuxchss
1735 3854 1760 3900 4.

477 3932 498 3965 ¹⁵
520 3935 632 3999 AEgypt.
650 3932 707 3999 rex]
732 3935 863 3984 Toxxmam
876 3935 929 3999 bey
952 3936 1008 3985 ism
1025 3937 1092 3985 'vere
1117 3934 1228 3984 111517.
1255 3935 1290 3983 sd
1313 3941 1407 3998 portes
1426 3934 1502 3984 Caini
1520 3951 1627 4001 megnae
1645 3950 1760 4000 suspen·

476 4034 522 4068 sus
541 4019 641 4068 fuerat.
686 4036 736 4084 pro
755 4019 830 4084 Rege
896 4021 1071 4092 cogitandum
1085 4022 1121 4068 dn
1140 4023 1203 4069 2...4
1221 4026 1258 4068 cst
1276 4020 1352 4084 Rege
1372 4019 1414 4080 (ll.
1428 4037 1475 4070 orti.
1489 4020 1525 4084 4.)
1545 4020 1658 4070 Sultano
1682 4021 1759 4070 dere-

476 4103 566 4166 lictus,
585 4103 607 4153 tr
625 4120 694 4170 pone
714 4120 774 4153 cnm
794 4108 849 4153 toto
869 4105 992 4154 exercitu
1011 4105 1088 4154 fusus
1107 4105 1269 4169 attritasque
1284 4104 1364 4164 (adtr.
1378 4104 1418 4166 4.)
1433 4105 1523 4166 luerit,
1544 4106 1688 4170 potiusque
1707 4091 1760 4155 hoc

476 4195 596 4255 tempore
616 4192 733 4253 quictem
752 4189 774 4238 da
792 4189 880 4237 ocium
894 4193 970 4254 optet
983 4204 1061 4253 quaxn
1075 4189 1189 4248 bellum,
1210 4189 1393 4251 Cogitandum
1430 4188 1449 4221 ¹⁶
1469 4206 1502 4239 ex
1520 4207 1554 4239 m.
1568 4207 1594 4254 p.
1608 4194 1668 4258 23.
1705 4191 1760 4240 sibi

475 4290 521 4324 om.
535 4279 560 4323 2.
597 4275 725 4339 quispt.
763 4273 784 4305 ¹⁷
801 4275 824 4322 si
844 4274 890 4338 qni
908 4275 978 4322 forte
992 4273 1159 4323 'l'hurcornm
1172 4279 1232 4323 23.
1251 4276 1274 4323 si
1287 4289 1311 4337 q.
1326 4276 1345 4324 i.
1358 4275 1523 4324 Turcbnrum
1542 4278 1567 4324 4.
1603 4274 1624 4307 ¹⁵
1642 4273 1759 4342 iniecta]

475 4360 583 4410 incerta
602 4363 627 4409 4.
668 4361 742 4423 prius
762 4362 786 4424 il,
836 4358 856 4390 ¹⁹
876 4360 1046 4424 auspicaturi
1065 4363 1089 4408 4.
1137 4359 1357 4423 ἲ0119001111.
1404 4357 1517 4423 voluer]
1537 4359 1620 4411 latius
1639 4361 1761 4410 iuverint

473 4448 499 4497 2.
509 4448 534 4494 3.
586 4444 767 4509 Alchcpernm
785 4448 845 4494 2.3.
870 4445 1034 4493 Alcanerum
1053 4447 1078 4492 4.
1097 4444 1215 4494 subiectis
1232 4446 1270 4494 dis
1288 4444 1370 4494 uerbis
1388 4443 1573 4505 „Alcumenam
1599 4444 1759 4510 Alcnyerus,

474 4528 621 4596 designent
646 4530 683 4578 ici
707 4528 735 4577 la
757 4528 824 4578 ville
844 4528 967 4594 d'Alger,
993 4534 1088 4578 contre
1112 4528 1232 4592 laquelle
1251 4529 1399 4593 l'Espagne
1424 4529 1500 4577 nvait
1519 4527 1606 4594 dirige
1624 4530 1761 4595 plusieurs

475 4615 664 4680 expeditions”
683 4619 731 4663 etc.
751 4615 789 4663 Ile
802 4613 904 4663 Cabiro
921 4629 942 4663 s.
957 4613 1038 4662 Caino
1057 4629 1157 4678 magna
1174 4629 1311 4664 sermonem
1329 4630 1384 4662 esse
1403 4616 1491 4662 nultum
1509 4614 1607 4664 dublum
1624 4623 1671 4665 est.
1712 4617 1759 4665 de·

405 4697 411 4708 ’
473 4696 550 4765 bell]
576 4698 681 4764 expulsi
700 4702 772 4751 2...4.
830 4694 851 4729 ¹¹
877 4698 982 4762 expulsi
1005 4697 1111 4763 regiapr
1134 4698 1237 4748 sultani
1256 4703 1280 4749 4.
1343 4697 1366 4730 ¹²
1389 4713 1415 4747 n.
1434 4698 1515 4758 mole]
1539 4699 1614 4749 nullo
1638 4715 1713 4750 muro
1733 4702 1758 4749 4.

473 4782 496 4815 ¹⁸
513 4798 628 4849 cumque
646 4784 732 4846 Nylus
751 4786 775 4833 4.
822 4783 927 4831 numini
944 4785 968 4832 4.
1016 4782 1228 4834 'lurchonem
1244 4786 1282 4834 sic
1299 4785 1378 4846 infra.
1426 4780 1449 4815 ²⁴
1467 4784 1584 4849 indeque
1603 4788 1628 4834 4.
1648 4783 1686 4847 ’11
1706 4781 1758 4850 18.]

472 4868 552 4918 212.
588 4869 738 4934 proximam
757 4872 882 4918 aesmtem
901 4871 927 4919 2.
964 4867 1000 4916 ad
1017 4884 1074 4933 p·m
1093 4873 1209 4918 estatem
1229 4871 1253 4917 4.
1289 4867 1311 4900 ²²
1329 4869 1427 4917 Africo
1445 4871 1471 4917 4.
1505 4866 1527 4900 ¹⁹
1545 4869 1707 4919 Tremea'et
1724 4870 1759 4922 de

472 4953 542 5004 Rs.
578 4952 892 5020 1111110111ιί4111111111ὶ
912 4954 985 5003 1....1.
1005 4953 1084 5003 Libie
1104 4957 1128 5003 4.
1163 4952 1403 5003 3’1101111111.2..,4.
1440 4957 1517 5003 scd.
1564 4950 1587 4984 ⁸¹
1607 4951 1658 5019 le]
1675 4954 1718 5004 22.
1731 4958 1758 5004 2.

404 5052 411 5068 ’
472 5038 668 5104 preximisnni
685 5041 772 5088 111114.
1378 5052 1383 5066 ·-
