4300 6059
445 714 546 751 “0118
560 715 585 750 Χ.
601 713 709 748 CONTRA
724 714 874 750 LVTHEBVH
888 712 977 769 nsunt
992 712 1054 747 DAT.
1065 707 1164 746 '5.1vn.
1177 712 1203 746 A.
1216 705 1272 745 NP.
1286 712 1310 745 C.
1325 710 1447 744 BVTTEM
1463 709 1554 743 NO'i'ifl.
1593 677 1664 749 329

374 873 517 933 ruraliter
537 867 695 946 bcapiunt,
714 881 742 931 et
759 877 860 946 captos
875 869 918 930 ad
930 877 1060 930 nostram
1075 869 1251 970 instantiam·
1260 870 1416 938 retineant,
1432 872 1461 926 et
1474 867 1518 924 ad
1529 883 1582 926 nos
1596 868 1669 950 ηιιῖ-4

375 980 448 1045 tant,
469 974 671 1049 ‘reportaturi
684 988 743 1048 pro
763 979 823 1032 tarn
842 972 917 1031 bono
939 988 1035 1047 opere,
1056 989 1077 1030 a
1098 970 1188 1044 nobis,
1210 977 1239 1030 et
1254 972 1323 1030 sede
1344 972 1504 1046 apostoliea
1525 985 1666 1030 remune-

375 1079 533 1149 rationem,
553 1076 773 1151 prterniuvtque
792 1075 986 1148 condipnum:
1014 1078 1059 1133 vel
1079 1075 1184 1133 saltem
1200 1090 1263 1147 eos,
1285 1081 1313 1133 et
1332 1087 1434 1133 eorum
1456 1073 1610 1147 quemlibet
1629 1073 1667 1135 de

375 1179 628 1254 Metropolitanis,
650 1177 885 1250 cathedralibus,
908 1178 1079 1251 eollepiatis,
1101 1183 1135 1237 et
1147 1176 1216 1235 aliis
1236 1177 1375 1251 eeclesia,
1397 1175 1537 1246 domibus,
1559 1191 1646 1234 mono

354 1283 486 1349 soleriis,
507 1281 708 1353 conventibus,
736 1280 917 1351 civitatibus,
945 1280 1096 1352 dominiis,
1125 1278 1377 1350 universitatibus,
1404 1280 1666 1352 communitatibus,

374 1385 494 1454 castris,
523 1385 628 1456 terris,
655 1399 692 1442 ae
712 1384 783 1441 locis
800 1383 974 1457 respective,
1002 1390 1062 1441 tarn
1090 1383 1206 1454 cleriei,
1234 1388 1263 1440 et
1288 1383 1457 1455 reputares,
1486 1399 1574 1457 quom
1596 1384 1669 1443 laici

374 1502 473 1547 ornum
493 1492 522 1545 et
539 1486 651 1560 sirspuli
663 1485 839 1558 supradicti,
860 1487 977 1544 omnino
990 1486 1151 1559 expellant.
1197 1483 1333 1542 Civitates
1350 1499 1426 1556 vero,
1446 1484 1585 1558 dominia,
1601 1492 1666 1544 ter-

374 1605 437 1663 ras,
457 1596 569 1662 castre
587 1588 682 1661 villas,
704 1589 866 1659 comitanus,
886 1586 1042 1659 sortilicio,
1065 1588 1188 1662 oppida,
1210 1593 1240 1646 et
1259 1591 1326 1647 looa
1347 1603 1530 1661 quecunque
1551 1588 1669 1650 ubilrbd

374 1693 571 1766 consistentia,
592 1706 698 1750 eorum
719 1699 747 1748 et
766 1705 867 1750 eorum
885 1692 1052 1765 respective,
1073 1689 1327 1764 Metropolitanus,
1348 1689 1549 1763 Catbedrales,
1571 1691 1667 1752 Colle-

343 1796 482 1867 sopiatos,
504 1800 533 1853 et
553 1796 631 1852 ulios
651 1794 799 1864 eeclesias,
824 1791 1015 1865 Monasteria,
1037 1792 1205 1870 Primolus,
1228 1793 1339 1866 domus,
1362 1800 1528 1879 cenventus,
1551 1803 1579 1853 et
1599 1796 1666 1854 loen

374 1897 530 1969 relipioso,
560 1898 606 1955 vel
621 1896 692 1970 piu,
720 1896 920 1968 cuiuscunque
941 1897 1055 1954 ordinis
1076 1893 1123 1974 (ut
1141 1892 1325 1972 praefertur)
1347 1896 1392 1955 ud
1411 1912 1479 1970 ouoe
1495 1897 1665 1971 presulum

375 1996 549 2070 Martinam,
573 2000 618 2056 vel
637 1998 765 2071 ultonem
786 2013 826 2055 eu
842 1997 999 2071 praedictis
1021 1998 1175 2067 declinere
1191 2000 1356 2075 eontiperil,
1375 1999 1519 2073 quamdiu
1536 2001 1578 2059 ibi
1588 2017 1665 2074 per-

374 2101 525 2173 manserit,
547 2107 576 2159 et
592 2100 693 2158 triduo
707 2106 778 2174 post
799 2116 956 2174 recessum,
978 2103 1177 2161 eeclesiastico
1198 2097 1383 2162 'subiieimus
1404 2101 1568 2172 interdicto,
1587 2111 1616 2162 et
1634 2109 1667 2163 ut
1736 2113 1741 2122 '

368 2204 530 2278 premisso
548 2200 681 2261 omnibus
709 2204 907 2274 innotescant,
935 2199 1131 2262 ”mandamus
1154 2206 1278 2278 insuper
1304 2205 1448 2263 universis
1468 2204 1666 2280 Patriarebis,

341 2325 365 2364 ss
376 2303 620 2381 Arcbiepiscoprs,
644 2303 807 2381 Episcopis,
821 2305 1082 2380 patriarchalium,
1104 2307 1398 2382 metropolitanorum
1417 2314 1446 2366 et
1465 2309 1595 2366 aliarum
1608 2324 1667 2368 ea-

374 2407 571 2477 tlvedraliuru,
594 2423 632 2465 ac
654 2408 878 2480 coltcpialaruns
900 2409 1093 2468 eeclesiarum
1113 2387 1264 2483 praetatis,
1278 2411 1426 2483 capitulis,
1448 2411 1573 2484 aliisque
1587 2428 1666 2485 per-

374 2510 454 2567 souis
472 2510 693 2582 ecclesiasticis,
713 2510 908 2569 secutaribus
930 2515 958 2568 'et
976 2513 1146 2584 qumumvis
1165 2511 1304 2569 ordinum
1319 2513 1558 2586 supradictorum
1572 2530 1667 2587 repu-

373 2611 503 2684 taribus,
520 2611 686 2683 fratribus,
709 2612 870 2684 relipiosis,
899 2612 1066 2682 nermedis,
1097 2615 1241 2688 ademptis
1261 2619 1365 2672 elnon
1387 2617 1531 2688 exemptis
1552 2632 1666 2690 supra-

374 2714 462 2774 dictis
483 2713 616 2782 ubilibet,
632 2715 804 2788 presertim
826 2716 857 2772 in
882 2713 1038 2774 Alemooia
1061 2716 1234 2781 constitutis,
1257 2722 1402 2788 quamnus
1423 2717 1483 2790 ipsi
1501 2719 1546 2775 vel
1564 2733 1666 2775 eorum

338 2816 495 2890 mauilrbet
517 2816 569 2875 sub
592 2816 734 2875 similibus
758 2818 907 2889 cornuris,
935 2823 964 2875 et
979 2818 1079 2892 penis
1105 2832 1140 2876 eo
1168 2819 1232 2892 r'pso
1258 2818 1465 2894 incurrendis,
1492 2818 1666 2890 Martinam,

373 2933 530 2993 omnesque
551 2923 580 2976 et
600 2920 731 2991 sinuatos
751 2919 955 2993 supradictos,
978 2921 1030 2992 qui
1048 2920 1151 2994 elapso
1171 2921 1310 2990 termino,
1327 2920 1498 2979 huiusmodi
1516 2921 1667 2979 mandalis

372 3021 561 3095 seuyvvonilis
582 3022 693 3080 uostris
711 3035 769 3078 non
784 3021 958 3094 paruerint,
978 3023 1009 3079 in
1030 3036 1133 3079 eorum
1145 3023 1290 3094 ecclesiis,
1314 3021 1467 3081 dominice
1485 3029 1513 3082 et
1533 3025 1600 3082 aliis
1611 3023 1667 3097 se-

372 3124 453 3183 stivb·
475 3123 591 3198 diebu,
619 3123 689 3181 dum
712 3123 785 3181 inibi
804 3126 900 3181 maior
913 3125 1022 3199 populi
1039 3124 1196 3182 mullitudo
1216 3124 1260 3183 ad
1280 3124 1382 3184 divina
1404 3127 1587 3201 convenerit,
1608 3126 1666 3185 da-

373 3228 505 3285 elorotos
524 3225 679 3285 baretieos
696 3230 725 3284 et
744 3225 952 3284 condemnatos
968 3225 1089 3301 publice
1106 3228 1254 3299 nuncient,
1273 3226 1459 3301 sociantque,
1477 3236 1506 3287 et
1525 3229 1668 3289 marvdent

338 3329 413 3389 asab
435 3329 503 3386 alir's
522 3328 676 3398 nunciari,
697 3333 726 3385 et
746 3326 784 3384 ab
804 3327 936 3386 curribus
955 3329 1067 3387 orctias
1085 3330 1201 3388 evitari.
1244 3328 1365 3390 Necnon
1387 3329 1518 3388 murum
1540 3330 1664 3404 Christi

370 3430 507 3501 fidetibus
535 3436 567 3488 ut
582 3445 631 3488 eos
653 3431 771 3500 evitent,
795 3430 989 3504 parimodo,
1020 3431 1073 3489 sub
1096 3431 1254 3505 predictis
1275 3434 1409 3491 cenare
1430 3439 1459 3491 et
1476 3434 1585 3506 parvis.
1627 3432 1666 3492 Et

368 3540 534 3606 presentes
554 3533 666 3604 literas,
688 3534 733 3590 vet
748 3547 854 3590 earum
875 3540 1105 3607 transsumptum
1122 3533 1176 3591 sub
1193 3533 1297 3604 forma
1318 3532 1518 3608 infrascripto
1537 3533 1664 3605 facttum,

373 3636 404 3693 iu
425 3649 528 3693 eorum
549 3636 695 3709 ecclesiis,
717 3635 917 3703 amaretis,
947 3635 1094 3703 domibus,
1122 3637 1323 3709 conventibus,
1348 3643 1377 3696 et
1400 3637 1468 3696 aliis
1486 3637 1572 3712 locis,
1596 3639 1665 3710 lepi,

459 3885 561 3948 bNune
590 3888 706 3949 tandem
736 3888 909 3969 expediebat
936 3888 1037 3968 piures
1072 3908 1136 3950 esse
1165 3889 1347 3959 Curtisanos,
1380 3891 1429 3970 qui
1466 3897 1578 3951 tantum
1612 3890 1664 3951 ho·

337 3991 486 4055 seminum
518 3997 666 4068 cogerent.
764 3991 936 4053 ‘Praemium
975 3991 1135 4070 pollicitum
1172 3994 1205 4052 iis
1233 3994 1281 4072 qui
1312 4012 1365 4052 nos
1401 3992 1597 4069 prodiderint,
1637 4002 1666 4055 et

373 4095 474 4171 precio
510 4094 668 4171 paciscitur
702 4096 937 4173 proscriptorum
975 4096 1078 4173 capita.
1130 4113 1198 4156 uere
1229 4095 1378 4155 Romanus
1407 4101 1459 4156 est.
1510 4094 1562 4156 Dio
1594 4095 1665 4156 mibi

373 4211 458 4264 vero,
488 4193 620 4263 Decime,
659 4196 726 4274 quid
751 4197 838 4257 taeies
864 4198 892 4257 in
921 4196 967 4257 die
995 4197 1165 4257 visitationis
1191 4204 1219 4255 et
1246 4196 1415 4257 calamitatis
1442 4196 1478 4257 de
1502 4195 1588 4276 longe
1616 4218 1664 4260 ve·

373 4297 497 4357 nientis?
532 4295 596 4356 Non
626 4298 702 4374 iugis
729 4316 745 4358 a
770 4297 867 4359 futura
896 4299 942 4359 dei
973 4300 1034 4359 ira?
1114 4298 1283 4359 'interdicit
1310 4300 1409 4358 saeris.
1454 4299 1498 4358 En
1526 4301 1664 4377 pietatem

374 4401 438 4460 eins
460 4397 634 4468 Pontinos,
659 4401 708 4478 qui
731 4421 763 4461 se
786 4401 940 4480 perideum
964 4399 1108 4480 appellari
1131 4417 1242 4478 nuper,
1273 4402 1355 4478 quasi
1378 4418 1470 4460 novus
1493 4399 1558 4461 orbi
1581 4401 1664 4463 Solo·

340 4519 444 4566 emon
469 4500 626 4569 illuxisset,
651 4501 751 4561 voluit.
825 4501 919 4563 '’Nibil
943 4502 1012 4564 iacit
1034 4502 1113 4564 aliud
1137 4520 1223 4580 quam
1247 4502 1380 4571 mandat,
1412 4501 1505 4570 iubet,
1529 4505 1663 4582 imperat,

373 4603 519 4672 decernit,
545 4609 636 4672 vetat,
666 4602 792 4673 inhibet,
823 4612 932 4673 terret,
965 4606 1101 4665 minatur.
1140 4603 1279 4664 nimirum
1303 4605 1513 4682 imperatorem
1537 4606 1665 4667 ostendit

372 4725 414 4766 se.
439 4706 547 4766 Verum
571 4705 645 4765 heus
667 4712 715 4775 tu,
739 4707 819 4776 Leo,
843 4724 880 4768 ne
905 4707 1042 4786 superbi!
1065 4707 1142 4768 Deus
1165 4707 1242 4766 enim
1265 4704 1404 4785 superbis
1426 4709 1545 4777 resistit,
1568 4709 1663 4771 bumi-

439 4875 462 4908 ³⁰
479 4875 626 4941 pollicetur
637 4878 768 4941 lependuuv
780 4884 827 4927 ert.
874 4874 896 4906 ³²
908 4877 973 4928 Issi.
987 4877 1020 4925 X.
1034 4876 1058 4927 ³.
1107 4876 1128 4907 ³⁴
1142 4874 1238 4943 pacit]
1253 4877 1373 4927 Ciorat.
1388 4882 1486 4927 contre
1498 4877 1610 4940 Turc.§.
1621 4878 1663 4929 20.

373 4967 401 5012 et
418 4961 459 5012 ibi
477 4960 629 5011 citiorum
647 4962 821 5025 praeiatienis
840 4962 875 5012 ud
892 4961 981 5011 Velle
999 4961 1098 5011 librum
1117 4962 1150 5011 de
1168 4962 1344 5012 Constantini
1363 4962 1521 5014 donatione.
1578 4962 1601 4996 ⁸⁷
1619 4965 1662 5014 Ia·

372 5049 435 5098 cobi
453 5063 496 5113 ep.
516 5047 562 5097 [V.
582 5044 606 5095 6.
626 5046 703 5095 Petri
721 5047 744 5096 1.
759 5063 801 5113 ep.
814 5048 846 5097 V.
860 5048 884 5097 5.
899 5047 935 5097 ei.
949 5046 1079 5097 Proverb.
1094 5047 1145 5099 111.
1158 5046 1199 5096 34.
