4300 6059
1001 1194 1179 1252 PRAEFATlO

716 1302 776 1356 AD
793 1302 1018 1365 TRANQVILLI
1035 1302 1221 1353 PARTHENI
1239 1302 1442 1371 ANDRONlCl

979 1395 1196 1447 ORATIONES.

473 1519 542 1567 Duse
554 1515 710 1582 Tranquilli
720 1515 853 1567 Partheni
863 1515 1014 1567 Andronici
1025 1515 1174 1578 Dalmatae,
1193 1529 1262 1580 quas
1276 1514 1323 1566 hic
1335 1515 1495 1567 exhibemus
1506 1517 1647 1568 orationes
1661 1517 1732 1567 adeo

440 1604 544 1668 ignotae
558 1617 619 1652 esse
633 1603 768 1664 videntur,
787 1607 819 1652 ut
830 1607 931 1667 praeter
949 1602 1146 1668 inscriptiones
1163 1601 1199 1652 ab
1219 1600 1283 1651 aliis
1297 1616 1331 1651 ex
1343 1600 1407 1651 aliis
1424 1603 1623 1668 namseriptas
1640 1618 1731 1667 neque

439 1703 501 1737 raro
519 1689 593 1738 inter
611 1702 641 1736 se
664 1687 794 1736 contusas
817 1689 1003 1737 recentiorum
1025 1687 1191 1752 scriptorum
1215 1687 1262 1750 qui
1284 1686 1394 1751 quidem
1418 1688 1540 1737 auctoris
1564 1689 1731 1761 mentionem

439 1772 565 1822 fecerunt
583 1770 673 1822 nullus
692 1786 740 1821 eas
759 1772 818 1836 ipse
836 1770 939 1837 legisse
958 1775 1008 1821 aut
1025 1770 1180 1838 inspexisse
1197 1770 1333 1833 videatur,
1353 1776 1437 1836 atque
1455 1772 1509 1821 nisi
1523 1773 1576 1822 inm
1590 1780 1656 1822 tunc
1670 1789 1731 1822 cum

438 1858 594 1907 Reusnerus
613 1856 783 1928 farraginem
801 1858 957 1907 orationum
974 1857 1154 1906 Turcicarum
1174 1856 1278 1918 ederet,
1297 1854 1672 1921 (Lips.1.'>9u1v.voll.t⁰.)
1691 1858 1730 1907 la·
1775 1903 1780 1912 ,

438 1944 569 2004 tuissent,
594 1942 634 1990 ibi
657 1957 711 2001 non
733 1941 971 2005 desiderarentur,
996 1941 1043 1990 uhi
1067 1940 1125 1990 alia
1147 1941 1260 1989 minoris
1282 1941 1365 2005 pretii
1388 1940 1475 1990 multa
1496 1947 1633 2007 congesta
1657 1948 1729 1992 sunt.

437 2028 520 2092 Atqui
538 2033 569 2076 ut
587 2027 746 2092 recognitas
764 2026 815 2076 has
833 2027 972 2077 orationes
992 2026 1160 2092 repetendas
1179 2031 1207 2074 et
1225 2026 1298 2075 inter
1314 2027 1433 2075 Hntteni
1456 2042 1542 2092 opera
1564 2028 1730 2091 repetendas

437 2112 616 2172 indicassem,
634 2128 688 2161 non
701 2127 794 2161 aarum
807 2113 907 2162 raritas
919 2127 961 2161 me
975 2114 1060 2163 movit
1072 2111 1206 2175 sedquod
1218 2111 1317 2160 bonam
1329 2116 1437 2175 partem
1451 2113 1510 2161 eius
1524 2112 1655 2176 imaginis
1669 2098 1729 2162 etti-

438 2213 501 2264 cere
517 2199 544 2245 in
561 2212 614 2261 qun
624 2197 741 2246 llutteni
755 2196 941 2246 exhortatorie
954 2199 1056 2246 eminet
1069 2197 1135 2245 milri
1148 2195 1257 2261 quidem
1270 2196 1339 2247 visae
1351 2202 1423 2246 srmt.
1445 2212 1508 2246 nam
1521 2197 1631 2261 quantis
1645 2198 1728 2262 trepi-

437 2281 608 2341 dationibus,
634 2297 715 2345 quam
734 2281 838 2331 crudeli
858 2298 975 2346 angore,
995 2298 1029 2332 ne
1048 2281 1221 2331 truculentus
1239 2281 1331 2330 Turca
1349 2281 1456 2330 veniret
1475 2283 1521 2345 qui
1539 2282 1624 2331 victis
1642 2281 1728 2331 homi·

438 2367 517 2415 nibus
535 2367 614 2431 peius
633 2381 714 2431 quam
732 2372 891 2418 vesceretur
911 2369 1032 2429 faceret,
1052 2366 1247 2419 Germanorum
1266 2365 1351 2414 animi
1369 2371 1426 2414 tum
1444 2371 1639 2430 premerentur,
1659 2367 1729 2417 vivi·

438 2452 479 2500 ‹lis
499 2449 636 2500 coloribus
655 2452 826 2502 Andronicus
845 2452 1000 2517 descripsit,
1022 2452 1110 2517 iisque
1128 2453 1196 2501 mire
1214 2451 1343 2511 inductis,
1364 2466 1425 2500 cum
1444 2457 1540 2501 auctor
1558 2458 1589 2500 ut
1606 2452 1728 2502 carmine

365 2528 368 2533 ’
437 2536 517 2585 deum
536 2535 571 2585 ad
589 2550 654 2586 suas
671 2540 765 2601 partes
785 2537 920 2598 traheret,
945 2552 999 2587 non
1022 2537 1109 2586 solum
1133 2552 1231 2602 preces
1250 2536 1380 2585 ardentes
1399 2535 1540 2598 effuderit,
1565 2537 1614 2587 sed
1631 2552 1728 2588 suaso-

437 2621 484 2669 riis
503 2621 587 2670 etiam
604 2620 698 2672 verbis
716 2621 839 2671 adlicere
857 2622 994 2673 studuerit
1013 2637 1046 2671 nc
1064 2638 1099 2672 ne
1119 2639 1136 2671 a
1154 2621 1308 2672 minacibus
1326 2620 1434 2685 quidem
1454 2623 1617 2688 acerbisque
1642 2625 1728 2674 absti-

437 2706 542 2769 nuerit,
566 2708 608 2756 ita
625 2710 656 2755 ut
673 2706 762 2756 simile
783 2707 854 2756 inter
878 2707 966 2773 ipsam
984 2708 1156 2756 'lurcitatem
1180 2723 1213 2756 ac
1232 2705 1472 2756 christianitatem
1496 2706 1600 2770 (verbis
1617 2709 1727 2760 veniam

438 2790 513 2857 peto)
532 2793 667 2842 incertum
686 2807 799 2841 carmen
816 2792 875 2841 sive
895 2791 984 2841 oratio
1003 2792 1052 2852 sit,
1078 2808 1121 2841 me
1144 2790 1237 2855 legere
1261 2806 1315 2840 non
1339 2791 1518 2844 meminerim.
1553 2791 1664 2856 Altera,
1692 2793 1727 2844 ad

439 2877 591 2928 Germanos
610 2877 644 2928 nb
664 2877 819 2928 Andronico
837 2876 935 2926 habita
953 2878 1041 2926 oratio
1060 2877 1186 2941 quamvis
1206 2892 1266 2926 eam
1290 2877 1402 2926 minoris
1426 2870 1507 2942 quarn
1531 2877 1604 2928 alias
1628 2883 1726 2929 eontra

437 2963 544 3013 'l'nrcss
556 2967 614 3013 tum
628 2963 663 3012 ab
677 2963 886 3028 antiquioribus,
906 2968 938 3010 ut
950 2962 985 3011 ab
998 2962 1095 3011 Aenea
1107 2963 1210 3026 sylvio,
1225 2962 1259 3012 ab
1272 2962 1391 3012 Antonio
1404 2962 1556 3028 Campano,
1575 2962 1651 3026 aliis,
1669 2969 1727 3014 tum

437 3064 454 3097 a
472 3048 673 3099 recentioribus
690 3047 784 3098 multis
802 3054 865 3113 post
880 3046 1066 3097 Maximilinni
1090 3047 1154 3112 imp.
1173 3051 1287 3097 aetatem
1309 3048 1429 3113 scriptas
1447 3046 1665 3102 declcmstioues
1685 3051 1727 3100 fa·

437 3135 525 3194 ciam,
537 3138 633 3184 tamen
646 3148 706 3198 qum
719 3138 749 3183 et
761 3133 823 3199 ipsa
835 3133 864 3182 in
875 3132 927 3183 hoc
939 3131 1067 3184 volumen
1079 3133 1263 3196 reciperetur,
1281 3133 1366 3198 digna
1379 3132 1439 3183 visa
1450 3136 1506 3197 est,
1523 3146 1614 3197 neque
1625 3149 1659 3184 ea
1668 3138 1726 3185 tam

437 3220 471 3268 ob
495 3218 583 3269 libelli
608 3220 736 3269 eximiam
759 3218 918 3280 raritatem,
943 3233 1024 3284 quam
1049 3218 1112 3282 quia
1130 3218 1311 3267 lluttenianae
1334 3217 1468 3267 orationis
1491 3217 1608 3282 aequalis
1631 3225 1674 3270 est
1697 3224 1727 3269 et

435 3293 580 3357 αὐτόπτου
601 3304 814 3370 descriptionem
839 3303 1010 3353 miseriarum
1032 3302 1167 3351 'l'nrcicas
1189 3302 1322 3351 victorias
1351 3303 1453 3367 ubique
1482 3304 1726 3354 concomitantium

436 3394 535 3454 prmter
552 3405 605 3439 non
623 3388 714 3438 nullas
731 3388 765 3437 <le
784 3388 936 3438 an'carum
953 3386 1058 3453 rapidis
1075 3387 1266 3452 progressibus
1285 3387 1355 3437 bene
1378 3389 1498 3452 scriptas
1521 3394 1616 3453 partes
1637 3391 1725 3439 conti-

435 3480 491 3524 net.
561 3473 696 3539 Exempls
713 3473 809 3525 harum
827 3474 981 3525 orationum
998 3472 1060 3522 haec
1078 3476 1151 3522 sunt.

1069 3607 1091 3659 1.

434 3711 489 3784 brt
504 3695 626 3771 siiturus
642 3709 672 3768 st
689 3709 738 3782 bnt
754 3709 894 3778 stulttia.
909 3705 915 3778 Ι
929 3707 1075 3775 dracontii
1088 3711 1218 3776 partemii
1235 3711 1349 3774 §elman
1365 3716 1394 3764 at
1411 3710 1491 3775 yrun
1505 3709 1510 3776 Ι
1526 3709 1623 3766 watto
1635 3709 1724 3778 lber·

434 3812 474 3851 ros
493 3797 585 3851 beatis
608 3797 716 3853 tormine
732 3797 843 3862 bactro.
860 3795 864 3860 Ι
881 3796 999 3860 diuitem
1019 3795 1135 3860 epittota
1156 3802 1186 3848 ab
1204 3791 1351 3860 steriliora
1371 3810 1399 3849 ct
1414 3794 1504 3850 notite
1519 3794 1524 3860 Ι
1539 3798 1624 3851 eitum
1643 3799 1726 3862 birro·

434 3883 516 3949 nemsi
529 3891 557 3937 te
574 3883 684 3937 brontia
702 3883 729 3934 iu
749 3878 888 3947 &plebeis
907 3881 1015 3946 utriusq)
1034 3879 1112 3943 juria
1129 3882 1261 3945 bonorem.
1278 3884 1282 3945 Ι
1298 3878 1367 3942 §teor
1385 3880 1524 3945 wiardus
1541 3879 1596 3936 siri
1613 3879 1724 3938 batert:

434 3971 516 4031 bouis
538 3967 658 4033 berlais
680 3966 857 4033 temerariis:
877 3962 1059 4030 rtdteobniti
1082 3967 1155 4030 §tout
1169 3961 1176 4033 Ι
1190 3965 1312 4032 benefici
1335 3960 1540 4030 §traductionis
1561 3963 1566 4033 Ι
1587 3965 1726 4033 [Sequitur

432 4061 536 4118 pietrera
548 4071 621 4121 quma
633 4055 797 4118 repetendam
810 4047 974 4116 carosianae}
993 4051 1097 4101 Constat
1110 4052 1206 4103 libellas
1218 4052 1315 4115 8soliis
1334 4051 1369 4100 4⁰.
1387 4054 1442 4101 ciue
1454 4057 1471 4102 Ι.
1485 4059 1510 4100 et
1522 4068 1547 4100 α.
1560 4053 1724 4112 indicatione,

433 4141 481 4189 sed
493 4139 646 4204 Iapohtadr'i
660 4140 788 4203 prodiisse
806 4139 914 4188 uidetur.

503 4240 634 4307 Repetite
652 4244 695 4290 est
713 4258 737 4291 a.
753 4238 826 4290 leue.
847 4237 1035 4305 [vindobonae]
1056 4256 1072 4288 a
1086 4239 1168 4304 casp.
1181 4237 1341 4288 Stainhoser
1357 4239 1428 4297 „Pia
1440 4239 1569 4291 Precatio
1587 4241 1622 4291 ad
1634 4242 1726 4292 Deum

435 4326 513 4376 faeta
532 4325 548 4374 la
565 4324 727 4390 Tranquillo
745 4324 900 4375 Andronico
919 4324 1057 4393 Dalmata.
1075 4321 1130 4374 4⁰.''
1153 4323 1302 4374 secundum
1324 4325 1412 4374 Denis
1436 4324 1527 4379 dilictis
1548 4324 1723 4390 hilddruda:

434 4409 552 4480 geldridtt.
572 4409 645 4464 dilicti
661 4408 733 4460 1782.
746 4410 782 4460 4⁰.
796 4427 822 4475 p.
835 4412 892 4460 405.
907 4410 976 4475 quod
996 4408 1134 4473 exenrplar
1152 4425 1202 4474 ego
1221 4406 1273 4458 non
1292 4408 1357 4459 vidi.

1060 4545 1098 4595 ΙΙ.

435 4647 570 4700 onemo
587 4647 591 4713 ι
606 4648 832 4711 annnorum
854 4641 1074 4713 Palilrunml
1099 4642 1311 4711 annnolmcr
1334 4644 1543 4714 naunqmn
1567 4645 1723 4717 conules

434 4730 610 4800 'inversas
628 4734 677 4783 An
698 4728 911 4797 sternamus
924 4729 1101 4797 inquiris>
1122 4731 1126 4794 ι
1144 4712 1179 4851 ὃ
1198 4729 1203 4795 ι

504 4857 535 4904 10
549 4854 607 4917 foll.
626 4852 671 4910 4⁰..
690 4854 776 4902 ultima
792 4868 852 4917 pap.
871 4867 958 4900 namra.
977 4851 1004 4900 ia
1020 4855 1173 4916 pmnultimoe
1180 4852 1239 4925 stne
1256 4857 1311 4899 est:
1334 4851 1367 4902 ln
1384 4851 1498 4902 officina
1516 4849 1661 4902 excuseris
1679 4853 1724 4904 lc·

434 4938 533 4988 hunnis
551 4937 644 4988 Miller
657 4933 664 5003 Ι
678 4933 808 5002 Augrrl'tm
825 4933 1038 4986 vindelicorum.
1070 4937 1153 4987 Sexto
1172 4934 1312 4985 Kalendas
1329 4936 1423 4987 Iunias
1445 4932 1543 5000 An=lno
1568 4934 1722 4988 salutifero.

435 5019 624 5088 srlnxvssl.
