4300 6059
535 650 583 723 34
675 681 798 716 flvrrnn't
816 678 846 713 tlt
864 679 957 714 Ducunt
976 679 1253 731 wtn'rnttt‘pnuttttsstt
1272 679 1372 713 ORATIO
1393 679 1424 715 ll.
1448 679 1561 714 tnnrnn.
1574 677 1600 713 A.
1615 672 1673 713 1517.

533 836 707 903 ritudinem,
728 832 931 894 incredibilem
953 832 1153 925 acerbitatem
1164 833 1275 926 diutius
1298 851 1385 910 quam
1408 833 1444 894 de
1466 832 1554 894 lmius
1574 852 1662 894 sexus
1682 831 1814 893 imbecil-

506 942 509 947 '
533 937 613 1000 litate
635 938 735 998 eredat
756 938 822 1017 quis
842 936 1027 996 sustinuisset
1049 934 1207 996 fortissima
1230 935 1351 1003 mulier,
1374 936 1596 1019 omnem-prius
1613 935 1822 1023 indignitatem·

534 1059 568 1100 ac
589 1038 725 1118 pellicem
747 1056 832 1117 passa
855 1056 919 1099 eam
940 1055 1027 1114 quatu
1050 1038 1147 1097 mariti
1169 1038 1215 1098 sui
1238 1039 1381 1114 sanguine
1400 1038 1551 1114 quaesitam
1568 1056 1672 1098 omnes
1694 1038 1813 1107 scirent,

470 1160 474 1165 ·
533 1142 663 1201 inomni
686 1141 816 1201 divexata
845 1138 1036 1208 contumelia,
1065 1141 1148 1199 onmi
1170 1141 1197 1199 ri
1226 1159 1263 1219 ac
1290 1138 1424 1200 violentia
1454 1137 1638 1217 proculcata,
1664 1157 1723 1199 non
1751 1137 1815 1198 illas

533 1244 650 1322 quidem
670 1244 759 1303 verita
782 1260 845 1320 qure
868 1241 904 1302 ab
927 1239 977 1301 illo
1000 1240 1110 1301 debant
1132 1243 1196 1301 xitae
1217 1260 1278 1303 suae
1300 1241 1435 1309 insidias,
1457 1241 1509 1303 sed
1531 1243 1653 1302 mixtum
1677 1260 1743 1302 cnm
1767 1234 1841 1301 iri-⁵

533 1347 791 1406 teritusuxnmum
812 1343 955 1414 dedecus,
977 1351 1138 1403 extremam
1160 1343 1386 1422 turpitudinem,
1407 1345 1491 1402 lamae
1516 1362 1551 1403 ae
1575 1345 1686 1405 nomini
1701 1361 1754 1404 suo
1770 1343 1814 1403 in·

533 1453 611 1529 stare
633 1447 819 1525 persentiens
842 1445 960 1506 tandem
987 1446 1083 1505 noctis
1112 1446 1265 1524 prasidio,
1296 1445 1432 1506 hortante
1460 1454 1556 1514 motu,
1585 1452 1709 1523 cogente
1736 1447 1814 1522 peri-

465 1562 524 1613 §.ex
534 1548 600 1610 culo
623 1549 690 1625 luga
713 1568 745 1609 se
766 1546 987 1608 imminentibus
1009 1545 1093 1606 malis
1114 1549 1228 1626 eripuit.
1265 1548 1316 1608 Cui
1337 1549 1414 1607 iacto
1429 1546 1498 1626 quid
1514 1546 1592 1608 aliud
1607 1565 1708 1608 remur
1726 1565 1813 1624 qnam

533 1651 604 1713 deos
626 1649 806 1710 immortales
828 1649 969 1719 adfuisse,
993 1667 1051 1727 tpuo
1072 1655 1102 1710 et
1124 1650 1227 1725 iugens
1250 1650 1295 1709 isti
1316 1668 1385 1727 spes
1401 1651 1630 1727 praecideretur,
1654 1656 1684 1710 et
1701 1667 1738 1709 ne
1758 1647 1813 1707 illi·

531 1753 598 1814 bata
620 1752 786 1813 clarissimae
807 1751 934 1811 ltnmime
955 1751 1095 1829 pudicitia
1118 1750 1229 1830 probro
1252 1770 1287 1810 ac
1311 1751 1448 1811 dedecori
1471 1751 1596 1812 obnoxia
1618 1751 1721 1812 tieret?
1743 1768 1811 1811 nam
1825 1769 1847 1806 m

531 1857 556 1917 si
576 1858 640 1917 eius
662 1862 788 1914 mortem
810 1871 965 1931 aggressus
985 1854 1140 1913 maturiori
1155 1852 1267 1914 scolere
1282 1860 1364 1914 esset
1378 1854 1524 1922 carnifex,
1547 1871 1633 1931 quam
1654 1870 1714 1914 non
1733 1861 1812 1931 post·
1866 1887 1873 1903 =

531 1977 564 2020 ea
587 1958 799 2037 turpitudinem
822 1957 850 2015 in
872 1961 1056 2033 peremptum
1074 1956 1289 2030 congessisset?
1311 1955 1389 2032 qnod
1406 1954 1586 2027 nonscelus
1606 1955 1813 2033 imposuisset?
1841 1966 1848 1985 ·

532 2078 620 2138 quam
641 2065 837 2137 opportunam
859 2055 915 2116 sibi
934 2057 1073 2116 adversus
1097 2058 1311 2117 accusationem
1334 2057 1409 2118 bane
1429 2058 1606 2118 detensionis
1622 2075 1722 2118 ansam
1735 2058 1812 2117 ‘arri-

464 2162 663 2242 r.co.puisset?
693 2158 859 2219 Obscurum
887 2159 999 2218 nemini
1022 2167 1066 2219 est
1092 2160 1159 2237 quid
1184 2158 1231 2218 bic
1259 2160 1364 2218 iterum
1388 2178 1442 2238 ego
1465 2165 1654 2238 praeteream
1680 2178 1735 2221 uec
1758 2162 1811 2220 ista

531 2264 652 2343 loquor,
672 2269 704 2322 ut
723 2263 916 2337 cognoscatis,
936 2261 1085 2330 Gexanoni,
1103 2261 1153 2321 sed
1171 2268 1203 2321 ut
1219 2262 1418 2321 recordemini
1434 2262 1531 2337 potins
1545 2263 1665 2339 attingo,
1685 2270 1714 2322 et
1729 2263 1812 2322 istius
1823 2277 1845 2316 ιτ»

530 2365 684 2425 audaciam
706 2365 814 2430 miror,
838 2363 887 2439 qui
909 2380 976 2421 cum
998 2361 1034 2421 ab
1057 2362 1116 2422 boe
1137 2364 1269 2423 instituto
1290 2363 1469 2440 benignitate
1497 2363 1543 2424 dei
1570 2365 1671 2442 optimi
1694 2365 1812 2423 maximi

530 2483 650 2527 aversus
671 2467 723 2536 sit,
747 2464 856 2542 aliquid
869 2471 973 2524 tamen
997 2461 1072 2522 ultra
1095 2463 1148 2525 sibi
1173 2471 1332 2543 proponat,
1355 2466 1387 2523 in
1409 2463 1535 2543 aliquam
1557 2466 1706 2527 residuam
1729 2484 1813 2544 spem

531 2569 673 2645 cogitatus
694 2585 763 2627 suos
786 2565 902 2643 dirigat.
939 2567 994 2626 nisi
1017 2583 1087 2643 ergo
1109 2573 1185 2627 esset
1206 2567 1262 2627 boe
1278 2567 1356 2644 quod
1372 2565 1460 2645 paulo
1476 2573 1544 2627 ante
1563 2568 1635 2637 dixi,
1659 2586 1725 2627 eum
1744 2565 1812 2628 llel·

532 2671 613 2730 retiis
633 2676 661 2730 et
683 2668 767 2731 Gallo
788 2668 886 2728 lacere
905 2669 1011 2735 istmn,
1035 2686 1094 2746 quo
1117 2667 1238 2729 consilio
1263 2669 1363 2729 iudicii
1383 2669 1480 2751 buius·
1492 2667 1660 2730 dilationem
1681 2671 1814 2747 peteret?

462 2782 591 2834 §.onnon
616 2770 693 2844 ultro
715 2769 812 2850 potius
834 2771 863 2829 in
887 2770 1009 2848 quodvis
1032 2769 1151 2830 exilium
1174 2769 1371 2831 dilaberetur?
1399 2771 1443 2830 An
1474 2756 1573 2854 potest
1598 2773 1648 2850 qni
1668 2772 1721 2832 ista
1745 2772 1847 2832 laeitao

523 2892 650 2953 ‚sperare
673 2871 798 2949 aliquid,
823 2890 889 2932 cum
914 2890 967 2949 ego
991 2873 1040 2950 qni
1059 2872 1123 2932 baec
1146 2872 1212 2932 dico
1235 2870 1309 2931 nibil
1330 2875 1477 2932 metuam?
1500 2874 1558 2932 nisi
1579 2874 1668 2949 igitur
1688 2892 1742 2932 sno
1759 2875 1813 2934 iste

529 2994 561 3038 se
584 2975 696 3037 scelere
716 2992 834 3052 pessum
857 2973 1000 3042 dedisset,
1024 2976 1090 3051 quis
1114 2974 1186 3035 mibi
1212 2975 1368 3034 accusandi
1399 2973 1481 3035 loeus
1508 2976 1605 3035 esset?
1634 2983 1684 3036 aut
1711 2977 1734 3035 si
1763 2976 1813 3054 qui

530 3078 585 3139 tuit
608 3084 684 3137 esset
704 3077 784 3155 ipse,
808 3078 873 3154 quis
893 3076 950 3136 nisi
973 3081 1104 3136 extreme
1119 3077 1241 3136 insanus
1255 3075 1437 3136 nobilissimo
1453 3076 1550 3136 ordini
1568 3095 1719 3155 opponere
1738 3097 1813 3148 sese,

531 3179 735 3258 potentissimo
759 3178 872 3238 homini
895 3176 1058 3256 perieulum
1083 3180 1227 3238 intentare
1249 3178 1388 3239 auderet?
1410 3197 1489 3239 nunc
1513 3177 1588 3238 inira
1611 3199 1643 3240 se
1658 3181 1770 3257 positus
1785 3186 1815 3240 et

529 3299 626 3358 neque
647 3281 786 3358 princeps
810 3284 854 3340 est
874 3279 942 3349 iste,
966 3297 1061 3358 neque
1085 3279 1205 3350 nobilis,
1228 3298 1323 3358 neque
1345 3280 1525 3350 Germanus,
1555 3299 1651 3358 neque
1673 3281 1848 3343 Christis-as

284 3410 286 3417 ¹
378 3398 381 3402 ·
462 3398 601 3451 §.oenum
624 3383 714 3442 immo
737 3383 826 3443 etiam
847 3381 936 3441 bomo
959 3400 1018 3441 non
1041 3389 1093 3443 est.
1132 3388 1163 3442 ut
1184 3399 1279 3459 neque
1301 3381 1373 3441 mibi
1394 3400 1461 3442 cnm
1478 3381 1541 3442 baec
1560 3381 1813 3461 dieopericnlum,

530 3502 625 3562 neque
652 3485 715 3545 istis
744 3483 911 3544 clarissimis
933 3483 1118 3562 principibus
1146 3501 1213 3543 cum
1236 3483 1359 3543 audiunt
1380 3483 1476 3561 pudor
1498 3485 1548 3553 sit,
1578 3484 1664 3544 talem
1694 3503 1814 3546 aversor

529 3585 696 3647 bominem:
721 3586 792 3664 qnid
814 3585 963 3663 hominem
988 3582 1173 3660 dixi?‚talem
1198 3587 1317 3662 inquam
1334 3604 1454 3647 mersor
1469 3585 1607 3650 bestiam:
1630 3606 1664 3647 ex
1680 3585 1815 3647 moribus
1837 3616 1839 3621 ·

530 3689 608 3749 enim
630 3696 659 3748 et
679 3690 750 3755 vita,
775 3705 834 3748 non
856 3687 990 3766 corporis
1012 3686 1115 3747 babitu
1137 3693 1307 3765 spectantur
1330 3687 1480 3749 homines:
1509 3688 1628 3767 reliquit
1648 3689 1814 3749 hnmanita-

531 3796 604 3859 tem,
629 3790 724 3850 induit
745 3788 967 3859 truculentiam,
987 3789 1134 3858 imorem,
1156 3790 1294 3849 srnxitiam
1319 3808 1352 3848 ac
1375 3791 1600 3858 immanitaterm
1622 3790 1694 3850 nibil
1717 3789 1847 3859 homi-ro
1870 3774 1872 3777 ¹

531 3892 577 3951 nis
597 3891 687 3953 babet
708 3898 816 3969 praeter
839 3893 960 3960 t'aciem,
983 3890 1035 3952 sed
1057 3911 1122 3952 earn
1143 3910 1260 3971 quoquc
1284 3893 1323 3951 ita
1353 3898 1467 3951 trucem
1496 3899 1678 3962 actoriam,
1707 3902 1739 3953 ut
1761 3871 1814 3953 bo·

532 3994 642 4053 minem
663 4011 723 4051 non
746 4003 845 4070 putes,
870 3993 974 4054 catera
996 4012 1062 4053 cmn
1084 3995 1239 4055 sevissima
1262 3991 1393 4071 qnalibet
1414 3993 1506 4054 bestia
1526 3993 1615 4056 babet
1637 3997 1813 4057 eommunia.

464 4093 627 4165 monetet
648 4097 736 4172 igitur
758 4095 836 4155 nulla
862 4113 928 4156 eum
947 4096 1047 4155 iurare
1070 4091 1210 4171 dignitas,
1235 4113 1323 4172 qnam
1343 4103 1413 4155 tnnc
1435 4114 1501 4156 eum
1523 4117 1554 4158 se
1577 4099 1639 4158 istis
1657 4097 1816 4158 obstrinxit

533 4195 707 4266 sceleribus,
738 4203 828 4257 totam
857 4197 950 4265 exuit;
977 4215 1063 4257 omno
1090 4196 1228 4256 tratalium
1258 4196 1362 4266 decus,
1397 4200 1662 4259 omnia·xnaiorum
1692 4217 1814 4261 suornm

534 4305 705 4360 ornamenta
726 4297 834 4379 abiecit
840 4317 846 4366 ;
868 4317 935 4360 suas
953 4299 1016 4378 ipse
1037 4301 1196 4376 imagines,
1221 4317 1272 4359 sna
1295 4306 1447 4361 stemmata
1474 4300 1609 4371 obtrivit,
1640 4308 1671 4361 ut
1691 4303 1750 4361 iam
1771 4311 1847 4363 teon

508 4410 511 4415 ’
533 4419 615 4462 mere
637 4402 739 4461 lorteis
762 4400 818 4462 sibi
840 4403 930 4469 u'ros,
953 4403 983 4460 in
1005 4419 1130 4481 qnorum
1154 4403 1325 4480 posteritate
1346 4410 1512 4478 natusest,
1536 4403 1722 4481 praescribat:
1745 4422 1813 4465 uam

601 4654 612 4687 ³
630 4643 769 4721 pollicem]
790 4655 832 4704 Cf.
848 4660 917 4704 ornt.
931 4655 952 4705 1.
967 4657 990 4715 ξ.
1005 4655 1029 4705 7.
1083 4656 1093 4687 ὓ
1112 4656 1155 4707 cf.
1170 4673 1253 4723 supra
1265 4657 1288 4720 ξ.
1305 4657 1343 4708 ll.
1396 4658 1406 4690 ⁹
1425 4657 1490 4708 deos
1503 4655 1588 4725 imur]
1609 4658 1746 4712 Christum
1766 4661 1813 4712 int-

536 4740 679 4791 morlalom
697 4758 765 4792 corr.
779 4747 806 4788 Η.
861 4738 913 4771 ¹⁸¹¹?
931 4739 1052 4806 Heleon]
1072 4741 1198 4792 Swizeris
1216 4737 1284 4792 eurr.
1298 4750 1326 4792 tt.
1381 4762 1404 4793 e.
1419 4745 1499 4794 Helv.
1515 4751 1542 4794 et
1555 4743 1646 4811 Gallo]
1666 4746 1708 4795 ef.
1722 4748 1775 4797 rol.
1790 4749 1811 4801 1.

537 4842 563 4877 n.
576 4826 661 4876 XXX.
675 4823 699 4874 3.
714 4832 779 4890 etp.
793 4825 834 4874 ll'l.
849 4825 876 4873 in
889 4828 945 4875 not.
960 4841 984 4874 n.
998 4823 1022 4873 tt.
1037 4826 1060 4874 7.
1114 4824 1137 4856 ²⁴
1154 4842 1196 4889 se,
1218 4834 1245 4878 ct
1264 4833 1288 4878 1.
1312 4830 1417 4894 positus
1436 4833 1495 4880 add.
1510 4837 1538 4879 Η.
1596 4830 1724 4895 ²⁷neque
1745 4834 1811 4883 Ger·

538 4925 633 4960 manns
687 4925 741 4959 non
760 4916 809 4960 est.
829 4912 907 4959 deleo.
919 4915 949 4970 tl.
1001 4908 1055 4942 Μ
1073 4911 1157 4971 talem
1176 4929 1219 4963 av.
1275 4913 1394 4963 bestiam
1411 4916 1480 4964 onais.
1501 4919 1524 4966 1.
1544 4918 1605 4966 add.
1617 4922 1647 4966 11.
1668 4915 1729 4979 (nixi
1746 4921 1815 4983 quod

537 4998 561 5043 2.
576 4995 613 5044 dis
632 5010 728 5044 averso
746 4996 823 5046 flectit.
842 4997 890 5045 sed
907 4984 1032 5045 Hrlttenua
1051 4997 1142 5048 Latine
1158 4996 1306 5079 didicerat.)
1357 4994 1379 5028 ³⁰
1397 4998 1483 5049 fortes
1501 5003 1526 5050 2.
