<?xml version="1.0" encoding="UTF-8"?>
<!DOCTYPE html PUBLIC "-//W3C//DTD XHTML 1.0 Transitional//EN"
    "http://www.w3.org/TR/xhtml1/DTD/xhtml1-transitional.dtd">
<html xmlns="http://www.w3.org/1999/xhtml" xml:lang="en" lang="en">
 <head>
  <title>
</title>
<meta http-equiv="Content-Type" content="text/html;charset=utf-8" />
  <meta name='ocr-system' content='tesseract 3.04.00' />
  <meta name='ocr-capabilities' content='ocr_page ocr_carea ocr_par ocr_line ocrx_word'/>
</head>
<body>
  <div class='ocr_page' id='page_1' title='image "./ulrichihuttenie01huttgoog/ulrichihuttenie01huttgoog_0058.png"; bbox 0 0 4300 6059; ppageno 0'>
   <div class='ocr_carea' id='block_1_1' title="bbox 473 676 1619 748">
    <p class='ocr_par' dir='ltr' id='par_1_1' title="bbox 473 676 1619 748">
     <span class='ocr_line' id='line_1_1' title="bbox 473 676 1619 748; baseline -0.003 -2"><span class='ocrx_word' id='word_1_1' title='bbox 473 676 521 748; x_wconf 67' lang='grc'>46</span> <span class='ocrx_word' id='word_1_2' title='bbox 609 707 731 743; x_wconf 70' lang='lat' dir='ltr'>EVTTBRI</span> <span class='ocrx_word' id='word_1_3' title='bbox 751 707 780 742; x_wconf 74' lang='lat' dir='ltr'>lit</span> <span class='ocrx_word' id='word_1_4' title='bbox 800 708 893 743; x_wconf 67' lang='lat' dir='ltr'>DVCEM</span> <span class='ocrx_word' id='word_1_5' title='bbox 911 708 1189 742; x_wconf 71' lang='lat' dir='ltr'>wtnrnursnonnsztt</span> <span class='ocrx_word' id='word_1_6' title='bbox 1209 708 1311 744; x_wconf 75' lang='lat' dir='ltr'><strong>ORATIO</strong></span> <span class='ocrx_word' id='word_1_7' title='bbox 1330 709 1374 745; x_wconf 86' lang='lat'>111.</span> <span class='ocrx_word' id='word_1_8' title='bbox 1394 710 1506 748; x_wconf 75' lang='lat' dir='ltr'>lMiVllT.</span> <span class='ocrx_word' id='word_1_9' title='bbox 1519 709 1545 745; x_wconf 73' lang='grc' dir='ltr'>Α.</span> <span class='ocrx_word' id='word_1_10' title='bbox 1562 703 1619 744; x_wconf 73' lang='grc'><strong>1517.</strong></span> 
     </span>
    </p>
   </div>
   <div class='ocr_carea' id='block_1_2' title="bbox 340 843 1790 4933">
    <p class='ocr_par' dir='ltr' id='par_1_2' title="bbox 340 843 1790 4933">
     <span class='ocr_line' id='line_1_2' title="bbox 472 843 1755 942; baseline 0.002 -21"><span class='ocrx_word' id='word_1_11' title='bbox 472 862 522 932; x_wconf 86' lang='lat' dir='ltr'>dit,</span> <span class='ocrx_word' id='word_1_12' title='bbox 535 863 581 922; x_wconf 88' lang='lat' dir='ltr'>bis</span> <span class='ocrx_word' id='word_1_13' title='bbox 597 861 814 922; x_wconf 74' lang='lat' dir='ltr'><strong>considentibus</strong></span> <span class='ocrx_word' id='word_1_14' title='bbox 828 861 1017 922; x_wconf 79' lang='lat' dir='ltr'>nobilissimis</span> <span class='ocrx_word' id='word_1_15' title='bbox 1034 862 1167 932; x_wconf 90' lang='lat' dir='ltr'>ducibus,</span> <span class='ocrx_word' id='word_1_16' title='bbox 1179 864 1346 923; x_wconf 81' lang='lat' dir='ltr'>fortissimis</span> <span class='ocrx_word' id='word_1_17' title='bbox 1362 863 1554 942; x_wconf 89' lang='lat' dir='ltr'>principibus,</span> <span class='ocrx_word' id='word_1_18' title='bbox 1569 843 1676 941; x_wconf 83' lang='lat' dir='ltr'>quibus</span> <span class='ocrx_word' id='word_1_19' title='bbox 1692 865 1755 942; x_wconf 89' lang='lat' dir='ltr'>ipse</span> 
     </span>
     <span class='ocr_line' id='line_1_3' title="bbox 472 963 1754 1043; baseline 0.001 -20"><span class='ocrx_word' id='word_1_20' title='bbox 472 964 660 1039; x_wconf 85' lang='lat' dir='ltr'>ignominiam</span> <span class='ocrx_word' id='word_1_21' title='bbox 678 982 712 1023; x_wconf 89' lang='lat' dir='ltr'>ac</span> <span class='ocrx_word' id='word_1_22' title='bbox 728 963 855 1024; x_wconf 89' lang='lat' dir='ltr'>dedecus</span> <span class='ocrx_word' id='word_1_23' title='bbox 870 964 986 1032; x_wconf 83' lang='lat' dir='ltr'>invexit,</span> <span class='ocrx_word' id='word_1_24' title='bbox 1003 963 1060 1024; x_wconf 91' lang='lat' dir='ltr'>boc</span> <span class='ocrx_word' id='word_1_25' title='bbox 1078 972 1233 1027; x_wconf 88' lang='lat' dir='ltr'>accusante</span> <span class='ocrx_word' id='word_1_26' title='bbox 1249 964 1386 1043; x_wconf 87' lang='lat' dir='ltr'>Equitum</span> <span class='ocrx_word' id='word_1_27' title='bbox 1402 966 1515 1035; x_wconf 90' lang='lat' dir='ltr'>ordine,</span> <span class='ocrx_word' id='word_1_28' title='bbox 1532 967 1664 1043; x_wconf 84' lang='lat' dir='ltr'>inquom</span> <span class='ocrx_word' id='word_1_29' title='bbox 1682 964 1754 1025; x_wconf 90' lang='lat' dir='ltr'>nibil</span> 
     </span>
     <span class='ocr_line' id='line_1_4' title="bbox 474 1064 1754 1146; baseline 0.001 -21"><span class='ocrx_word' id='word_1_30' title='bbox 474 1083 535 1126; x_wconf 92' lang='lat' dir='ltr'>non</span> <span class='ocrx_word' id='word_1_31' title='bbox 550 1064 641 1126; x_wconf 89' lang='lat' dir='ltr'>licere</span> <span class='ocrx_word' id='word_1_32' title='bbox 656 1064 712 1125; x_wconf 89' lang='lat' dir='ltr'>sibi</span> <span class='ocrx_word' id='word_1_33' title='bbox 730 1066 849 1142; x_wconf 83' lang='lat' dir='ltr'>putarit.</span> <span class='ocrx_word' id='word_1_34' title='bbox 882 1064 936 1126; x_wconf 91' lang='lat' dir='ltr'>Ubi</span> <span class='ocrx_word' id='word_1_35' title='bbox 951 1067 1040 1144; x_wconf 85' lang='lat' dir='ltr'>igitur</span> <span class='ocrx_word' id='word_1_36' title='bbox 1054 1067 1227 1126; x_wconf 79' lang='lat' dir='ltr'>innocentiae</span> <span class='ocrx_word' id='word_1_37' title='bbox 1242 1066 1445 1146; x_wconf 86' lang='lat' dir='ltr'>propugnatio,</span> <span class='ocrx_word' id='word_1_38' title='bbox 1466 1065 1514 1127; x_wconf 92' lang='lat' dir='ltr'>ubi</span> <span class='ocrx_word' id='word_1_39' title='bbox 1532 1067 1676 1128; x_wconf 79' lang='lat' dir='ltr'>scelernm</span> <span class='ocrx_word' id='word_1_40' title='bbox 1693 1070 1754 1128; x_wconf 86' lang='lat' dir='ltr'>rin·</span> 
     </span>
     <span class='ocr_line' id='line_1_5' title="bbox 474 1165 1753 1247; baseline -0.001 -18"><span class='ocrx_word' id='word_1_41' title='bbox 474 1168 559 1238; x_wconf 88' lang='lat' dir='ltr'>dicta,</span> <span class='ocrx_word' id='word_1_42' title='bbox 580 1165 724 1229; x_wconf 89' lang='lat' dir='ltr'>malorum</span> <span class='ocrx_word' id='word_1_43' title='bbox 746 1168 851 1245; x_wconf 71' lang='lat' dir='ltr'>poena?</span> <span class='ocrx_word' id='word_1_44' title='bbox 873 1167 984 1229; x_wconf 87' lang='lat' dir='ltr'>seilicet</span> <span class='ocrx_word' id='word_1_45' title='bbox 1000 1170 1097 1229; x_wconf 89' lang='lat' dir='ltr'>omnia</span> <span class='ocrx_word' id='word_1_46' title='bbox 1114 1169 1299 1246; x_wconf 75' lang='lat' dir='ltr'>indignitatis</span> <span class='ocrx_word' id='word_1_47' title='bbox 1322 1170 1417 1228; x_wconf 91' lang='lat' dir='ltr'>omnia</span> <span class='ocrx_word' id='word_1_48' title='bbox 1436 1169 1557 1247; x_wconf 88' lang='lat' dir='ltr'>pudoris</span> <span class='ocrx_word' id='word_1_49' title='bbox 1572 1167 1657 1247; x_wconf 90' lang='lat' dir='ltr'>plena</span> <span class='ocrx_word' id='word_1_50' title='bbox 1677 1177 1753 1229; x_wconf 91' lang='lat' dir='ltr'>sunt.</span> 
     </span>
     <span class='ocr_line' id='line_1_6' title="bbox 406 1266 1778 1347; baseline -0.004 -14"><span class='ocrx_word' id='word_1_51' title='bbox 406 1283 463 1333; x_wconf 75' lang='lat' dir='ltr'>ter.</span> <span class='ocrx_word' id='word_1_52' title='bbox 474 1269 547 1331; x_wconf 85' lang='lat' dir='ltr'>Rern</span> <span class='ocrx_word' id='word_1_53' title='bbox 563 1266 668 1345; x_wconf 79' lang='lat' dir='ltr'>lactant</span> <span class='ocrx_word' id='word_1_54' title='bbox 687 1268 722 1329; x_wconf 90' lang='lat' dir='ltr'>ab</span> <span class='ocrx_word' id='word_1_55' title='bbox 739 1270 793 1329; x_wconf 91' lang='lat' dir='ltr'>istu</span> <span class='ocrx_word' id='word_1_56' title='bbox 813 1271 1025 1347; x_wconf 81' lang='lat' dir='ltr'>turpissimam,</span> <span class='ocrx_word' id='word_1_57' title='bbox 1047 1269 1144 1331; x_wconf 86' lang='lat' dir='ltr'>scelus</span> <span class='ocrx_word' id='word_1_58' title='bbox 1160 1270 1318 1332; x_wconf 90' lang='lat' dir='ltr'>admissum</span> <span class='ocrx_word' id='word_1_59' title='bbox 1336 1279 1435 1341; x_wconf 78' lang='lat' dir='ltr'>auor,</span> <span class='ocrx_word' id='word_1_60' title='bbox 1452 1270 1677 1341; x_wconf 86' lang='lat' dir='ltr'>abhominabile,</span> <span class='ocrx_word' id='word_1_61' title='bbox 1695 1285 1778 1331; x_wconf 77' lang='lat' dir='ltr'>nous</span> 
     </span>
     <span class='ocr_line' id='line_1_7' title="bbox 472 1366 1755 1451; baseline 0.003 -21"><span class='ocrx_word' id='word_1_62' title='bbox 472 1366 523 1451; x_wconf 55' lang='lat' dir='ltr'>ross</span> <span class='ocrx_word' id='word_1_63' title='bbox 540 1378 651 1431; x_wconf 90' lang='lat' dir='ltr'>tanturn</span> <span class='ocrx_word' id='word_1_64' title='bbox 668 1371 761 1440; x_wconf 83' lang='lat' dir='ltr'>scitis,</span> <span class='ocrx_word' id='word_1_65' title='bbox 784 1373 862 1450; x_wconf 86' lang='lat' dir='ltr'>quod</span> <span class='ocrx_word' id='word_1_66' title='bbox 876 1373 946 1432; x_wconf 86' lang='lat' dir='ltr'>satis</span> <span class='ocrx_word' id='word_1_67' title='bbox 963 1379 1041 1442; x_wconf 89' lang='lat' dir='ltr'>erat,</span> <span class='ocrx_word' id='word_1_68' title='bbox 1064 1372 1115 1432; x_wconf 92' lang='lat' dir='ltr'>sed</span> <span class='ocrx_word' id='word_1_69' title='bbox 1134 1390 1185 1432; x_wconf 86' lang='lat' dir='ltr'>vos</span> <span class='ocrx_word' id='word_1_70' title='bbox 1199 1371 1257 1432; x_wconf 87' lang='lat' dir='ltr'>boe</span> <span class='ocrx_word' id='word_1_71' title='bbox 1271 1373 1346 1432; x_wconf 90' lang='lat' dir='ltr'>scire</span> <span class='ocrx_word' id='word_1_72' title='bbox 1367 1391 1469 1434; x_wconf 88' lang='lat' dir='ltr'>omnes</span> <span class='ocrx_word' id='word_1_73' title='bbox 1487 1375 1597 1434; x_wconf 91' lang='lat' dir='ltr'>circum</span> <span class='ocrx_word' id='word_1_74' title='bbox 1613 1375 1755 1442; x_wconf 86' lang='lat' dir='ltr'>nationes,</span> 
     </span>
     <span class='ocr_line' id='line_1_8' title="bbox 474 1472 1756 1553; baseline 0 -19"><span class='ocrx_word' id='word_1_75' title='bbox 474 1491 577 1534; x_wconf 89' lang='lat' dir='ltr'>omnes</span> <span class='ocrx_word' id='word_1_76' title='bbox 603 1472 702 1551; x_wconf 90' lang='lat' dir='ltr'>populi</span> <span class='ocrx_word' id='word_1_77' title='bbox 730 1481 847 1535; x_wconf 88' lang='lat' dir='ltr'>norunt.</span> <span class='ocrx_word' id='word_1_78' title='bbox 893 1493 949 1553; x_wconf 86' lang='lat' dir='ltr'>qna</span> <span class='ocrx_word' id='word_1_79' title='bbox 974 1475 1004 1533; x_wconf 93' lang='lat' dir='ltr'>in</span> <span class='ocrx_word' id='word_1_80' title='bbox 1032 1493 1064 1534; x_wconf 92' lang='lat' dir='ltr'>re</span> <span class='ocrx_word' id='word_1_81' title='bbox 1082 1475 1296 1534; x_wconf 73' lang='lat' dir='ltr'>&#39;sbdelueritis</span> <span class='ocrx_word' id='word_1_82' title='bbox 1324 1474 1419 1543; x_wconf 89' lang='lat' dir='ltr'>robis,</span> <span class='ocrx_word' id='word_1_83' title='bbox 1448 1474 1516 1553; x_wconf 79' lang='lat' dir='ltr'>quid</span> <span class='ocrx_word' id='word_1_84' title='bbox 1541 1476 1756 1536; x_wconf 74' lang='lat' dir='ltr'>existimaturos</span> 
     </span>
     <span class='ocr_line' id='line_1_9' title="bbox 472 1574 1755 1655; baseline 0 -19"><span class='ocrx_word' id='word_1_85' title='bbox 472 1594 575 1636; x_wconf 90' lang='lat' dir='ltr'>onmes</span> <span class='ocrx_word' id='word_1_86' title='bbox 594 1576 726 1645; x_wconf 87' lang='lat' dir='ltr'>creditis,</span> <span class='ocrx_word' id='word_1_87' title='bbox 749 1575 826 1654; x_wconf 87' lang='lat' dir='ltr'>quod</span> <span class='ocrx_word' id='word_1_88' title='bbox 846 1575 943 1637; x_wconf 91' lang='lat' dir='ltr'>scelus</span> <span class='ocrx_word' id='word_1_89' title='bbox 963 1575 1045 1636; x_wconf 74' lang='lat' dir='ltr'>r‘obis</span> <span class='ocrx_word' id='word_1_90' title='bbox 1062 1576 1248 1655; x_wconf 88' lang='lat' dir='ltr'>imputabunt</span> <span class='ocrx_word' id='word_1_91' title='bbox 1264 1577 1417 1636; x_wconf 78' lang='lat' dir='ltr'>homiues?</span> <span class='ocrx_word' id='word_1_92' title='bbox 1440 1584 1489 1638; x_wconf 91' lang='lat' dir='ltr'>aut</span> <span class='ocrx_word' id='word_1_93' title='bbox 1506 1578 1530 1639; x_wconf 92' lang='lat' dir='ltr'>si</span> <span class='ocrx_word' id='word_1_94' title='bbox 1545 1576 1615 1637; x_wconf 92' lang='lat' dir='ltr'>nibil</span> <span class='ocrx_word' id='word_1_95' title='bbox 1633 1574 1755 1655; x_wconf 88' lang='lat' dir='ltr'>loquan-</span> 
     </span>
     <span class='ocr_line' id='line_1_10' title="bbox 473 1661 1754 1757; baseline 0 -19"><span class='ocrx_word' id='word_1_96' title='bbox 473 1687 520 1740; x_wconf 86' lang='lat' dir='ltr'>tur</span> <span class='ocrx_word' id='word_1_97' title='bbox 541 1678 690 1747; x_wconf 89' lang='lat' dir='ltr'>humines,</span> <span class='ocrx_word' id='word_1_98' title='bbox 713 1681 737 1739; x_wconf 92' lang='lat' dir='ltr'>si</span> <span class='ocrx_word' id='word_1_99' title='bbox 760 1684 861 1753; x_wconf 78' lang='lat' dir='ltr'>vestran</span> <span class='ocrx_word' id='word_1_100' title='bbox 883 1685 994 1739; x_wconf 75' lang='lat' dir='ltr'>naturae</span> <span class='ocrx_word' id='word_1_101' title='bbox 1016 1678 1130 1739; x_wconf 80' lang='lat' dir='ltr'>adversi</span> <span class='ocrx_word' id='word_1_102' title='bbox 1153 1680 1250 1747; x_wconf 76' lang='lat' dir='ltr'>eritiS,</span> <span class='ocrx_word' id='word_1_103' title='bbox 1279 1661 1315 1738; x_wconf 83' lang='lat' dir='ltr'>nt¹</span> <span class='ocrx_word' id='word_1_104' title='bbox 1334 1679 1362 1737; x_wconf 94' lang='lat' dir='ltr'>in</span> <span class='ocrx_word' id='word_1_105' title='bbox 1383 1679 1514 1739; x_wconf 82' lang='lat' dir='ltr'>facinore</span> <span class='ocrx_word' id='word_1_106' title='bbox 1535 1681 1667 1739; x_wconf 88' lang='lat' dir='ltr'>omniurn</span> <span class='ocrx_word' id='word_1_107' title='bbox 1688 1697 1754 1757; x_wconf 82' lang='lat' dir='ltr'>qnae</span> 
     </span>
     <span class='ocr_line' id='line_1_11' title="bbox 472 1766 1789 1861; baseline -0.004 -18"><span class='ocrx_word' id='word_1_108' title='bbox 472 1799 601 1861; x_wconf 86' lang='lat' dir='ltr'>unquam</span> <span class='ocrx_word' id='word_1_109' title='bbox 630 1787 797 1859; x_wconf 87' lang='lat' dir='ltr'>perpetrata</span> <span class='ocrx_word' id='word_1_110' title='bbox 819 1786 886 1840; x_wconf 89' lang='lat' dir='ltr'>snut</span> <span class='ocrx_word' id='word_1_111' title='bbox 908 1766 1111 1841; x_wconf 85' lang='lat' dir='ltr'>scelestissimo</span> <span class='ocrx_word' id='word_1_112' title='bbox 1137 1780 1329 1848; x_wconf 78' lang='lat' dir='ltr'>conniventis,</span> <span class='ocrx_word' id='word_1_113' title='bbox 1358 1781 1435 1859; x_wconf 86' lang='lat' dir='ltr'>banc</span> <span class='ocrx_word' id='word_1_114' title='bbox 1460 1801 1476 1842; x_wconf 92' lang='lat' dir='ltr'>a</span> <span class='ocrx_word' id='word_1_115' title='bbox 1504 1780 1586 1841; x_wconf 86' lang='lat' dir='ltr'>robis</span> <span class='ocrx_word' id='word_1_116' title='bbox 1608 1779 1751 1841; x_wconf 86' lang='lat' dir='ltr'>maculam</span> <span class='ocrx_word' id='word_1_117' title='bbox 1764 1796 1789 1838; x_wconf 84' lang='lat' dir='ltr'>ro</span> 
     </span>
     <span class='ocr_line' id='line_1_12' title="bbox 472 1882 1754 1960; baseline 0.002 -17"><span class='ocrx_word' id='word_1_118' title='bbox 472 1900 530 1944; x_wconf 93' lang='lat' dir='ltr'>non</span> <span class='ocrx_word' id='word_1_119' title='bbox 550 1882 738 1959; x_wconf 80' lang='lat' dir='ltr'>abstergutis,</span> <span class='ocrx_word' id='word_1_120' title='bbox 760 1888 819 1943; x_wconf 88' lang='lat' dir='ltr'>tarn</span> <span class='ocrx_word' id='word_1_121' title='bbox 841 1884 949 1960; x_wconf 92' lang='lat' dir='ltr'>turpis,</span> <span class='ocrx_word' id='word_1_122' title='bbox 970 1890 1029 1942; x_wconf 90' lang='lat' dir='ltr'>tam</span> <span class='ocrx_word' id='word_1_123' title='bbox 1054 1883 1181 1960; x_wconf 80' lang='lat' dir='ltr'>indignae</span> <span class='ocrx_word' id='word_1_124' title='bbox 1204 1884 1357 1943; x_wconf 87' lang='lat' dir='ltr'>Germanis</span> <span class='ocrx_word' id='word_1_125' title='bbox 1378 1883 1510 1943; x_wconf 89' lang='lat' dir='ltr'>muribus</span> <span class='ocrx_word' id='word_1_126' title='bbox 1537 1885 1682 1960; x_wconf 70' lang='lat' dir='ltr'>patientiae</span> <span class='ocrx_word' id='word_1_127' title='bbox 1704 1904 1754 1945; x_wconf 87' lang='lat' dir='ltr'>ro-</span> 
     </span>
     <span class='ocr_line' id='line_1_13' title="bbox 378 1984 1755 2067; baseline -0.001 -22"><span class='ocrx_word' id='word_1_128' title='bbox 378 2006 385 2030; x_wconf 87' lang='lat'>··</span> <span class='ocrx_word' id='word_1_129' title='bbox 404 1985 519 2067; x_wconf 54' lang='lat' dir='ltr'>§.tobis</span> <span class='ocrx_word' id='word_1_130' title='bbox 539 1986 647 2047; x_wconf 87' lang='lat' dir='ltr'>conscii</span> <span class='ocrx_word' id='word_1_131' title='bbox 669 1985 746 2059; x_wconf 88' lang='lat' dir='ltr'>sitis,</span> <span class='ocrx_word' id='word_1_132' title='bbox 769 1987 810 2045; x_wconf 91' lang='lat' dir='ltr'>sic</span> <span class='ocrx_word' id='word_1_133' title='bbox 833 1987 877 2045; x_wconf 91' lang='lat' dir='ltr'>ius</span> <span class='ocrx_word' id='word_1_134' title='bbox 897 1984 998 2062; x_wconf 82' lang='lat' dir='ltr'>sasque</span> <span class='ocrx_word' id='word_1_135' title='bbox 1012 1984 1191 2063; x_wconf 74' lang='lat' dir='ltr'>negligatis?</span> <span class='ocrx_word' id='word_1_136' title='bbox 1216 1986 1259 2045; x_wconf 81' lang='lat' dir='ltr'>dn</span> <span class='ocrx_word' id='word_1_137' title='bbox 1282 1986 1325 2045; x_wconf 87' lang='lat' dir='ltr'>las</span> <span class='ocrx_word' id='word_1_138' title='bbox 1350 1987 1376 2045; x_wconf 90' lang='lat' dir='ltr'>ei</span> <span class='ocrx_word' id='word_1_139' title='bbox 1399 1984 1494 2046; x_wconf 87' lang='lat' dir='ltr'>lucem</span> <span class='ocrx_word' id='word_1_140' title='bbox 1510 1987 1616 2046; x_wconf 89' lang='lat' dir='ltr'>intueri</span> <span class='ocrx_word' id='word_1_141' title='bbox 1633 1987 1683 2064; x_wconf 88' lang='lat' dir='ltr'>qni</span> <span class='ocrx_word' id='word_1_142' title='bbox 1701 1985 1755 2045; x_wconf 91' lang='lat' dir='ltr'>bo-</span> 
     </span>
     <span class='ocr_line' id='line_1_14' title="bbox 472 2085 1756 2166; baseline -0.001 -18"><span class='ocrx_word' id='word_1_143' title='bbox 472 2089 579 2148; x_wconf 89' lang='lat' dir='ltr'>minem</span> <span class='ocrx_word' id='word_1_144' title='bbox 603 2086 725 2147; x_wconf 75' lang='lat' dir='ltr'>occidit?</span> <span class='ocrx_word' id='word_1_145' title='bbox 747 2086 803 2146; x_wconf 89' lang='lat' dir='ltr'>Fas</span> <span class='ocrx_word' id='word_1_146' title='bbox 827 2105 890 2147; x_wconf 90' lang='lat' dir='ltr'>esse</span> <span class='ocrx_word' id='word_1_147' title='bbox 911 2086 1020 2163; x_wconf 71' lang='lat' dir='ltr'>putuiti</span> <span class='ocrx_word' id='word_1_148' title='bbox 1048 2087 1099 2146; x_wconf 89' lang='lat' dir='ltr'>sed</span> <span class='ocrx_word' id='word_1_149' title='bbox 1127 2088 1181 2147; x_wconf 89' lang='lat' dir='ltr'>iste</span> <span class='ocrx_word' id='word_1_150' title='bbox 1206 2089 1332 2148; x_wconf 88' lang='lat' dir='ltr'>amicum</span> <span class='ocrx_word' id='word_1_151' title='bbox 1358 2096 1386 2148; x_wconf 90' lang='lat' dir='ltr'>et</span> <span class='ocrx_word' id='word_1_152' title='bbox 1409 2085 1595 2154; x_wconf 79' lang='lat' dir='ltr'>familiarem,</span> <span class='ocrx_word' id='word_1_153' title='bbox 1630 2106 1756 2166; x_wconf 82' lang='lat' dir='ltr'>eumque</span> 
     </span>
     <span class='ocr_line' id='line_1_15' title="bbox 419 2187 1757 2266; baseline -0.001 -16"><span class='ocrx_word' id='word_1_154' title='bbox 419 2212 428 2231; x_wconf 88' lang='lat'><strong>·</strong></span> <span class='ocrx_word' id='word_1_155' title='bbox 470 2191 657 2250; x_wconf 82' lang='lat' dir='ltr'>innocentem</span> <span class='ocrx_word' id='word_1_156' title='bbox 683 2195 712 2248; x_wconf 92' lang='lat' dir='ltr'>et</span> <span class='ocrx_word' id='word_1_157' title='bbox 738 2188 775 2248; x_wconf 92' lang='lat' dir='ltr'>de</span> <span class='ocrx_word' id='word_1_158' title='bbox 802 2206 833 2249; x_wconf 90' lang='lat' dir='ltr'>se</span> <span class='ocrx_word' id='word_1_159' title='bbox 862 2189 970 2266; x_wconf 91' lang='lat' dir='ltr'>optime</span> <span class='ocrx_word' id='word_1_160' title='bbox 990 2190 1126 2249; x_wconf 88' lang='lat' dir='ltr'>meritum</span> <span class='ocrx_word' id='word_1_161' title='bbox 1155 2188 1295 2266; x_wconf 85' lang='lat' dir='ltr'>prodidit,</span> <span class='ocrx_word' id='word_1_162' title='bbox 1323 2191 1469 2251; x_wconf 86' lang='lat' dir='ltr'>interemit</span> <span class='ocrx_word' id='word_1_163' title='bbox 1497 2209 1530 2249; x_wconf 93' lang='lat' dir='ltr'>ac</span> <span class='ocrx_word' id='word_1_164' title='bbox 1553 2196 1669 2250; x_wconf 91' lang='lat' dir='ltr'>mortuo</span> <span class='ocrx_word' id='word_1_165' title='bbox 1692 2187 1757 2249; x_wconf 94' lang='lat' dir='ltr'>illu·</span> 
     </span>
     <span class='ocr_line' id='line_1_16' title="bbox 471 2274 1790 2371; baseline -0.003 -19"><span class='ocrx_word' id='word_1_166' title='bbox 471 2293 521 2352; x_wconf 86' lang='lat' dir='ltr'>sit:</span> <span class='ocrx_word' id='word_1_167' title='bbox 543 2291 667 2370; x_wconf 83' lang='lat' dir='ltr'>proinde</span> <span class='ocrx_word' id='word_1_168' title='bbox 689 2274 835 2351; x_wconf 88' lang='lat' dir='ltr'>summum</span> <span class='ocrx_word' id='word_1_169' title='bbox 858 2290 927 2350; x_wconf 89' lang='lat' dir='ltr'>binc</span> <span class='ocrx_word' id='word_1_170' title='bbox 951 2290 988 2351; x_wconf 95' lang='lat' dir='ltr'>ad</span> <span class='ocrx_word' id='word_1_171' title='bbox 1010 2310 1061 2351; x_wconf 85' lang='lat' dir='ltr'>ros</span> <span class='ocrx_word' id='word_1_172' title='bbox 1090 2291 1219 2351; x_wconf 88' lang='lat' dir='ltr'>dedecus</span> <span class='ocrx_word' id='word_1_173' title='bbox 1244 2291 1407 2369; x_wconf 89' lang='lat' dir='ltr'>pertinere,</span> <span class='ocrx_word' id='word_1_174' title='bbox 1432 2311 1495 2371; x_wconf 70' lang='lat' dir='ltr'>non¹</span> <span class='ocrx_word' id='word_1_175' title='bbox 1516 2299 1612 2370; x_wconf 89' lang='lat' dir='ltr'>potest</span> <span class='ocrx_word' id='word_1_176' title='bbox 1632 2291 1755 2353; x_wconf 90' lang='lat' dir='ltr'>dubium</span> <span class='ocrx_word' id='word_1_177' title='bbox 1767 2309 1790 2349; x_wconf 87' lang='lat' dir='ltr'>rs</span> 
     </span>
     <span class='ocr_line' id='line_1_17' title="bbox 471 2390 1756 2471; baseline -0.001 -18"><span class='ocrx_word' id='word_1_178' title='bbox 471 2404 544 2454; x_wconf 87' lang='lat' dir='ltr'>esse.</span> <span class='ocrx_word' id='word_1_179' title='bbox 574 2392 610 2453; x_wconf 88' lang='lat' dir='ltr'>de</span> <span class='ocrx_word' id='word_1_180' title='bbox 630 2392 760 2471; x_wconf 88' lang='lat' dir='ltr'>periculo</span> <span class='ocrx_word' id='word_1_181' title='bbox 782 2412 850 2453; x_wconf 88' lang='lat' dir='ltr'>vero</span> <span class='ocrx_word' id='word_1_182' title='bbox 873 2393 915 2452; x_wconf 89' lang='lat' dir='ltr'>sic</span> <span class='ocrx_word' id='word_1_183' title='bbox 936 2392 1040 2453; x_wconf 87' lang='lat' dir='ltr'>lrubet:</span> <span class='ocrx_word' id='word_1_184' title='bbox 1063 2394 1190 2471; x_wconf 91' lang='lat' dir='ltr'>primum</span> <span class='ocrx_word' id='word_1_185' title='bbox 1212 2390 1283 2453; x_wconf 88' lang='lat' dir='ltr'>nihil</span> <span class='ocrx_word' id='word_1_186' title='bbox 1305 2411 1364 2453; x_wconf 92' lang='lat' dir='ltr'>non</span> <span class='ocrx_word' id='word_1_187' title='bbox 1384 2394 1502 2455; x_wconf 85' lang='lat' dir='ltr'>audebit</span> <span class='ocrx_word' id='word_1_188' title='bbox 1517 2393 1575 2453; x_wconf 92' lang='lat' dir='ltr'>sibi·</span> <span class='ocrx_word' id='word_1_189' title='bbox 1595 2396 1756 2462; x_wconf 90' lang='lat' dir='ltr'>restitutus,</span> 
     </span>
     <span class='ocr_line' id='line_1_18' title="bbox 471 2493 1756 2573; baseline 0.001 -18"><span class='ocrx_word' id='word_1_190' title='bbox 471 2497 520 2573; x_wconf 89' lang='lat' dir='ltr'>qui</span> <span class='ocrx_word' id='word_1_191' title='bbox 541 2503 599 2554; x_wconf 91' lang='lat' dir='ltr'>tarn</span> <span class='ocrx_word' id='word_1_192' title='bbox 619 2493 760 2555; x_wconf 87' lang='lat' dir='ltr'>violenter</span> <span class='ocrx_word' id='word_1_193' title='bbox 780 2495 809 2556; x_wconf 91' lang='lat' dir='ltr'>in</span> <span class='ocrx_word' id='word_1_194' title='bbox 832 2513 949 2572; x_wconf 87' lang='lat' dir='ltr'>senrper</span> <span class='ocrx_word' id='word_1_195' title='bbox 972 2493 1091 2554; x_wconf 77' lang='lat' dir='ltr'>illaesam</span> <span class='ocrx_word' id='word_1_196' title='bbox 1112 2495 1209 2557; x_wconf 87' lang='lat' dir='ltr'>buius.</span> <span class='ocrx_word' id='word_1_197' title='bbox 1227 2495 1338 2555; x_wconf 90' lang='lat' dir='ltr'>ordinis</span> <span class='ocrx_word' id='word_1_198' title='bbox 1358 2495 1521 2557; x_wconf 89' lang='lat' dir='ltr'>libertatem</span> <span class='ocrx_word' id='word_1_199' title='bbox 1545 2496 1629 2557; x_wconf 92' lang='lat' dir='ltr'>irruit</span> <span class='ocrx_word' id='word_1_200' title='bbox 1650 2496 1756 2565; x_wconf 89' lang='lat' dir='ltr'>semel;</span> 
     </span>
     <span class='ocr_line' id='line_1_19' title="bbox 472 2595 1756 2676; baseline 0.001 -19"><span class='ocrx_word' id='word_1_201' title='bbox 472 2596 578 2657; x_wconf 91' lang='lat' dir='ltr'>deinde</span> <span class='ocrx_word' id='word_1_202' title='bbox 597 2595 731 2674; x_wconf 89' lang='lat' dir='ltr'>publicus</span> <span class='ocrx_word' id='word_1_203' title='bbox 754 2616 852 2660; x_wconf 90' lang='lat' dir='ltr'>mores</span> <span class='ocrx_word' id='word_1_204' title='bbox 872 2604 1043 2675; x_wconf 81' lang='lat' dir='ltr'>corrumpet</span> <span class='ocrx_word' id='word_1_205' title='bbox 1064 2596 1189 2674; x_wconf 86' lang='lat' dir='ltr'>exempli</span> <span class='ocrx_word' id='word_1_206' title='bbox 1209 2598 1300 2674; x_wconf 88' lang='lat' dir='ltr'>ipsius</span> <span class='ocrx_word' id='word_1_207' title='bbox 1319 2598 1504 2674; x_wconf 79' lang='lat' dir='ltr'>magnitudo:</span> <span class='ocrx_word' id='word_1_208' title='bbox 1527 2616 1563 2658; x_wconf 91' lang='lat' dir='ltr'>an</span> <span class='ocrx_word' id='word_1_209' title='bbox 1582 2599 1700 2676; x_wconf 84' lang='lat' dir='ltr'>segnius</span> <span class='ocrx_word' id='word_1_210' title='bbox 1720 2597 1756 2658; x_wconf 88' lang='lat' dir='ltr'>ad</span> 
     </span>
     <span class='ocr_line' id='line_1_20' title="bbox 392 2683 1756 2778; baseline -0.001 -17"><span class='ocrx_word' id='word_1_211' title='bbox 392 2689 654 2778; x_wconf 64' lang='lat' dir='ltr'>&#39;ree‘peccandum</span> <span class='ocrx_word' id='word_1_212' title='bbox 677 2700 718 2760; x_wconf 88' lang='lat' dir='ltr'>sic</span> <span class='ocrx_word' id='word_1_213' title='bbox 739 2698 890 2760; x_wconf 90' lang='lat' dir='ltr'>absolutus</span> <span class='ocrx_word' id='word_1_214' title='bbox 912 2699 1031 2761; x_wconf 90' lang='lat' dir='ltr'>accedet</span> <span class='ocrx_word' id='word_1_215' title='bbox 1059 2717 1146 2776; x_wconf 84' lang='lat' dir='ltr'>quarn</span> <span class='ocrx_word' id='word_1_216' title='bbox 1176 2718 1270 2777; x_wconf 92' lang='lat' dir='ltr'>nuper</span> <span class='ocrx_word' id='word_1_217' title='bbox 1298 2683 1376 2760; x_wconf 89' lang='lat' dir='ltr'>haud</span> <span class='ocrx_word' id='word_1_218' title='bbox 1404 2699 1473 2759; x_wconf 90' lang='lat' dir='ltr'>dum</span> <span class='ocrx_word' id='word_1_219' title='bbox 1501 2701 1587 2760; x_wconf 82' lang='lat' dir='ltr'>reus?</span> <span class='ocrx_word' id='word_1_220' title='bbox 1619 2699 1756 2761; x_wconf 86' lang='lat' dir='ltr'>Proiecto</span> 
     </span>
     <span class='ocr_line' id='line_1_21' title="bbox 471 2800 1789 2873; baseline 0.002 -12"><span class='ocrx_word' id='word_1_221' title='bbox 471 2800 560 2862; x_wconf 89' lang='lat' dir='ltr'>multa</span> <span class='ocrx_word' id='word_1_222' title='bbox 581 2820 632 2861; x_wconf 87' lang='lat' dir='ltr'>ros</span> <span class='ocrx_word' id='word_1_223' title='bbox 656 2802 846 2863; x_wconf 88' lang='lat' dir='ltr'>circumstant</span> <span class='ocrx_word' id='word_1_224' title='bbox 859 2802 1006 2862; x_wconf 88' lang='lat' dir='ltr'>horrenda</span> <span class='ocrx_word' id='word_1_225' title='bbox 1023 2808 1051 2861; x_wconf 90' lang='lat' dir='ltr'>et</span> <span class='ocrx_word' id='word_1_226' title='bbox 1069 2803 1194 2862; x_wconf 88' lang='lat' dir='ltr'>atrocia:</span> <span class='ocrx_word' id='word_1_227' title='bbox 1215 2804 1269 2862; x_wconf 88' lang='lat' dir='ltr'>scit</span> <span class='ocrx_word' id='word_1_228' title='bbox 1288 2804 1342 2862; x_wconf 87' lang='lat' dir='ltr'>iste</span> <span class='ocrx_word' id='word_1_229' title='bbox 1362 2803 1490 2863; x_wconf 90' lang='lat' dir='ltr'>omnium</span> <span class='ocrx_word' id='word_1_230' title='bbox 1512 2802 1578 2862; x_wconf 90' lang='lat' dir='ltr'>odio</span> <span class='ocrx_word' id='word_1_231' title='bbox 1598 2804 1690 2863; x_wconf 89' lang='lat' dir='ltr'>teneri</span> <span class='ocrx_word' id='word_1_232' title='bbox 1710 2814 1789 2873; x_wconf 83' lang='lat' dir='ltr'>se‚²⁰</span> 
     </span>
     <span class='ocr_line' id='line_1_22' title="bbox 471 2902 1755 2983; baseline 0 -19"><span class='ocrx_word' id='word_1_233' title='bbox 471 2911 499 2964; x_wconf 89' lang='lat' dir='ltr'>et</span> <span class='ocrx_word' id='word_1_234' title='bbox 520 2904 588 2966; x_wconf 90' lang='lat' dir='ltr'>odio</span> <span class='ocrx_word' id='word_1_235' title='bbox 612 2922 676 2964; x_wconf 90' lang='lat' dir='ltr'>esse</span> <span class='ocrx_word' id='word_1_236' title='bbox 697 2902 788 2972; x_wconf 78' lang='lat' dir='ltr'>rolet;</span> <span class='ocrx_word' id='word_1_237' title='bbox 812 2905 866 2964; x_wconf 92' lang='lat' dir='ltr'>scit</span> <span class='ocrx_word' id='word_1_238' title='bbox 886 2922 945 2963; x_wconf 90' lang='lat' dir='ltr'>nou</span> <span class='ocrx_word' id='word_1_239' title='bbox 969 2904 1094 2964; x_wconf 88' lang='lat' dir='ltr'>obscure</span> <span class='ocrx_word' id='word_1_240' title='bbox 1116 2919 1243 2982; x_wconf 84' lang='lat' dir='ltr'>quorum</span> <span class='ocrx_word' id='word_1_241' title='bbox 1271 2904 1382 2964; x_wconf 89' lang='lat' dir='ltr'>iudiciis</span> <span class='ocrx_word' id='word_1_242' title='bbox 1411 2923 1498 2983; x_wconf 82' lang='lat' dir='ltr'>quarn</span> <span class='ocrx_word' id='word_1_243' title='bbox 1524 2906 1677 2964; x_wconf 87' lang='lat' dir='ltr'>mauilosto</span> <span class='ocrx_word' id='word_1_244' title='bbox 1703 2904 1755 2964; x_wconf 88' lang='lat' dir='ltr'>lra-</span> 
     </span>
     <span class='ocr_line' id='line_1_23' title="bbox 469 3004 1754 3075; baseline 0 -8"><span class='ocrx_word' id='word_1_245' title='bbox 469 3006 529 3067; x_wconf 90' lang='lat' dir='ltr'>bito</span> <span class='ocrx_word' id='word_1_246' title='bbox 551 3024 689 3067; x_wconf 88' lang='lat' dir='ltr'>sermone</span> <span class='ocrx_word' id='word_1_247' title='bbox 708 3005 862 3066; x_wconf 89' lang='lat' dir='ltr'>damnatus</span> <span class='ocrx_word' id='word_1_248' title='bbox 884 3008 935 3075; x_wconf 88' lang='lat' dir='ltr'>sit;</span> <span class='ocrx_word' id='word_1_249' title='bbox 958 3005 1035 3067; x_wconf 87' lang='lat' dir='ltr'>volet</span> <span class='ocrx_word' id='word_1_250' title='bbox 1056 3004 1173 3075; x_wconf 90' lang='lat' dir='ltr'>ulcisci,</span> <span class='ocrx_word' id='word_1_251' title='bbox 1202 3006 1279 3067; x_wconf 78' lang='lat' dir='ltr'>volet</span> <span class='ocrx_word' id='word_1_252' title='bbox 1302 3005 1377 3066; x_wconf 91' lang='lat' dir='ltr'>istud</span> <span class='ocrx_word' id='word_1_253' title='bbox 1401 3024 1452 3065; x_wconf 90' lang='lat' dir='ltr'>sua</span> <span class='ocrx_word' id='word_1_254' title='bbox 1481 3007 1565 3066; x_wconf 86' lang='lat' dir='ltr'>ruina</span> <span class='ocrx_word' id='word_1_255' title='bbox 1587 3007 1754 3067; x_wconf 89' lang='lat' dir='ltr'>incendium</span> 
     </span>
     <span class='ocr_line' id='line_1_24' title="bbox 469 3107 1755 3186; baseline -0.002 -17"><span class='ocrx_word' id='word_1_256' title='bbox 469 3110 654 3186; x_wconf 82' lang='lat' dir='ltr'>extinguere:</span> <span class='ocrx_word' id='word_1_257' title='bbox 677 3108 792 3168; x_wconf 90' lang='lat' dir='ltr'>iuterim</span> <span class='ocrx_word' id='word_1_258' title='bbox 815 3108 1011 3169; x_wconf 82' lang='lat' dir='ltr'>devastabitur</span> <span class='ocrx_word' id='word_1_259' title='bbox 1034 3110 1204 3177; x_wconf 87' lang='lat' dir='ltr'>Germania,</span> <span class='ocrx_word' id='word_1_260' title='bbox 1228 3126 1280 3167; x_wconf 85' lang='lat' dir='ltr'>nos</span> <span class='ocrx_word' id='word_1_261' title='bbox 1301 3107 1477 3177; x_wconf 84' lang='lat' dir='ltr'>exereitum,</span> <span class='ocrx_word' id='word_1_262' title='bbox 1500 3126 1569 3168; x_wconf 90' lang='lat' dir='ltr'>suos</span> <span class='ocrx_word' id='word_1_263' title='bbox 1591 3108 1644 3168; x_wconf 93' lang='lat' dir='ltr'>iste</span> <span class='ocrx_word' id='word_1_264' title='bbox 1664 3107 1755 3168; x_wconf 92' lang='lat' dir='ltr'>latro·</span> 
     </span>
     <span class='ocr_line' id='line_1_25' title="bbox 397 3208 1753 3290; baseline -0.001 -17"><span class='ocrx_word' id='word_1_265' title='bbox 397 3268 400 3273; x_wconf 91' lang='lat'>.</span> <span class='ocrx_word' id='word_1_266' title='bbox 469 3228 521 3271; x_wconf 92' lang='lat' dir='ltr'>nes</span> <span class='ocrx_word' id='word_1_267' title='bbox 540 3218 682 3289; x_wconf 84' lang='lat' dir='ltr'>exponet,</span> <span class='ocrx_word' id='word_1_268' title='bbox 709 3211 849 3288; x_wconf 83' lang='lat' dir='ltr'>sanguiue</span> <span class='ocrx_word' id='word_1_269' title='bbox 871 3219 988 3288; x_wconf 84' lang='lat' dir='ltr'>agetur,</span> <span class='ocrx_word' id='word_1_270' title='bbox 1013 3213 1083 3290; x_wconf 82' lang='lat' dir='ltr'>iguo</span> <span class='ocrx_word' id='word_1_271' title='bbox 1111 3230 1145 3270; x_wconf 91' lang='lat' dir='ltr'>ac</span> <span class='ocrx_word' id='word_1_272' title='bbox 1173 3211 1253 3270; x_wconf 89' lang='lat' dir='ltr'>lerro</span> <span class='ocrx_word' id='word_1_273' title='bbox 1283 3208 1465 3287; x_wconf 83' lang='lat' dir='ltr'>confligetur.</span> <span class='ocrx_word' id='word_1_274' title='bbox 1511 3217 1628 3288; x_wconf 77' lang='lat' dir='ltr'>prnsus</span> <span class='ocrx_word' id='word_1_275' title='bbox 1655 3213 1753 3272; x_wconf 88' lang='lat' dir='ltr'>omnia</span> 
     </span>
     <span class='ocr_line' id='line_1_26' title="bbox 469 3310 1788 3400; baseline -0.004 -28"><span class='ocrx_word' id='word_1_276' title='bbox 469 3313 586 3374; x_wconf 89' lang='lat' dir='ltr'>misceri</span> <span class='ocrx_word' id='word_1_277' title='bbox 608 3311 739 3373; x_wconf 89' lang='lat' dir='ltr'>cladibus</span> <span class='ocrx_word' id='word_1_278' title='bbox 761 3330 848 3390; x_wconf 83' lang='lat' dir='ltr'>quarn</span> <span class='ocrx_word' id='word_1_279' title='bbox 870 3331 929 3378; x_wconf 94' lang='lat' dir='ltr'>uno</span> <span class='ocrx_word' id='word_1_280' title='bbox 949 3312 1053 3381; x_wconf 82' lang='lat' dir='ltr'>verbo,</span> <span class='ocrx_word' id='word_1_281' title='bbox 1077 3331 1133 3373; x_wconf 91' lang='lat' dir='ltr'>una</span> <span class='ocrx_word' id='word_1_282' title='bbox 1152 3310 1321 3373; x_wconf 87' lang='lat' dir='ltr'>sententiola</span> <span class='ocrx_word' id='word_1_283' title='bbox 1345 3312 1432 3373; x_wconf 91' lang='lat' dir='ltr'>buius</span> <span class='ocrx_word' id='word_1_284' title='bbox 1453 3313 1565 3400; x_wconf 85' lang='lat' dir='ltr'>concidi</span> <span class='ocrx_word' id='word_1_285' title='bbox 1587 3314 1788 3373; x_wconf 81' lang='lat' dir='ltr'>vesaniamtrs</span> 
     </span>
     <span class='ocr_line' id='line_1_27' title="bbox 401 3414 1753 3494; baseline -0.002 -16"><span class='ocrx_word' id='word_1_286' title='bbox 401 3427 459 3478; x_wconf 72' lang='lat' dir='ltr'>§.er</span> <span class='ocrx_word' id='word_1_287' title='bbox 469 3414 552 3493; x_wconf 76' lang='lat' dir='ltr'>Agite</span> <span class='ocrx_word' id='word_1_288' title='bbox 573 3432 642 3475; x_wconf 86' lang='lat' dir='ltr'>reru</span> <span class='ocrx_word' id='word_1_289' title='bbox 666 3433 731 3493; x_wconf 86' lang='lat' dir='ltr'>qnae</span> <span class='ocrx_word' id='word_1_290' title='bbox 751 3422 819 3476; x_wconf 88' lang='lat' dir='ltr'>snut</span> <span class='ocrx_word' id='word_1_291' title='bbox 840 3422 987 3492; x_wconf 88' lang='lat' dir='ltr'>tempora,</span> <span class='ocrx_word' id='word_1_292' title='bbox 1011 3417 1061 3494; x_wconf 87' lang='lat' dir='ltr'>qui</span> <span class='ocrx_word' id='word_1_293' title='bbox 1083 3434 1182 3475; x_wconf 92' lang='lat' dir='ltr'>rernm</span> <span class='ocrx_word' id='word_1_294' title='bbox 1207 3415 1318 3473; x_wconf 80' lang='lat' dir='ltr'>status?</span> <span class='ocrx_word' id='word_1_295' title='bbox 1350 3423 1430 3475; x_wconf 89' lang='lat' dir='ltr'>certe</span> <span class='ocrx_word' id='word_1_296' title='bbox 1455 3433 1513 3474; x_wconf 91' lang='lat' dir='ltr'>non</span> <span class='ocrx_word' id='word_1_297' title='bbox 1539 3423 1597 3474; x_wconf 90' lang='lat' dir='ltr'>tam</span> <span class='ocrx_word' id='word_1_298' title='bbox 1619 3422 1753 3492; x_wconf 86' lang='lat' dir='ltr'>spectare</span> 
     </span>
     <span class='ocr_line' id='line_1_28' title="bbox 469 3516 1752 3596; baseline 0.002 -21"><span class='ocrx_word' id='word_1_299' title='bbox 469 3534 519 3576; x_wconf 88' lang='lat' dir='ltr'>vos</span> <span class='ocrx_word' id='word_1_300' title='bbox 538 3523 654 3595; x_wconf 90' lang='lat' dir='ltr'>oportet</span> <span class='ocrx_word' id='word_1_301' title='bbox 676 3517 744 3595; x_wconf 90' lang='lat' dir='ltr'>quid</span> <span class='ocrx_word' id='word_1_302' title='bbox 767 3535 883 3596; x_wconf 88' lang='lat' dir='ltr'>semper</span> <span class='ocrx_word' id='word_1_303' title='bbox 902 3517 1088 3578; x_wconf 88' lang='lat' dir='ltr'>statuendum</span> <span class='ocrx_word' id='word_1_304' title='bbox 1112 3518 1157 3586; x_wconf 90' lang='lat' dir='ltr'>sit,</span> <span class='ocrx_word' id='word_1_305' title='bbox 1180 3535 1267 3594; x_wconf 88' lang='lat' dir='ltr'>quarn</span> <span class='ocrx_word' id='word_1_306' title='bbox 1283 3517 1352 3595; x_wconf 91' lang='lat' dir='ltr'>qnid</span> <span class='ocrx_word' id='word_1_307' title='bbox 1368 3535 1446 3577; x_wconf 89' lang='lat' dir='ltr'>nunc</span> <span class='ocrx_word' id='word_1_308' title='bbox 1467 3523 1496 3577; x_wconf 93' lang='lat' dir='ltr'>ct</span> <span class='ocrx_word' id='word_1_309' title='bbox 1511 3516 1557 3576; x_wconf 91' lang='lat' dir='ltr'>bis</span> <span class='ocrx_word' id='word_1_310' title='bbox 1573 3534 1674 3577; x_wconf 90' lang='lat' dir='ltr'>rerum</span> <span class='ocrx_word' id='word_1_311' title='bbox 1689 3536 1752 3578; x_wconf 88' lang='lat' dir='ltr'>rno-</span> 
     </span>
     <span class='ocr_line' id='line_1_29' title="bbox 468 3617 1752 3697; baseline 0.001 -19"><span class='ocrx_word' id='word_1_312' title='bbox 468 3618 561 3681; x_wconf 92' lang='lat' dir='ltr'>tibus:</span> <span class='ocrx_word' id='word_1_313' title='bbox 583 3617 693 3679; x_wconf 90' lang='lat' dir='ltr'>bellum</span> <span class='ocrx_word' id='word_1_314' title='bbox 716 3619 858 3679; x_wconf 86' lang='lat' dir='ltr'>incumbit</span> <span class='ocrx_word' id='word_1_315' title='bbox 879 3638 962 3687; x_wconf 90' lang='lat' dir='ltr'>aere,</span> <span class='ocrx_word' id='word_1_316' title='bbox 987 3619 1214 3696; x_wconf 77' lang='lat' dir='ltr'>periculosum,</span> <span class='ocrx_word' id='word_1_317' title='bbox 1229 3637 1287 3678; x_wconf 90' lang='lat' dir='ltr'>uon</span> <span class='ocrx_word' id='word_1_318' title='bbox 1307 3618 1501 3679; x_wconf 84' lang='lat' dir='ltr'>Mediolanum</span> <span class='ocrx_word' id='word_1_319' title='bbox 1524 3620 1580 3679; x_wconf 86' lang='lat' dir='ltr'>iarn</span> <span class='ocrx_word' id='word_1_320' title='bbox 1603 3619 1752 3697; x_wconf 90' lang='lat' dir='ltr'>eripienti-</span> 
     </span>
     <span class='ocr_line' id='line_1_30' title="bbox 466 3719 1751 3800; baseline 0.001 -20"><span class='ocrx_word' id='word_1_321' title='bbox 466 3719 522 3780; x_wconf 91' lang='lat' dir='ltr'>bus</span> <span class='ocrx_word' id='word_1_322' title='bbox 545 3721 649 3790; x_wconf 78' lang='lat' dir='ltr'>Gallie,</span> <span class='ocrx_word' id='word_1_323' title='bbox 671 3720 721 3782; x_wconf 90' lang='lat' dir='ltr'>sed</span> <span class='ocrx_word' id='word_1_324' title='bbox 742 3738 818 3799; x_wconf 87' lang='lat' dir='ltr'>pene</span> <span class='ocrx_word' id='word_1_325' title='bbox 838 3724 913 3781; x_wconf 83' lang='lat' dir='ltr'>intre</span> <span class='ocrx_word' id='word_1_326' title='bbox 935 3723 1009 3782; x_wconf 84' lang='lat' dir='ltr'>fines</span> <span class='ocrx_word' id='word_1_327' title='bbox 1025 3721 1189 3783; x_wconf 74' lang='lat' dir='ltr'>Germanice</span> <span class='ocrx_word' id='word_1_328' title='bbox 1210 3740 1290 3781; x_wconf 89' lang='lat' dir='ltr'>arma</span> <span class='ocrx_word' id='word_1_329' title='bbox 1313 3721 1492 3797; x_wconf 80' lang='lat' dir='ltr'>gerentibus.</span> <span class='ocrx_word' id='word_1_330' title='bbox 1531 3721 1598 3800; x_wconf 86' lang='lat' dir='ltr'>quid</span> <span class='ocrx_word' id='word_1_331' title='bbox 1621 3721 1676 3782; x_wconf 89' lang='lat' dir='ltr'>sibi</span> <span class='ocrx_word' id='word_1_332' title='bbox 1693 3740 1751 3781; x_wconf 93' lang='lat' dir='ltr'>non</span> 
     </span>
     <span class='ocr_line' id='line_1_31' title="bbox 467 3803 1787 3902; baseline -0.001 -19"><span class='ocrx_word' id='word_1_333' title='bbox 467 3823 626 3884; x_wconf 91' lang='lat' dir='ltr'>condonari</span> <span class='ocrx_word' id='word_1_334' title='bbox 649 3822 745 3884; x_wconf 86' lang='lat' dir='ltr'>volent</span> <span class='ocrx_word' id='word_1_335' title='bbox 767 3822 881 3892; x_wconf 86' lang='lat' dir='ltr'>Geldri,</span> <span class='ocrx_word' id='word_1_336' title='bbox 905 3826 928 3884; x_wconf 92' lang='lat' dir='ltr'>si</span> <span class='ocrx_word' id='word_1_337' title='bbox 950 3826 1037 3885; x_wconf 93' lang='lat' dir='ltr'>istum</span> <span class='ocrx_word' id='word_1_338' title='bbox 1058 3825 1205 3902; x_wconf 78' lang='lat' dir='ltr'>integrum</span> <span class='ocrx_word' id='word_1_339' title='bbox 1221 3803 1363 3883; x_wconf 76' lang='lat' dir='ltr'>viderint?¹</span> <span class='ocrx_word' id='word_1_340' title='bbox 1382 3822 1454 3885; x_wconf 90' lang='lat' dir='ltr'>Galli</span> <span class='ocrx_word' id='word_1_341' title='bbox 1469 3841 1540 3883; x_wconf 78' lang='lat' dir='ltr'>nero</span> <span class='ocrx_word' id='word_1_342' title='bbox 1557 3822 1624 3902; x_wconf 85' lang='lat' dir='ltr'>qrdd</span> <span class='ocrx_word' id='word_1_343' title='bbox 1643 3825 1787 3884; x_wconf 85' lang='lat' dir='ltr'>nostris³⁰</span> 
     </span>
     <span class='ocr_line' id='line_1_32' title="bbox 466 3924 1751 4004; baseline 0 -20"><span class='ocrx_word' id='word_1_344' title='bbox 466 3924 580 4004; x_wconf 83' lang='lat' dir='ltr'>legibus</span> <span class='ocrx_word' id='word_1_345' title='bbox 601 3924 783 3994; x_wconf 87' lang='lat' dir='ltr'>dissolutius,</span> <span class='ocrx_word' id='word_1_346' title='bbox 806 3925 919 3985; x_wconf 89' lang='lat' dir='ltr'>iudiciis</span> <span class='ocrx_word' id='word_1_347' title='bbox 940 3925 1105 3995; x_wconf 80' lang='lat' dir='ltr'>invalidius,</span> <span class='ocrx_word' id='word_1_348' title='bbox 1135 3927 1192 3987; x_wconf 87' lang='lat' dir='ltr'>buc</span> <span class='ocrx_word' id='word_1_349' title='bbox 1221 3928 1343 4004; x_wconf 90' lang='lat' dir='ltr'>imperio</span> <span class='ocrx_word' id='word_1_350' title='bbox 1372 3927 1567 4002; x_wconf 88' lang='lat' dir='ltr'>contemptius</span> <span class='ocrx_word' id='word_1_351' title='bbox 1595 3925 1751 4004; x_wconf 91' lang='lat' dir='ltr'>putabunt,</span> 
     </span>
     <span class='ocr_line' id='line_1_33' title="bbox 467 4017 1752 4106; baseline 0 -19"><span class='ocrx_word' id='word_1_352' title='bbox 467 4029 624 4088; x_wconf 87' lang='lat' dir='ltr'>sitantum</span> <span class='ocrx_word' id='word_1_353' title='bbox 648 4028 783 4106; x_wconf 89' lang='lat' dir='ltr'>cuiquam</span> <span class='ocrx_word' id='word_1_354' title='bbox 806 4025 894 4088; x_wconf 85' lang='lat' dir='ltr'>licere</span> <span class='ocrx_word' id='word_1_355' title='bbox 915 4034 1056 4106; x_wconf 86' lang='lat' dir='ltr'>quantum</span> <span class='ocrx_word' id='word_1_356' title='bbox 1078 4027 1210 4097; x_wconf 91' lang='lat' dir='ltr'>libuerit,</span> <span class='ocrx_word' id='word_1_357' title='bbox 1233 4028 1258 4086; x_wconf 92' lang='lat' dir='ltr'>si</span> <span class='ocrx_word' id='word_1_358' title='bbox 1281 4028 1419 4104; x_wconf 90' lang='lat' dir='ltr'>impunita</span> <span class='ocrx_word' id='word_1_359' title='bbox 1441 4017 1606 4096; x_wconf 76' lang='lat' dir='ltr'>latrocinia,</span> <span class='ocrx_word' id='word_1_360' title='bbox 1630 4045 1752 4088; x_wconf 90' lang='lat' dir='ltr'>securos</span> 
     </span>
     <span class='ocr_line' id='line_1_34' title="bbox 465 4128 1751 4206; baseline -0.002 -16"><span class='ocrx_word' id='word_1_361' title='bbox 465 4129 610 4200; x_wconf 88' lang='lat' dir='ltr'>latrones,</span> <span class='ocrx_word' id='word_1_362' title='bbox 632 4128 831 4190; x_wconf 90' lang='lat' dir='ltr'>conculcatam</span> <span class='ocrx_word' id='word_1_363' title='bbox 855 4130 953 4206; x_wconf 75' lang='lat' dir='ltr'>legum</span> <span class='ocrx_word' id='word_1_364' title='bbox 977 4133 1010 4190; x_wconf 82' lang='lat' dir='ltr'>a&#39;c</span> <span class='ocrx_word' id='word_1_365' title='bbox 1033 4131 1104 4190; x_wconf 90' lang='lat' dir='ltr'>iuris</span> <span class='ocrx_word' id='word_1_366' title='bbox 1126 4131 1283 4197; x_wconf 89' lang='lat' dir='ltr'>rationem,</span> <span class='ocrx_word' id='word_1_367' title='bbox 1305 4137 1435 4189; x_wconf 88' lang='lat' dir='ltr'>nostram</span> <span class='ocrx_word' id='word_1_368' title='bbox 1450 4129 1612 4191; x_wconf 90' lang='lat' dir='ltr'>libertatem</span> <span class='ocrx_word' id='word_1_369' title='bbox 1629 4130 1658 4188; x_wconf 94' lang='lat' dir='ltr'>in</span> <span class='ocrx_word' id='word_1_370' title='bbox 1677 4147 1751 4206; x_wconf 70' lang='lat' dir='ltr'>prue-</span> 
     </span>
     <span class='ocr_line' id='line_1_35' title="bbox 466 4231 1750 4311; baseline -0.002 -18"><span class='ocrx_word' id='word_1_371' title='bbox 466 4233 559 4311; x_wconf 87' lang='lat' dir='ltr'>cipiti‚</span> <span class='ocrx_word' id='word_1_372' title='bbox 588 4239 721 4292; x_wconf 88' lang='lat' dir='ltr'>nostrum</span> <span class='ocrx_word' id='word_1_373' title='bbox 750 4233 921 4309; x_wconf 81' lang='lat' dir='ltr'>sanguinem</span> <span class='ocrx_word' id='word_1_374' title='bbox 951 4232 1043 4292; x_wconf 88' lang='lat' dir='ltr'>lururi</span> <span class='ocrx_word' id='word_1_375' title='bbox 1068 4251 1101 4291; x_wconf 91' lang='lat' dir='ltr'>ac</span> <span class='ocrx_word' id='word_1_376' title='bbox 1129 4233 1299 4291; x_wconf 91' lang='lat' dir='ltr'>immanitati</span> <span class='ocrx_word' id='word_1_377' title='bbox 1322 4231 1506 4292; x_wconf 88' lang='lat' dir='ltr'>audacissimi</span> <span class='ocrx_word' id='word_1_378' title='bbox 1529 4233 1670 4309; x_wconf 86' lang='lat' dir='ltr'>cuiusque</span> <span class='ocrx_word' id='word_1_379' title='bbox 1697 4231 1750 4291; x_wconf 92' lang='lat' dir='ltr'>ob·</span> 
     </span>
     <span class='ocr_line' id='line_1_36' title="bbox 398 4332 1784 4403; baseline -0.004 -8"><span class='ocrx_word' id='word_1_380' title='bbox 398 4337 585 4397; x_wconf 63' lang='lat' dir='ltr'>§.innoxium</span> <span class='ocrx_word' id='word_1_381' title='bbox 610 4334 751 4394; x_wconf 80' lang='lat' dir='ltr'>viderint?</span> <span class='ocrx_word' id='word_1_382' title='bbox 779 4333 875 4394; x_wconf 87' lang='lat' dir='ltr'>Tuum</span> <span class='ocrx_word' id='word_1_383' title='bbox 903 4352 972 4393; x_wconf 85' lang='lat' dir='ltr'>rero</span> <span class='ocrx_word' id='word_1_384' title='bbox 995 4350 1118 4402; x_wconf 90' lang='lat' dir='ltr'>nomen,</span> <span class='ocrx_word' id='word_1_385' title='bbox 1148 4332 1338 4394; x_wconf 81' lang='lat' dir='ltr'>blaximiliane</span> <span class='ocrx_word' id='word_1_386' title='bbox 1363 4335 1473 4403; x_wconf 81' lang='lat' dir='ltr'>Caesar,</span> <span class='ocrx_word' id='word_1_387' title='bbox 1500 4340 1531 4393; x_wconf 91' lang='lat' dir='ltr'>ut</span> <span class='ocrx_word' id='word_1_388' title='bbox 1555 4332 1784 4394; x_wconf 73' lang='lat' dir='ltr'>tractabitnr‘lto</span> 
     </span>
     <span class='ocr_line' id='line_1_37' title="bbox 464 4435 1749 4517; baseline -0.002 -19"><span class='ocrx_word' id='word_1_389' title='bbox 464 4440 514 4517; x_wconf 82' lang='lat' dir='ltr'>qui</span> <span class='ocrx_word' id='word_1_390' title='bbox 532 4439 569 4499; x_wconf 92' lang='lat' dir='ltr'>de</span> <span class='ocrx_word' id='word_1_391' title='bbox 591 4444 620 4498; x_wconf 92' lang='lat' dir='ltr'>te</span> <span class='ocrx_word' id='word_1_392' title='bbox 641 4453 792 4497; x_wconf 86' lang='lat' dir='ltr'>sermones</span> <span class='ocrx_word' id='word_1_393' title='bbox 815 4442 914 4503; x_wconf 88' lang='lat' dir='ltr'>erunt,</span> <span class='ocrx_word' id='word_1_394' title='bbox 938 4435 1015 4513; x_wconf 89' lang='lat' dir='ltr'>quod</span> <span class='ocrx_word' id='word_1_395' title='bbox 1036 4436 1144 4513; x_wconf 79' lang='lat' dir='ltr'>possim</span> <span class='ocrx_word' id='word_1_396' title='bbox 1170 4436 1326 4496; x_wconf 62' lang='lat' dir='ltr'>iudicium?</span> <span class='ocrx_word' id='word_1_397' title='bbox 1358 4437 1457 4497; x_wconf 78' lang='lat' dir='ltr'>busim</span> <span class='ocrx_word' id='word_1_398' title='bbox 1480 4435 1578 4505; x_wconf 85' lang='lat' dir='ltr'>dicere</span> <span class='ocrx_word' id='word_1_399' title='bbox 1605 4435 1749 4504; x_wconf 77' lang='lat' dir='ltr'>futurum,</span> 
     </span>
     <span class='ocr_line' id='line_1_38' title="bbox 465 4537 1749 4619; baseline -0.003 -18"><span class='ocrx_word' id='word_1_400' title='bbox 465 4548 498 4601; x_wconf 92' lang='lat' dir='ltr'>ut</span> <span class='ocrx_word' id='word_1_401' title='bbox 523 4541 680 4619; x_wconf 87' lang='lat' dir='ltr'>loquantur</span> <span class='ocrx_word' id='word_1_402' title='bbox 708 4539 821 4598; x_wconf 83' lang='lat' dir='ltr'>externi</span> <span class='ocrx_word' id='word_1_403' title='bbox 848 4553 934 4613; x_wconf 82' lang='lat' dir='ltr'>reges</span> <span class='ocrx_word' id='word_1_404' title='bbox 967 4537 1188 4615; x_wconf 83' lang='lat' dir='ltr'>‘Imperatorem</span> <span class='ocrx_word' id='word_1_405' title='bbox 1215 4537 1352 4615; x_wconf 87' lang='lat' dir='ltr'>imperio,</span> <span class='ocrx_word' id='word_1_406' title='bbox 1387 4539 1542 4614; x_wconf 89' lang='lat' dir='ltr'>imperium</span> <span class='ocrx_word' id='word_1_407' title='bbox 1571 4538 1749 4613; x_wconf 89' lang='lat' dir='ltr'>imperatore</span> 
     </span>
     <span class='ocr_line' id='line_1_39' title="bbox 391 4638 1748 4722; baseline -0.004 -18"><span class='ocrx_word' id='word_1_408' title='bbox 391 4675 396 4682; x_wconf 90' lang='lat'><strong>·</strong></span> <span class='ocrx_word' id='word_1_409' title='bbox 464 4642 569 4722; x_wconf 75' lang='lat' dir='ltr'>egere&#39;.</span> <span class='ocrx_word' id='word_1_410' title='bbox 610 4640 690 4720; x_wconf 89' lang='lat' dir='ltr'>quod</span> <span class='ocrx_word' id='word_1_411' title='bbox 710 4639 782 4700; x_wconf 92' lang='lat' dir='ltr'>nolit</span> <span class='ocrx_word' id='word_1_412' title='bbox 803 4639 875 4699; x_wconf 91' lang='lat' dir='ltr'>deus</span> <span class='ocrx_word' id='word_1_413' title='bbox 897 4639 1023 4715; x_wconf 90' lang='lat' dir='ltr'>optimus</span> <span class='ocrx_word' id='word_1_414' title='bbox 1043 4640 1200 4707; x_wconf 80' lang='lat' dir='ltr'>maximus,</span> <span class='ocrx_word' id='word_1_415' title='bbox 1224 4646 1255 4698; x_wconf 90' lang='lat' dir='ltr'>ut</span> <span class='ocrx_word' id='word_1_416' title='bbox 1272 4647 1305 4700; x_wconf 93' lang='lat' dir='ltr'>tu</span> <span class='ocrx_word' id='word_1_417' title='bbox 1323 4640 1399 4700; x_wconf 91' lang='lat' dir='ltr'>banc</span> <span class='ocrx_word' id='word_1_418' title='bbox 1413 4638 1515 4700; x_wconf 90' lang='lat' dir='ltr'>subire</span> <span class='ocrx_word' id='word_1_419' title='bbox 1533 4639 1640 4698; x_wconf 88' lang='lat' dir='ltr'>lamam</span> <span class='ocrx_word' id='word_1_420' title='bbox 1660 4657 1748 4716; x_wconf 88' lang='lat' dir='ltr'>quarn</span> 
     </span>
     <span class='ocr_line' id='line_1_40' title="bbox 464 4739 1748 4819; baseline -0.003 -14"><span class='ocrx_word' id='word_1_421' title='bbox 464 4744 640 4806; x_wconf 75' lang='lat' dir='ltr'>sceleratum</span> <span class='ocrx_word' id='word_1_422' title='bbox 662 4743 766 4819; x_wconf 92' lang='lat' dir='ltr'>punire</span> <span class='ocrx_word' id='word_1_423' title='bbox 789 4740 936 4800; x_wconf 89' lang='lat' dir='ltr'>homiuem</span> <span class='ocrx_word' id='word_1_424' title='bbox 956 4739 1047 4799; x_wconf 84' lang='lat' dir='ltr'>malis</span> <span class='ocrx_word' id='word_1_425' title='bbox 1070 4739 1106 4800; x_wconf 88' lang='lat' dir='ltr'>Et</span> <span class='ocrx_word' id='word_1_426' title='bbox 1119 4741 1248 4801; x_wconf 93' lang='lat' dir='ltr'>iamdum</span> <span class='ocrx_word' id='word_1_427' title='bbox 1271 4743 1348 4802; x_wconf 89' lang='lat' dir='ltr'>enim</span> <span class='ocrx_word' id='word_1_428' title='bbox 1372 4742 1517 4818; x_wconf 82' lang='lat' dir='ltr'>integrum</span> <span class='ocrx_word' id='word_1_429' title='bbox 1539 4740 1596 4804; x_wconf 91' lang='lat' dir='ltr'>buc</span> <span class='ocrx_word' id='word_1_430' title='bbox 1616 4739 1667 4800; x_wconf 89' lang='lat' dir='ltr'>tibi</span> <span class='ocrx_word' id='word_1_431' title='bbox 1687 4747 1748 4801; x_wconf 88' lang='lat' dir='ltr'>est:</span> 
     </span>
     <span class='ocr_line' id='line_1_41' title="bbox 340 4842 1785 4933; baseline -0.001 -29"><span class='ocrx_word' id='word_1_432' title='bbox 340 4927 344 4933; x_wconf 86' lang='lat'><em>.</em></span> <span class='ocrx_word' id='word_1_433' title='bbox 398 4845 607 4907; x_wconf 69' lang='lat' dir='ltr'>§.astacenus</span> <span class='ocrx_word' id='word_1_434' title='bbox 630 4844 706 4922; x_wconf 91' lang='lat' dir='ltr'>quud</span> <span class='ocrx_word' id='word_1_435' title='bbox 731 4843 836 4904; x_wconf 77' lang='lat' dir='ltr'>duxisti</span> <span class='ocrx_word' id='word_1_436' title='bbox 863 4850 994 4920; x_wconf 85' lang='lat' dir='ltr'>tempus,</span> <span class='ocrx_word' id='word_1_437' title='bbox 1025 4860 1085 4902; x_wconf 90' lang='lat' dir='ltr'>nun</span> <span class='ocrx_word' id='word_1_438' title='bbox 1107 4842 1258 4921; x_wconf 86' lang='lat' dir='ltr'>inrprobo;</span> <span class='ocrx_word' id='word_1_439' title='bbox 1292 4843 1356 4920; x_wconf 85' lang='lat' dir='ltr'>quia</span> <span class='ocrx_word' id='word_1_440' title='bbox 1386 4843 1462 4902; x_wconf 91' lang='lat' dir='ltr'>enim</span> <span class='ocrx_word' id='word_1_441' title='bbox 1488 4842 1652 4903; x_wconf 90' lang='lat' dir='ltr'>communis</span> <span class='ocrx_word' id='word_1_442' title='bbox 1684 4843 1785 4903; x_wconf 79' lang='lat' dir='ltr'>neco</span> 
     </span>
    </p>
   </div>
   <div class='ocr_carea' id='block_1_3' title="bbox 516 5025 1746 5094">
    <p class='ocr_par' dir='ltr' id='par_1_3' title="bbox 516 5025 1746 5094">
     <span class='ocr_line' id='line_1_42' title="bbox 516 5025 1746 5094; baseline -0.002 -13"><span class='ocrx_word' id='word_1_443' title='bbox 516 5030 666 5082; x_wconf 77' lang='lat' dir='ltr'>⁵ab0m.2.</span> <span class='ocrx_word' id='word_1_444' title='bbox 702 5031 884 5081; x_wconf 62' lang='lat' dir='ltr'>rosseleon.</span> <span class='ocrx_word' id='word_1_445' title='bbox 920 5025 1158 5078; x_wconf 72' lang='lat' dir='ltr'>³⁶Ansumumaee.</span> <span class='ocrx_word' id='word_1_446' title='bbox 1195 5027 1216 5058; x_wconf 72' lang='lat'>⁴¹¹</span> <span class='ocrx_word' id='word_1_447' title='bbox 1235 5028 1396 5078; x_wconf 71' lang='lat' dir='ltr'>‚Hactenus</span> <span class='ocrx_word' id='word_1_448' title='bbox 1410 5031 1432 5079; x_wconf 87' lang='lat'>1.</span> <span class='ocrx_word' id='word_1_449' title='bbox 1453 5028 1627 5094; x_wconf 76' lang='lat' dir='ltr'>dliquomdin</span> <span class='ocrx_word' id='word_1_450' title='bbox 1639 5047 1700 5078; x_wconf 83' lang='lat' dir='ltr'>eom·</span> <span class='ocrx_word' id='word_1_451' title='bbox 1715 5035 1746 5078; x_wconf 83' lang='lat'>11.</span> 
     </span>
    </p>
   </div>
   <div class='ocr_carea' id='block_1_4' title="bbox 0 0 2154 6056">
    <p class='ocr_par' dir='ltr' id='par_1_4' title="bbox 0 0 2154 6056">
     <span class='ocr_line' id='line_1_43' title="bbox 0 0 2154 6056; baseline 0 0"><span class='ocrx_word' id='word_1_452' title='bbox 0 0 2154 6056; x_wconf 95' lang='lat' dir='ltr'> </span> 
     </span>
    </p>
   </div>
  </div>
 </body>
</html>
