4300 6059
431 723 533 759 emonis
546 724 571 758 x.
586 723 696 757 corruo
710 723 859 757 uvrrrrxnvu
874 724 917 756 usu
929 723 963 756 nn
978 723 1039 756 nar.
1058 718 1087 755 tt.
1097 723 1153 756 ivn.
1166 723 1191 757 s.
1203 718 1260 757 troo.
1275 726 1298 758 c.
1314 724 1435 757 uvrrmu
1451 724 1543 758 noris.
1581 694 1655 765 309

491 783 497 800 .

360 878 484 954 effusus.
512 878 602 939 Testis
618 879 746 951 derripne
762 885 806 937 est
821 879 1036 953 predictorum
1059 897 1204 946 errorum,
1228 898 1279 939 seu
1298 883 1453 940 nutritorum
1475 898 1515 939 ex
1530 885 1572 940 eis
1587 847 1656 957 ¹’per

363 982 561 1057 Cotonierrsem
579 987 609 1038 et
628 980 838 1039 lovaniensem
865 980 1086 1055 Urrioersr'tntes,
1116 989 1216 1056 aurete
1239 986 1325 1055 enpri
1350 984 1491 1041 dominici
1504 987 1655 1057 piissimos

361 1072 657 1156 religiosissimosque
677 1083 830 1152 cultricem
854 1079 932 1141 “reon
954 1087 1050 1142 minrrs
1065 1085 1153 1142 docta
1170 1101 1257 1157 pirron
1279 1102 1367 1161 cern,
1388 1102 1425 1144 nc
1441 1093 1565 1144 mouera
1580 1103 1654 1144 coo-

358 1185 487 1258 fatalia,
510 1184 693 1258 reprobatio,
715 1191 744 1242 et
765 1185 925 1242 domantia.
971 1181 1085 1243 ¹ltlulro
1111 1203 1224 1259 quoqne
1250 1189 1313 1245 olio
1340 1190 1474 1260 ollepnre
1492 1204 1653 1261 possemus,

338 1298 431 1362 5prere
450 1304 488 1346 ne
507 1286 661 1346 historiam
684 1293 786 1345 texere
805 1286 971 1356 videamur,
987 1288 1245 1360 pretermittenda
1259 1292 1433 1347 censoimus.
1457 1291 1534 1349 8Ρνο
1544 1297 1654 1363 posto-

360 1391 438 1448 ralis
460 1391 551 1461 initur
572 1387 668 1459 offleii
688 1389 789 1446 divino
809 1391 912 1460 prolia
935 1389 1016 1447 nodis
1032 1385 1178 1449 ¹r'rrirmrti
1192 1408 1282 1462 curo,
1306 1408 1395 1464 quum
1407 1395 1547 1464 perimus,
1568 1408 1654 1466 prm-

360 1492 507 1550 de'ctorum
528 1506 664 1549 errorum
686 1484 779 1548 ¹uirus
795 1489 972 1564 pestiferum
996 1494 1119 1549 ulterius
1141 1495 1299 1563 'tolerore‚
1320 1510 1372 1551 seu
1387 1493 1576 1553 dissimulare
1591 1495 1655 1552 sine

360 1590 560 1652 ¹Clrristr'nnor
581 1593 732 1665 relipiorris
751 1599 834 1660 notra,
858 1600 946 1665 (itque
966 1592 1141 1653 ortltodoru‘
1159 1593 1234 1664 fidei
1253 1596 1366 1652 inirrrin
1386 1597 1467 1652 nullo
1482 1596 1566 1653 modo
1579 1611 1654 1669 pos-

359 1796 409 1856 siae
433 1795 578 1874 episcopi,
603 1812 660 1853 non
685 1794 765 1872 digni
788 1794 894 1872 pinibus
916 1795 953 1854 de
975 1794 1168 1872 loquerentur
1190 1797 1283 1857 amice
1305 1796 1406 1876 populi
1429 1798 1651 1876 septentrionis,

327 1897 472 1957 ronedum
495 1915 549 1976 pro
573 1895 678 1974 quibus
694 1895 770 1957 ultro
787 1896 948 1954 interirent.
982 1896 1097 1956 Laudas
1113 1898 1231 1965 lactum,
1255 1896 1382 1967 Decime,
1407 1906 1435 1958 et
1450 1901 1587 1977 pietatem
1603 1917 1653 1958 co·

358 1998 423 2059 lere
446 1999 487 2057 ris
511 1997 619 2058 rideri?
643 2006 672 2058 et
687 1998 793 2057 Christi
816 2016 880 2058 esse
905 1999 1046 2058 vicarius?
1069 1999 1154 2059 Certe
1176 2001 1254 2060 enim
1270 2000 1426 2077 singularis
1441 2010 1485 2059 est
1500 2001 1562 2060 haee
1585 2001 1651 2060 leri·

358 2109 420 2169 tas,
444 2099 571 2178 probare
594 2098 671 2176 quod
695 2099 804 2159 ellusus
819 2100 855 2158 sit
870 2102 989 2177 sanguis
1005 2100 1195 2171 Christianae,
1219 2120 1296 2170 eum,
1319 2109 1351 2161 ut
1366 2101 1528 2181 Cyprianus
1543 2109 1652 2169 monet,

359 2203 548 2261 conscientie
572 2202 701 2278 episcopi
719 2202 894 2269 conueniat,
910 2202 981 2261 dare
997 2220 1134 2278 operam,
1152 2222 1188 2264 ne
1205 2205 1270 2280 quis
1285 2205 1416 2281 ipsorum
1433 2203 1518 2280 ctrlpa
1541 2208 1651 2280 pereat.

358 2301 493 2364 ¹Laudat
521 2301 698 2362 adulatrices
725 2301 936 2363 meretriculas.
1003 2303 1160 2363 cllomame
1188 2307 1319 2383 piraticae
1347 2312 1373 2364 et
1402 2305 1559 2383 pontificiae
1587 2305 1653 2363 dico
1737 2350 1740 2356 .

327 2412 549 2481 usgrassaturee.
615 2401 689 2463 ¹Ubi
712 2404 860 2470 doctrina,
891 2404 966 2471 Leo,
992 2403 1041 2463 ubi
1065 2406 1172 2464 veritas
1192 2408 1221 2465 in
1245 2408 1279 2467 iis
1295 2408 1416 2466 enituit?
1439 2406 1503 2466 Non
1519 2414 1548 2465 te
1564 2406 1655 2482 pudet

362 2506 399 2567 de
422 2504 529 2566 talibus
550 2507 669 2583 ineptiis
692 2512 751 2565 tam
774 2522 895 2581 gravem
924 2505 1002 2565 lerre
1030 2509 1224 2566 senteutiam?
1289 2505 1399 2577 ‘Quam
1430 2507 1586 2584 pulchrum
1611 2515 1655 2567 cst

361 2607 528 2668 Romanum
551 2607 671 2685 palpare
687 2606 872 2667 Pontificem!
895 2606 945 2666 sed
969 2625 1023 2666 nos
1045 2605 1118 2666 nihil
1140 2614 1237 2667 moret
1256 2610 1399 2668 sententia
1415 2609 1457 2667 sic
1473 2607 1588 2676 leniter,
1612 2610 1654 2668 sic

360 2716 470 2787 preter
493 2709 632 2769 iudicium
656 2708 722 2767 lata.
756 2727 811 2768 nec
833 2707 919 2769 uobis
941 2709 1067 2787 eripient
1083 2710 1267 2769 Germaniam
1292 2708 1418 2787 garrulae
1440 2709 1655 2771 denticulorum

360 2808 481 2879 scholae,
504 2817 584 2888 post,
609 2828 706 2888 quam·
721 2810 811 2871 semel
835 2810 1016 2871 liberandam
1040 2812 1234 2894 suscepimus.
1301 2808 1381 2872 ¹Vult
1404 2811 1502 2871 literas
1522 2813 1598 2870 scire
1614 2813 1653 2870 ri·

326 2914 426 2976 rederi
453 2913 503 2972 hie
530 2911 673 2990 Copiista,
703 2920 731 2971 et
760 2911 864 2990 plenus
892 2921 935 2971 est
963 2930 1063 2972 rerum
1093 2914 1253 2990 antiquitus
1280 2921 1440 2988 gestarum.
1504 2909 1653 2972 ‘Tandem

361 3015 492 3076 olilcium
516 3015 591 3075 lacit.
615 3014 667 3073 sed
690 3014 754 3073 vide
778 3032 814 3073 ne
829 3012 959 3072 abutaris
975 3020 1118 3091 potestate
1135 3021 1197 3083 tua,
1222 3032 1279 3074 rron
1296 3016 1324 3073 in
1341 3014 1579 3081 rerlitieationem,
1602 3013 1653 3072 sed

362 3118 390 3177 in
413 3116 654 3178 destructionem.
679 3115 765 3176 Certe
788 3114 949 3174 sacerdotis
973 3121 1028 3183 est,
1052 3122 1086 3174 ut
1107 3115 1262 3175 Ambrosio
1285 3115 1415 3184 videtur,
1439 3113 1511 3173 nulli
1534 3132 1653 3183 nocero,

361 3218 504 3297 prodesse
520 3215 593 3277 velle
609 3216 755 3277 omnibus.
821 3213 964 3276 ¹rlttende
980 3218 1166 3276 commissam
1183 3216 1274 3276 Leoni
1290 3218 1385 3276 orium
1403 3216 1519 3275 curam!
1585 3212 1654 3274 ¹1¹0-

362 3321 418 3381 tius
441 3316 584 3380 salutares
606 3318 834 3391 admonitiones:
858 3318 935 3393 qtrod
958 3325 989 3376 tu
1012 3335 1131 3395 quoque
1147 3319 1251 3387 sentis,
1276 3326 1304 3378 et
1320 3318 1467 3385 reticeres,
1491 3316 1546 3376 nisi
1560 3321 1655 3375 totum

330 3428 392 3485 rste
414 3419 579 3499 possideret
600 3421 734 3497 pecuniae
755 3418 884 3478 studium
908 3425 936 3477 et
958 3418 1126 3478 ambitionis
1142 3426 1248 3478 tumor.
1273 3419 1397 3496 proinde
1421 3417 1492 3478 ‘Veh
1509 3416 1589 3478 rolris
1605 3420 1655 3495 (μή

363 3523 461 3583 dicitis
482 3520 591 3583 nralum
614 3521 726 3581 bonum
750 3528 779 3581 et
794 3518 904 3579 bonum
921 3520 1045 3588 malurn,
1069 3528 1212 3598 ponentes
1228 3519 1365 3580 tenebras
1380 3518 1491 3587 lucem,
1515 3527 1544 3578 et
1557 3518 1655 3579 lucem

363 3623 516 3692 tenebras,
539 3631 683 3702 ponentes
706 3640 838 3683 amarum
862 3623 892 3681 in
915 3621 1000 3681 dulce
1024 3629 1052 3681 et
1074 3621 1160 3682 dulce
1182 3624 1212 3681 in
1235 3621 1393 3681 emarumt'
1457 3617 1567 3680 'Paulo
1589 3627 1656 3697 post

364 3727 476 3786 esuries
499 3726 592 3793 enim,
616 3725 639 3784 si
663 3724 749 3783 leros.
795 3721 884 3793 ¹011ae
907 3732 974 3783 nota
998 3732 1054 3790 est,
1079 3724 1125 3783 dic
1148 3740 1261 3799 quasso,
1286 3725 1436 3783 veritatem
1459 3721 1514 3782 sibi
1530 3722 1654 3789 restitui,

363 3929 431 3990 bus,
452 3933 481 3978 et
497 3927 558 3976 haee
571 3928 599 3976 in
619 3926 729 3975 dubium
749 3931 902 3989 vertentes,
923 3942 984 3976 eum
1003 3926 1053 3976 illo
1071 3943 1124 3977 non
1144 3927 1229 3976 solum
1249 3942 1314 3976 vere
1337 3941 1434 3991 perse
1453 3931 1481 3975 et
1500 3923 1655 3975 essentiali·

362 4020 405 4064 ter
422 4006 536 4064 humani
555 4011 678 4075 eorporis
697 4011 784 4061 formo
803 4012 919 4072 existet,
938 4010 1010 4060 sieut
1028 4012 1057 4059 in
1076 4027 1181 4061 serrone
1202 4011 1293 4060 felicis
1312 3994 1511 4060 reeordationis
1530 4007 1654 4057 Clemen-

364 4099 399 4147 tis
418 4112 499 4162 papie
512 4096 543 4143 V.
559 4096 628 4144 in
648 4093 774 4158 generali
793 4095 943 4145 Viennensi
964 4095 1083 4144 eorreilio
1103 4096 1176 4145 edito
1196 4097 1366 4156 continetur,
1386 4110 1480 4144 rernm
1505 4100 1532 4142 et
1550 4094 1656 4142 immor-

362 4181 441 4242 talis,
461 4185 489 4230 et
506 4195 555 4246 pro
573 4195 723 4245 corporum,
745 4180 842 4244 quibus
862 4180 1027 4239 infunditur,
1048 4179 1221 4229 multitudine
1240 4179 1418 4245 singulariter
1436 4167 1655 4242 multiplicabilis

367 4273 396 4315 ot
415 4264 602 4330 multiplicate
621 4268 649 4313 et
669 4263 882 4329 multiplicanda
900 4266 945 4314 sit.
981 4265 1058 4327 Quod
1083 4265 1231 4312 manifeste
1257 4268 1365 4314 constet
1388 4279 1420 4312 ex
1444 4261 1589 4326 evangelio
1607 4263 1656 4310 ...¹¹

362 4351 496 4402 Horduin.
509 4351 581 4401 Aeta
599 4348 741 4400 concilior.
754 4350 801 4398 IX.
815 4367 841 4415 p.
857 4349 929 4400 1719.

428 4432 439 4466 ²
457 4433 604 4485 Commode
617 4434 754 4483 Lutherns
771 4434 887 4483 rancide
906 4434 965 4484 haec
978 4434 1192 4484 Lovaniensium
1206 4432 1465 4496 coloniensiumque
1484 4431 1588 4495 scripta
1606 4443 1657 4480 sno

364 4520 542 4585 responsione
560 4518 620 4569 sele
639 4518 814 4569 condiverat:
835 4519 870 4567 ab
889 4520 948 4584 ipso
968 4519 1117 4569 molestie
1132 4535 1157 4567 a.
1174 4516 1247 4566 loro.
1262 4517 1345 4566 editae
1364 4522 1427 4565 sunt
1447 4514 1656 4565 ‘Condemnatio

362 4602 527 4654 doctrinalis
544 4602 675 4653 librorum
694 4603 806 4653 Martini
826 4602 954 4663 Lntlreri,
981 4620 1029 4668 per
1048 4600 1180 4668 quosdam
1203 4601 1353 4666 Magistros
1378 4606 1485 4650 nostros
1503 4595 1656 4649 Lonuniefi.

362 4694 390 4738 et
409 4683 549 4738 Colonier‘r.
568 4688 654 4737 lacta.
675 4687 826 4753 Responsio
845 4685 1016 4736 Lutheriana
1036 4687 1068 4737 ad
1089 4686 1203 4736 eandem
1224 4686 1488 4735 condemnationem.
1512 4684 1655 4733 M.D.XX.'

363 4774 501 4838 Repetitis
520 4778 584 4822 sunt
596 4773 680 4822 etiam
694 4773 723 4821 in
735 4771 852 4820 Lutheri
865 4770 936 4836 Opp.
954 4779 1019 4822 tom,
1033 4772 1066 4820 11.
1088 4771 1177 4820 Viteb.
1197 4768 1267 4822 meo.
1288 4768 1475 4822 f011.3l...44·.
1517 4766 1570 4799 ¹¹¹²
1582 4766 1654 4834 sing'.

362 4853 426 4924 len]
447 4857 483 4907 cl.
498 4856 601 4906 Pselm.
616 4856 738 4906 LXXIX.
753 4855 790 4906 ll.
844 4854 864 4886 ¹¹
884 4855 926 4904 Cf.
941 4856 1124 4905 Ecclesiaste
1142 4853 1232 4904 vno.
1288 4853 1307 4886 ¹⁹
1325 4853 1395 4919 post]
1417 4855 1491 4917 Puto,
1504 4857 1579 4918 pont.
1591 4854 1607 4900 ἰ.
1622 4867 1655 4912 e.,

361 4942 498 5009 pontifex.
541 4939 573 4984 ,¹²
591 4941 715 4991 Ambros.
729 4940 762 4990 ds
777 4940 820 4991 off.
835 4941 951 4990 ministr.
965 4941 1016 4989 111.
1029 4937 1054 4997 o,
1063 4946 1096 4988 ot.
1116 4938 1182 5000 (Sea
1198 4941 1277 4989 adier't
1295 4942 1369 4989 etiam
1382 4939 1469 4987 Amor.
1488 4952 1588 5002 „posse
1608 4952 1656 4986 ecr-

363 5032 418 5077 tem
441 5025 527 5076 solius
547 5033 589 5077 est
607 5023 691 5086 dei''.)
715 5025 805 5075 Loeus
828 5030 906 5075 extat
924 5041 984 5074 eon.
1002 5022 1039 5073 ld.
1055 5024 1136 5072 Ceus.
1151 5025 1223 5073 XIV.
1238 5040 1280 5088 qu.
1294 5024 1319 5074 5.
1370 5021 1392 5053 ²⁵
1411 5020 1469 5087 Vael
1489 5022 1554 5072 lsai.
1568 5021 1599 5072 V.
1612 5019 1655 5071 20.
1700 5088 1701 5091 Ἴ
