4300 6059
378 709 480 748 azoara
493 709 519 745 x.
533 709 641 746 conans
655 712 808 747 nvrnauvu
819 712 909 747 rivius
922 712 984 747 aas.
1000 708 1098 750 larun.
1112 713 1138 748 Δ.
1153 707 1209 748 latu.
1223 713 1247 748 c.
1263 713 1384 748 uvrranr
1396 713 1488 750 noris.
1525 685 1597 757 325

305 867 395 945 opud
407 883 461 927 nos
481 868 510 926 si
529 866 724 940 effectualiter
739 871 909 943 paruerint,
931 876 960 929 et
975 872 1114 944 paruisse
1126 887 1185 945 per
1205 873 1335 945 lepitana
1353 871 1526 932 documenta
1547 892 1600 934 nas

306 971 550 1043 aedificaverint,
578 966 732 1044 ”paternae
758 971 912 1030 cbaritutis
938 970 1077 1044 affectura
1102 981 1131 1032 et
1155 982 1291 1048 apertum
1318 976 1551 1035 mansuetudinis
1571 987 1600 1036 et

306 1075 472 1133 clementia
494 1071 628 1144 ‘sontem
677 1071 847 1132 inhibentes
873 1073 1078 1134 *nibilominus
1104 1075 1199 1134 eidem
1221 1075 1354 1135 Martiua
1380 1094 1420 1135 ec
1447 1095 1540 1150 nuria,
1568 1088 1601 1138 ut

307 1178 425 1235 interim
453 1175 492 1233 ab
512 1176 592 1234 omni
605 1175 838 1249 predicatione,
868 1193 919 1234 scu
946 1178 1173 1251 {eradicationis
1200 1177 1300 1250 alticio
1324 1180 1441 1237 umriino
1468 1180 1597 1240 desistat.

283 1270 395 1337 '⁵⁸Alio
416 1280 488 1352 quin
507 1286 538 1334 ut
559 1279 654 1351 ipsum
680 1276 859 1344 Marliunm,
887 1280 914 1336 si
940 1277 1023 1348 sorte
1050 1281 1170 1339 iustitia
1189 1287 1218 1338 et
1241 1282 1356 1338 uirtutis
1378 1297 1462 1338 amor
1483 1297 1502 1339 a
1519 1298 1599 1355 pec-

305 1387 374 1440 cota
393 1396 453 1439 non
471 1379 619 1451 retrabat,
642 1379 892 1452 incorporalesque
911 1395 978 1454 spes
998 1381 1041 1438 ad
1056 1384 1259 1466 pariritentiam
1277 1398 1333 1439 non
1352 1383 1490 1453 reducat,
1515 1389 1598 1457 ‘poe-
1617 1437 1625 1459 ,

305 1497 417 1541 norum
434 1488 532 1541 terror
545 1488 681 1540 coerceat
697 1480 881 1556 disciplina:
903 1484 1027 1542 eiusdem
1043 1484 1220 1554 Morlbmm,
1245 1480 1380 1557 deiusque
1401 1485 1599 1556 adhaerentes,
1651 1471 1653 1476 ¹

305 1586 478 1659 complices,
501 1581 654 1655 ‘fautores
669 1589 698 1641 et
710 1590 908 1657 receptatores
927 1592 1027 1643 tenore
1040 1588 1232 1660 prosarium
1250 1588 1429 1660 requirimus
1448 1598 1477 1646 et
1494 1604 1598 1646 inorie-

305 1702 371 1747 mus
385 1689 417 1746 in
438 1689 544 1745 oirlute
561 1691 675 1744 sanctu
694 1685 881 1753 obedientiae,
902 1695 932 1744 ct
952 1687 1004 1744 sub
1022 1689 1180 1762 praedictis
1194 1689 1327 1747 omnibus
1340 1697 1369 1747 el
1386 1691 1513 1762 sinpulis
1528 1706 1598 1764 pae-

271 1790 368 1861 lonis,
390 1806 425 1849 eo
446 1791 509 1865 ipso
531 1787 725 1856 incurrendo,
751 1788 882 1846 districtc
898 1790 1107 1863 preacipiendo
1129 1785 1333 1861 ‘mandamus
1364 1799 1508 1864 quatenns
1529 1793 1597 1850 ‘in-

302 1890 361 1964 sra
383 1893 544 1963 senapinla
565 1890 642 1964 dies,
661 1905 785 1962 quomam
804 1891 907 1962 uipinli
923 1905 982 1964 pro
999 1893 1113 1966 primo,
1136 1894 1241 1966 oipinti
1257 1894 1475 1968 praeecundo,
1497 1900 1526 1953 et
1544 1911 1597 1952 re-

305 1997 403 2070 liquos
431 1994 533 2067 viciati
556 1993 619 2050 dies
643 2007 700 2065 pro
722 1993 806 2050 terlio
825 1998 856 2050 el
872 1996 1072 2069 peremptoria
1093 1997 1218 2054 cannino
1238 1997 1439 2067 assianamns,
1461 1996 1500 2054 ab
1520 1994 1598 2068 affi-

305 2099 398 2156 xione
416 2097 611 2169 praesentium
634 2096 663 2152 in
693 2094 764 2152 locis
786 2092 1006 2169 infrascriptis,
1036 2096 1196 2154 inruediote
1215 2105 1366 2170 sepuerites
1388 2100 1598 2158 riumerandos.

305 2199 378 2275 Ipse
397 2196 561 2267 Martinus,
583 2198 753 2270 complices,
773 2196 924 2268 fautores,
948 2199 1139 2266 adherentes,
1161 2205 1191 2257 et
1207 2206 1404 2274 receptatores
1418 2201 1563 2274 prcedicti
1578 2218 1598 2259 a

272 2299 452 2378 raproesatis
472 2298 637 2370 erroribus,
664 2313 823 2371 curiamque
847 2300 1079 2372 predicatione,
1104 2317 1142 2360 ac
1161 2301 1359 2375 publicatione
1380 2310 1409 2361 el
1429 2305 1597 2377 assertione,

305 2402 485 2474 defensione
507 2417 634 2475 quiaque,
664 2409 693 2458 cl
713 2400 867 2473 libroruin,
894 2418 945 2460 seu
966 2404 1185 2476 scripturarum
1206 2404 1347 2476 editione,
1366 2421 1457 2479 super
1480 2406 1598 2476 eisdem,

277 2529 279 2533 ’
304 2508 368 2566 siue
387 2520 490 2564 eornm
511 2504 612 2577 alianto
632 2504 750 2561 omnino
772 2503 928 2562 desistant:
950 2504 1097 2578 librosque
1119 2507 1344 2579 descripturus
1364 2522 1463 2567 omnes
1484 2514 1513 2566 et
1534 2509 1599 2566 siu-

307 2741 365 2803 ciIe
387 2740 536 2801 credimus
559 2746 726 2817 empturum
749 2741 913 2816 magmis,
936 2747 969 2800 ut
992 2758 1093 2801 verum
1115 2747 1278 2810 taceamus,
1303 2740 1413 2821 tibique
1427 2747 1598 2821 permitten-

307 2854 354 2906 tes
377 2859 503 2920 regumn
526 2843 579 2920 ipsi
608 2859 711 2902 omnes
737 2849 796 2901 lam
823 2843 922 2920 iniquo
951 2841 1070 2903 domino
1101 2845 1260 2903 serviamus
1287 2843 1348 2903 tibi.
1428 2843 1598 2924 ''Apagesis

271 2946 485 3008 authoritatem
508 2952 603 3013 luam,
627 2951 710 3021 paler
734 2942 807 3011 Leo,
832 2962 919 3023 anam
935 2932 1043 3003 scimus
1059 2944 1152 3022 qualis
1167 2947 1212 3005 sil.
1279 2943 1458 3006 ‘Clementiae
1474 2955 1598 3027 attruan·

307 3047 475 3110 suetudims
498 3046 608 3106 iontem
630 3045 720 3105 andes
743 3045 841 3105 dicere
863 3047 909 3105 le?
938 3046 962 3106 0
991 3047 1183 3124 iniquitatem!
1212 3049 1248 3106 At
1276 3053 1356 3106 (teria
1378 3049 1423 3106 isli
1446 3057 1514 3108 sunl
1536 3050 1599 3107 ion·

308 3159 355 3212 lea
378 3167 453 3228 aqua
478 3155 627 3215 carentes,
658 3146 773 3207 nebula
801 3166 866 3225 qnae
889 3166 905 3207 a
927 3147 1057 3226 procella
1087 3148 1236 3221 feruutur,
1266 3147 1372 3226 quibus
1401 3147 1494 3225 caligo
1517 3156 1599 3209 lone·

307 3253 433 3314 brarum
455 3253 484 3310 in
508 3257 650 3309 aternum
672 3255 785 3309 servata
809 3257 861 3309 ess.
906 3248 1007 3327 Itaque
1036 3248 1206 3326 ambagis,
1235 3250 1310 3320 Leo,
1342 3249 1387 3310 vel
1416 3250 1458 3309 sic
1486 3250 1599 3328 fingens

308 3364 354 3416 la:
378 3373 439 3414 nou
462 3355 539 3414 eruar
564 3350 803 3429 derelinquemus
824 3352 933 3412 iontem
957 3369 1040 3435 aquae
1062 3353 1133 3410 s'ivae
1155 3353 1322 3420 dominum,
1346 3358 1375 3412 el
1397 3351 1531 3411 fouemus
1547 3372 1599 3412 uo·

272 3457 355 3519 uuis
379 3458 536 3522 cisternas,
561 3471 625 3532 qnae
648 3470 706 3512 non
731 3452 869 3513 valebunt
890 3471 996 3531 aquam
1013 3454 1174 3513 continere.
1240 3453 1415 3514 'Veritatem
1437 3455 1599 3532 praniicare

305 3566 386 3621 retal
406 3556 585 3622 Lutherunu
608 3573 704 3634 neque
727 3557 803 3614 enim
827 3556 969 3633 parientes
992 3556 1053 3615 eins
1075 3562 1143 3615 sunt
1166 3554 1248 3615 urbis
1270 3572 1365 3615 auras.
1403 3555 1461 3616 Sed
1477 3555 1526 3616 ilie
1541 3574 1600 3615 non

305 3658 443 3742 parebit,
465 3664 532 3737 post
547 3675 636 3736 qnam
650 3656 741 3748 senia!
757 3658 831 3717 viam
848 3659 974 3718 veritalis
990 3656 1087 3734 elegit„
1154 3656 1276 3718 hOmnia
1293 3665 1455 3736 parlemal,
1478 3665 1507 3717 al
1522 3659 1600 3735 qnod

306 3764 406 3832 aIunl,
430 3778 548 3822 omnem
571 3761 668 3820 moret
689 3758 826 3836 lapidem,
849 3766 881 3819 nl
902 3776 940 3818 ne
961 3776 1054 3837 regno
1078 3760 1199 3821 excidat.
1245 3759 1318 3834 {iam
1340 3759 1420 3819 inviti
1443 3761 1600 3837 exiguntur

307 3865 436 3946 tyranni.
502 3859 620 3948 induco
642 3879 760 3922 movero
782 3862 852 3921 istos
874 3877 927 3920 nos
949 3869 1079 3922 terrores
1101 3861 1254 3922 existimat.
1278 3879 1338 3921 nou
1352 3864 1431 3922 novit
1445 3862 1600 3923 Germania

276 3973 458 4049 acquantum
480 3964 631 4024 immutata
653 3963 704 4033 sil,
729 3963 850 4025 discere.
916 3961 1045 4023 dVereor
1068 3982 1127 4040 quo
1150 3964 1260 4024 evadat.
1327 3963 1390 4023 oDii
1412 3964 1600 4033 immortales,

309 4076 454 4149 quantum
482 4065 629 4126 bonorum
658 4065 811 4125 hominum
839 4065 962 4125 Romam
996 4072 1096 4124 vocat:
1131 4083 1189 4125 rron
1224 4066 1319 4143 capial
1352 4065 1432 4125 urbs.
1478 4067 1535 4126 Sed
1570 4073 1600 4126 lu

310 4172 391 4242 vide,
421 4169 498 4238 Lao,
528 4186 566 4229 ne
593 4174 622 4227 te
645 4184 752 4227 oneres
775 4166 939 4245 hospitibus
968 4169 1052 4227 nimis
1074 4166 1181 4229 multis
1227 4168 1272 4228 Mc
1295 4168 1413 4244 quidem
1436 4169 1460 4226 si
1483 4168 1602 4228 acidiam

312 4273 374 4343 alii,
399 4271 550 4333 veniemus
572 4268 635 4330 sibi.
702 4265 837 4328 t[bomine
861 4268 950 4337 deus,
980 4269 1175 4347 possederunt
1201 4288 1256 4329 nos
1283 4269 1393 4329 domini
1421 4269 1532 4348 absque
1556 4278 1600 4330 lc:
1679 4280 1689 4293 ⁸

312 4383 425 4437 lantum
448 4374 478 4435 iu
501 4379 529 4433 te
552 4372 745 4433 recordemur
767 4371 893 4430 nominis
916 4371 967 4431 ini.
1038 4370 1120 4432 ‘Non
1142 4372 1211 4431 salis
1240 4370 1354 4432 dierum
1384 4378 1442 4440 ost,
1474 4371 1601 4441 Decime,

379 4607 862 4677 ²¹istisum]Petri11.ep.11.lt.
888 4604 1015 4658 curubis
1034 4624 1077 4673 ep.
1097 4623 1122 4659 v.
1137 4608 1176 4659 13.
1229 4606 1251 4640 ²⁴
1269 4606 1472 4659 Ierem.11.13.
1523 4607 1545 4639 ²⁷
1563 4607 1600 4657 cf.

313 4698 413 4749 Psalm.
429 4695 554 4747 CXVIII.
568 4694 608 4747 ³0.
644 4695 666 4728 ’Β
684 4695 762 4746 Omn.
775 4694 829 4759 lap.
843 4690 923 4758 mou]
938 4694 1030 4743 omnia
1042 4699 1221 4760 pertemptat,
1242 4695 1380 4759 experitur
1392 4693 1495 4754 omnia,
1517 4693 1602 4742 omni·

313 4784 362 4836 bna
386 4780 513 4834 consiliis
529 4781 670 4845 modisque
690 4779 795 4844 aliquid
814 4778 880 4842 agit.
898 4779 1029 4828 Latinum
1042 4778 1221 4844 Graecumquo
1240 4773 1347 4840 (πάντα
1360 4775 1447 4828 λίθον
1463 4793 1485 4827 s.
1498 4771 1602 4842 πέτρον

314 4869 417 4932 κινεῖν)
437 4865 611 4933 proverbium
629 4865 850 4926 usitatissimum,
869 4867 900 4911 ut
912 4861 1026 4912 Omnem
1044 4863 1138 4913 funem
1156 4879 1178 4912 s.
1192 4863 1332 4913 rudentem
1345 4877 1468 4923 morare,
1487 4861 1601 4912 Omnem

315 4955 408 5006 iacere
427 4951 533 5009 aleam,
553 4949 708 5001 absimilia.
744 4948 766 4980 ³²
785 4949 910 5007 comica,
930 4953 960 4997 ut
977 4947 1092 4999 Plautus
1111 4947 1313 5008 ‘hilaritudina,
1338 4947 1457 5008 lanitiis,
1477 4945 1601 5012 volupta-

317 5039 389 5090 ubas
408 5038 542 5098 onerare',
563 5035 714 5085 sedetiam
733 5034 858 5085 ‘onerare
877 5032 968 5098 gulam
987 5033 1099 5097 potione
1118 5032 1234 5083 vinces:
1286 5029 1308 5064 ³⁸
1325 5032 1390 5081 lsai.
1408 5031 1506 5082 XXVI.
1522 5031 1561 5082 13.
