4300 6059
523 658 571 730 48
658 687 781 724 avarem
801 686 829 719 ru
849 687 940 721 eversu
960 666 1237 720 wrurcsruueuuss'u
1255 683 1357 719 enarro
1377 686 1422 719 111.
1442 685 1554 720 insuar.
1567 683 1593 719 Δ.
1609 678 1666 721 ran.

523 843 614 911 cium,
638 842 738 921 possit.
780 839 823 900 Te
846 840 963 916 quidem
988 858 1046 899 nou
1069 838 1251 917 ignoramus,
1274 841 1386 910 Caesar,
1410 847 1442 900 ut
1461 838 1530 900 alibi
1548 842 1586 900 ita
1602 843 1629 901 in
1644 839 1701 900 bac
1716 856 1801 899 causa

525 944 553 1004 id
576 962 662 1022 posse
685 943 763 1022 quod
786 941 870 1011 velis,
903 960 999 1020 neque
1027 947 1128 1000 eontra
1151 940 1317 1002 dubitamus
1339 941 1366 1001 id
1389 942 1510 1003 terelle
1533 943 1611 1021 quud
1633 942 1801 1003 honestissi-

524 1063 605 1106 mum
628 1047 678 1114 sit,
703 1063 757 1106 nec
779 1044 846 1122 quia
870 1041 950 1104 nulla
973 1049 1054 1104 certa
1069 1043 1284 1121 pronuntiandi
1298 1042 1392 1104 forma
1407 1046 1548 1115 tenearis,
1572 1045 1679 1105 iccirco
1694 1041 1801 1121 aliquid

456 1164 515 1214 §.aa
524 1155 554 1208 te
576 1145 727 1223 indignum
750 1145 923 1231 edicturum.
967 1145 1019 1206 scd
1041 1145 1125 1205 istam
1147 1152 1267 1223 repente
1290 1164 1417 1216 moram,
1441 1165 1528 1225 quam
1550 1154 1582 1206 tu
1605 1146 1715 1224 optimo
1738 1147 1801 1224 qui·

522 1247 588 1309 dem
611 1249 707 1308 animo
730 1245 781 1307 sed
804 1246 889 1307 nobis
910 1246 1075 1327 periculose
1098 1248 1202 1316 trabiS,
1232 1250 1330 1327 rumpi
1352 1267 1473 1316 neeesse
1506 1256 1564 1310 est:
1594 1249 1635 1308 ris
1663 1249 1739 1309 euim
1770 1255 1823 1307 tua

523 1368 625 1410 carere
647 1349 827 1426 suspicione,
851 1356 880 1409 et
902 1348 1008 1417 debes,
1030 1349 1083 1410 sed
1105 1355 1239 1435 praestat,
1269 1356 1301 1409 ut
1323 1352 1471 1411 communi
1493 1369 1594 1411 omnes
1617 1348 1804 1424 incommodo¹

522 1458 651 1513 careant.
695 1450 762 1510 Fuit
783 1470 852 1511 saue
875 1451 1030 1512 Germania
1054 1469 1120 1511 cum
1151 1452 1178 1510 in
1208 1453 1287 1511 omni
1315 1470 1433 1531 semper
1460 1453 1624 1529 integritate
1654 1469 1802 1512 commen-

519 1537 604 1619 llata,
635 1560 695 1612 turn
718 1553 747 1612 in
770 1553 932 1613 iudicandis
958 1552 1119 1614 sceleribus
1147 1572 1181 1613 ac
1211 1555 1366 1632 puniendis
1393 1552 1543 1614 sceleratis
1572 1555 1740 1614 constantiae
1767 1571 1801 1612 ac

456 1666 514 1714 tat.
524 1655 685 1717 severitatis
707 1651 792 1714 laude
815 1654 1034 1732 probatissima:
1058 1656 1136 1715 sines
1158 1661 1186 1715 te
1202 1657 1334 1735 principe
1350 1656 1425 1716 bane
1441 1655 1563 1734 publicis
1578 1655 1710 1716 moribus
1725 1656 1802 1732 inuri

522 1759 639 1818 uotam?
672 1763 701 1816 et
728 1774 815 1835 quem
844 1773 898 1831 ego
926 1756 968 1815 sic
994 1759 1144 1826 accusavi,
1179 1764 1340 1835 ut,0mnes
1370 1764 1582 1837 cognoscerent
1610 1776 1625 1817 a
1648 1776 1696 1818 me
1718 1755 1799 1824 nibil,
1813 1776 1835 1812 ro

522 1861 618 1920 omnia
641 1858 677 1918 ab
698 1859 758 1935 ipsa
782 1866 869 1919 causa
891 1857 1052 1936 proticisci,
1076 1859 1106 1946 in
1129 1877 1215 1937 quem
1239 1858 1309 1918 nibil
1332 1878 1470 1937 parvum,
1493 1859 1640 1920 mediocre
1656 1857 1727 1918 nibil
1744 1858 1801 1919 dici

522 1960 596 2030 uult,
620 1962 669 2040 qui
691 1976 750 2019 non
772 1961 922 2042 confessor
945 1965 989 2019 est
1011 1959 1155 2020 scelerum
1184 1979 1320 2029 suorum,
1344 1961 1395 2021 sed
1418 1962 1567 2038 professor
1596 1961 1652 2020 iam
1680 1960 1803 2040 perditae

520 2062 665 2132 audaciae,
689 2062 823 2122 immanis
845 2061 928 2147 iacti,
952 2062 1113 2140 profligatae
1136 2064 1334 2132 conscientiae,
1364 2064 1448 2123 cuius
1470 2062 1647 2122 eiuscemodi
1670 2069 1737 2123 suat
1759 2062 1801 2122 la·

519 2167 636 2233 cinere,
659 2169 692 2224 ut
714 2182 748 2224 ea
770 2163 825 2222 nisi
847 2163 922 2240 apud
946 2182 1052 2242 gnaros
1075 2165 1218 2232 dicerem,
1248 2170 1277 2224 et
1298 2166 1409 2225 recenti
1438 2165 1495 2224 iam
1524 2166 1639 2241 negotio
1662 2163 1801 2232 dicerem,

521 2286 607 2328 nemo
622 2265 773 2334 crederet,
796 2282 897 2352 omnes
913 2265 977 2325 lrcta
994 2266 1221 2336 arbitrarentur,
1243 2264 1329 2325 buius
1345 2267 1484 2343 impunita
1499 2268 1689 2344 perversitas,
1712 2266 1800 2325 immo
1815 2280 1836 2318 ¹⁵

520 2368 677 2449 probatum
704 2365 801 2427 scelus
823 2365 885 2426 aliis
908 2368 986 2447 quod
1010 2369 1158 2446 imitentur
1188 2366 1354 2445 exeruplurn
1383 2369 1457 2429 erit?
1484 2369 1643 2448 pessimum
1665 2385 1802 2447 quenque

508 2468 558 2532 'ad
580 2469 682 2537 similia
706 2468 872 2530 audendum
895 2468 1040 2539 incitabit,
1061 2469 1196 2548 publicos
1211 2487 1310 2530 mores
1325 2471 1467 2531 inuertet‘l
1489 2477 1517 2530 te
1538 2462 1705 2540 calumniae,
1729 2470 1801 2533 Ger·

521 2574 646 2632 maniam
669 2571 806 2632 dedecori
837 2573 981 2648 exponet‘l
1014 2579 1042 2633 et
1069 2591 1157 2651 quem
1184 2589 1244 2631 non
1275 2589 1412 2649 perverse
1440 2570 1542 2650 aliquis
1571 2571 1716 2641 defendit,
1751 2572 1801 2632 sed

522 2684 610 2754 quem
634 2692 719 2735 nemo
742 2675 860 2733 omniuo
883 2673 1041 2735 defendere
1063 2682 1114 2735 aut
1136 2675 1270 2751 cogitauit
1292 2692 1420 2753 unquam
1448 2679 1498 2733 aut
1526 2675 1634 2753 potuit,
1662 2668 1803 2734 aduersus

455 2790 590 2839 §.seeum
612 2774 682 2837 nibil
705 2775 821 2853 publi'oe
844 2775 1034 2844 decernetur,
1058 2775 1128 2836 nibil
1151 2776 1405 2854 pronuntiabitur?
1427 2775 1471 2835 ab
1489 2774 1551 2841 noli
1573 2774 1626 2837 abs
1648 2783 1676 2837 te
1691 2775 1835 2843 diducieo
1862 2774 1865 2778 ’

523 2877 634 2947 Caesar,
658 2876 717 2939 noli
740 2885 796 2938 tuae
819 2878 960 2957 aequitatis
982 2877 1126 2957 oblivisci3
1150 2880 1291 2939 miserere
1314 2877 1402 2938 buius
1423 2880 1532 2955 patris,
1555 2877 1609 2937 bos
1630 2879 1743 2956 respice
1758 2877 1803 2937 lu·

521 2981 633 3060 genteis
655 2981 822 3058 interempti
845 2982 963 3047 tratres:
998 2979 1093 3057 cogita
1122 2980 1190 3058 quid
1220 2982 1249 3040 in
1278 2987 1356 3040 tuam
1385 2980 1439 3040 iste
1469 2986 1587 3058 neptem
1610 2980 1802 3056 commiserit;

521 3100 626 3142 revoca
648 3082 676 3141 in
699 3082 827 3142 animum
852 3099 939 3161 quam
963 3083 1085 3150 misere,
1109 3099 1196 3160 quam
1212 3082 1369 3144 crudeliter
1385 3083 1653 3142 innocentissimum
1669 3083 1802 3143 iuvenem

523 3184 724 3253 trucidaverit,
749 3184 827 3263 quod
849 3186 873 3245 si
896 3184 1126 3263 impuueterat,
1150 3183 1311 3265 consedere
1333 3203 1390 3263 qua
1411 3184 1611 3263 inquietudine
1626 3184 1680 3266 bos
1695 3183 1803 3245 cubare

455 3294 514 3346 §.tt
525 3304 626 3347 manes
648 3286 809 3366 putandum
832 3286 883 3346 sit!
912 3285 989 3346 Ecce
1011 3292 1108 3346 auteur
1137 3285 1231 3345 aliud:
1262 3286 1315 3346 luit
1343 3285 1391 3346 ille
1419 3286 1448 3345 in
1477 3288 1534 3346 tuis
1561 3284 1664 3362 bellis,
1693 3304 1747 3364 pro
1774 3294 1838 3346 teas

523 3387 688 3467 periculum
711 3387 794 3447 adiit:
817 3406 915 3466 quaeso
938 3387 989 3466 qul
1010 3405 1088 3465 saepe
1110 3389 1207 3466 puniri
1228 3388 1342 3448 vetuisti
1364 3391 1413 3467 qui
1436 3396 1518 3448 tuum
1541 3395 1628 3466 caput
1649 3389 1801 3466 petierant,

525 3509 591 3551 eum
614 3489 707 3551 occidi
729 3489 806 3550 sines
829 3490 878 3568 qui
900 3487 971 3548 illud
987 3491 1200 3567 propugnavit?
1222 3497 1255 3549 ut
1269 3489 1322 3549 bos
1337 3490 1572 3568 nonproducam
1589 3491 1706 3566 triginta
1724 3490 1802 3549 iuxta

524 3592 680 3661 Huttenos,
704 3609 829 3670 quorum
852 3589 948 3651 nullus
971 3609 1029 3652 non
1052 3589 1206 3671 aliquando
1230 3591 1280 3669 tibi
1309 3591 1447 3652 militarit.
1498 3609 1554 3651 nec
1584 3610 1630 3650 me
1659 3586 1731 3650 adeo
1760 3590 1802 3651 di·

524 3695 622 3755 scissae
644 3693 766 3772 poenitet
787 3691 902 3761 buccae,
937 3700 968 3754 ut
998 3695 1140 3770 insignem
1167 3699 1217 3753 tuo
1247 3695 1358 3753 nomini
1385 3692 1589 3754 contumeliam
1619 3690 1725 3752 illatam
1748 3691 1803 3752 bac

525 3797 626 3858 dextra
648 3783 779 3874 punitam
801 3793 906 3864 nolim;
930 3798 984 3856 nec
1006 3797 1058 3855 ista
1083 3796 1165 3874 quasi
1186 3803 1243 3856 tuae
1266 3797 1393 3874 aequitati
1415 3794 1549 3854 diflidens
1564 3813 1682 3865 moneo,
1706 3795 1838 3872 potiusao

524 3885 625 3983 labo'ro
648 3904 681 3959 ut
703 3897 731 3956 in
753 3903 887 3976 tempore
909 3897 954 3957 bis
976 3896 1065 3958 rebus
1088 3896 1256 3967 subvenias
1285 3915 1339 3957 nec
1367 3894 1476 3957 bellum
1505 3897 1567 3974 geri
1593 3897 1671 3978 sinas
1692 3903 1721 3955 et
1742 3901 1803 3955 tur-

526 4001 590 4061 bari
612 3998 813 4070 Germaniam,
847 4017 918 4060 nere
947 4000 1066 4078 patiaris
1097 4001 1200 4060 dorem
1229 3997 1384 4058 nobilitatis
1412 3999 1493 4059 istius
1521 3997 1608 4059 obiici
1637 3998 1733 4066 iuriiS,
1766 4015 1803 4056 ne

459 4113 515 4164 §.aa
527 4102 602 4163 ultra
624 4101 661 4162 ad
683 4099 754 4161 alios
777 4102 904 4169 reseras,
927 4101 978 4161 sed
1002 4109 1034 4162 ut
1054 4103 1117 4181 ipse
1139 4100 1294 4167 decernas,
1318 4101 1379 4177 ipse
1402 4099 1506 4182 edicas.
1552 4099 1630 4179 quod
1650 4100 1704 4160 etsi
1718 4100 1804 4159 nimis
1832 4166 1840 4175 ,

525 4223 592 4267 sero
614 4207 639 4264 si
660 4203 748 4265 facies
770 4203 833 4272 iiet,
857 4202 989 4263 nonnihil
1010 4211 1108 4264 tamen
1130 4201 1165 4262 ad
1189 4202 1397 4263 exarmandum
1420 4203 1506 4262 istum
1529 4202 1673 4281 proderit;
1697 4218 1751 4260 nec
1772 4208 1804 4260 tu

526 4314 646 4386 expecta
669 4305 739 4385 quid
762 4324 863 4366 omnes
885 4304 1001 4366 taudem
1024 4305 1162 4367 Germani
1185 4304 1313 4363 edicant:
1341 4310 1390 4363 tua
1412 4305 1542 4365 omnium
1573 4321 1627 4362 rox
1655 4303 1724 4371 erit,
1755 4320 1838 4361 enas

526 4414 643 4487 pectant
664 4406 719 4486 ipsi
741 4407 810 4469 dum
833 4425 915 4468 suam
937 4414 969 4468 tu
991 4408 1165 4469 sententiam
1184 4403 1331 4483 publices:
1365 4413 1505 4484 quantum
1534 4406 1562 4464 iu
1591 4423 1622 4466 se
1646 4403 1705 4472 est,
1735 4404 1805 4463 satis

524 4562 726 4574 ”—

595 4665 727 4716 ⁸ideirco
743 4666 768 4715 2.
815 4663 830 4696 ³
849 4666 962 4714 careant
978 4665 1034 4726 ipse
1052 4661 1149 4710 addidi.
1168 4663 1248 4711 malim
1266 4659 1429 4723 liberentur,
1454 4662 1502 4711 atei
1515 4661 1691 4726 peraccederet
1709 4672 1805 4707 cerere

527 4752 690 4817 suspicione.
727 4748 745 4782 ¹¹
766 4750 818 4799 .ln
837 4753 860 4798 1.
879 4749 965 4797 alut.
981 4745 1008 4809 (l)
1044 4742 1066 4776 ²⁵
1086 4743 1143 4809 ille]
1162 4746 1340 4811 interemptus
1358 4747 1503 4795 Huttenus.
1546 4745 1569 4777 ²⁷
1586 4742 1768 4810 propugnnuit
1780 4743 1805 4794 1.

527 4835 581 4868 Μ
600 4836 723 4886 discussae
737 4831 826 4899 buce]
841 4833 882 4883 Gi.
896 4830 949 4882 vol.
963 4832 985 4880 Ι.
999 4846 1024 4895 p.
1040 4827 1095 4879 101.
1110 4831 1133 4891 ἕ.
1151 4829 1171 4879 l.
1191 4847 1217 4895 p.
1235 4830 1288 4880 105.
1302 4833 1326 4890 §-
1339 4832 1363 4880 4.
1382 4847 1408 4896 p.
1424 4829 1479 4879 tou.
1492 4831 1515 4890 §-
1525 4829 1550 4880 3.
1564 4836 1592 4879 et
1605 4830 1805 4895 epigrammata

528 4923 556 4970 in
568 4922 591 4970 V
605 4919 699 4969 Gallos
718 4919 752 4967 ab
771 4934 801 4968 se
820 4917 978 4982 profligatos
1012 4915 1034 4946 ³⁰
1051 4915 1108 4965 Nee
1128 4916 1180 4965 istu
1196 4919 1218 4964 t.
1238 4916 1399 4979 Quanquam
1416 4914 1475 4963 boec
1495 4930 1545 4979 ego
1563 4915 1671 4963 minime
1690 4929 1759 4963 corr.
1773 4916 1805 4959 H.

528 5003 549 5037 ³¹
568 5022 619 5056 nee
637 5007 808 5068 eorr.!1.pre
827 5017 860 5050 ne
880 5002 903 5050 1.
