<?xml version="1.0" encoding="UTF-8"?>
<!DOCTYPE html PUBLIC "-//W3C//DTD XHTML 1.0 Transitional//EN"
    "http://www.w3.org/TR/xhtml1/DTD/xhtml1-transitional.dtd">
<html xmlns="http://www.w3.org/1999/xhtml" xml:lang="en" lang="en">
 <head>
  <title>
</title>
<meta http-equiv="Content-Type" content="text/html;charset=utf-8" />
  <meta name='ocr-system' content='tesseract 3.04.00' />
  <meta name='ocr-capabilities' content='ocr_page ocr_carea ocr_par ocr_line ocrx_word'/>
</head>
<body>
  <div class='ocr_page' id='page_1' title='image "./ulrichihuttenie01huttgoog/ulrichihuttenie01huttgoog_0135.png"; bbox 0 0 4300 6059; ppageno 0'>
   <div class='ocr_carea' id='block_1_1' title="bbox 377 698 1661 776">
    <p class='ocr_par' dir='ltr' id='par_1_1' title="bbox 377 698 1661 776">
     <span class='ocr_line' id='line_1_1' title="bbox 377 698 1661 776; baseline 0 -12"><span class='ocrx_word' id='word_1_1' title='bbox 377 727 504 764; x_wconf 64' lang='lat' dir='ltr'><strong>”Uul</strong></span> <span class='ocrx_word' id='word_1_2' title='bbox 516 726 553 763; x_wconf 73' lang='lat' dir='ltr'><strong>An</strong></span> <span class='ocrx_word' id='word_1_3' title='bbox 562 726 710 764; x_wconf 73' lang='lat' dir='ltr'><strong>rtttttctrta</strong></span> <span class='ocrx_word' id='word_1_4' title='bbox 722 727 807 763; x_wconf 71' lang='grc'><strong>0111.</strong></span> <span class='ocrx_word' id='word_1_5' title='bbox 814 728 849 764; x_wconf 77' lang='lat' dir='ltr'><strong>VT</strong></span> <span class='ocrx_word' id='word_1_6' title='bbox 862 728 973 764; x_wconf 66' lang='lat' dir='ltr'><strong>BRLLV!</strong></span> <span class='ocrx_word' id='word_1_7' title='bbox 985 729 1085 765; x_wconf 70' lang='lat' dir='ltr'><strong>TVBGlS</strong></span> <span class='ocrx_word' id='word_1_8' title='bbox 1098 726 1237 764; x_wconf 67' lang='lat' dir='ltr'><strong>lttl&#39;tflss&#39;l&#39;</strong></span> <span class='ocrx_word' id='word_1_9' title='bbox 1249 726 1472 764; x_wconf 70' lang='lat' dir='ltr'><strong>nxttoamonrt.</strong></span> <span class='ocrx_word' id='word_1_10' title='bbox 1485 711 1569 776; x_wconf 65' lang='grc'>(1513.)</span> <span class='ocrx_word' id='word_1_11' title='bbox 1590 698 1661 770; x_wconf 65' lang='lat'><strong>123</strong></span> 
     </span>
    </p>
   </div>
   <div class='ocr_carea' id='block_1_2' title="bbox 339 881 1771 4732">
    <p class='ocr_par' dir='ltr' id='par_1_2' title="bbox 339 881 1771 4732">
     <span class='ocr_line' id='line_1_2' title="bbox 377 881 1662 981; baseline -0.001 -37"><span class='ocrx_word' id='word_1_12' title='bbox 377 900 515 962; x_wconf 69' lang='lat' dir='ltr'><strong>mutus,</strong></span> <span class='ocrx_word' id='word_1_13' title='bbox 538 881 645 945; x_wconf 79' lang='lat' dir='ltr'><strong>‘l&#39;uroae</strong></span> <span class='ocrx_word' id='word_1_14' title='bbox 666 888 899 981; x_wconf 40' lang='lat' dir='ltr'><strong>regnaffpetunm</strong></span> <span class='ocrx_word' id='word_1_15' title='bbox 923 883 991 978; x_wconf 85' lang='lat' dir='ltr'><strong>dum</strong></span> <span class='ocrx_word' id='word_1_16' title='bbox 1015 901 1069 943; x_wconf 90' lang='lat' dir='ltr'><strong>nos</strong></span> <span class='ocrx_word' id='word_1_17' title='bbox 1090 884 1178 962; x_wconf 85' lang='lat' dir='ltr'><strong>apros</strong></span> <span class='ocrx_word' id='word_1_18' title='bbox 1200 889 1229 944; x_wconf 90' lang='lat' dir='ltr'><strong>et</strong></span> <span class='ocrx_word' id='word_1_19' title='bbox 1251 899 1368 952; x_wconf 87' lang='lat' dir='ltr'><strong>cervos,</strong></span> <span class='ocrx_word' id='word_1_20' title='bbox 1391 881 1432 942; x_wconf 88' lang='lat' dir='ltr'><strong>illi</strong></span> <span class='ocrx_word' id='word_1_21' title='bbox 1453 882 1543 944; x_wconf 87' lang='lat' dir='ltr'><strong>urbes</strong></span> <span class='ocrx_word' id='word_1_22' title='bbox 1565 890 1594 944; x_wconf 91' lang='lat' dir='ltr'><strong>et</strong></span> <span class='ocrx_word' id='word_1_23' title='bbox 1615 901 1662 944; x_wconf 91' lang='lat' dir='ltr'><strong>ar·</strong></span> 
     </span>
     <span class='ocr_line' id='line_1_3' title="bbox 378 982 1740 1065; baseline 0 -19"><span class='ocrx_word' id='word_1_24' title='bbox 378 1005 430 1047; x_wconf 83' lang='lat' dir='ltr'><strong>ces</strong></span> <span class='ocrx_word' id='word_1_25' title='bbox 444 983 617 1065; x_wconf 82' lang='lat' dir='ltr'><strong>illaqueant;</strong></span> <span class='ocrx_word' id='word_1_26' title='bbox 641 992 671 1063; x_wconf 86' lang='lat' dir='ltr'><strong>et</strong></span> <span class='ocrx_word' id='word_1_27' title='bbox 691 992 724 1046; x_wconf 93' lang='lat' dir='ltr'><strong>ut</strong></span> <span class='ocrx_word' id='word_1_28' title='bbox 743 982 910 1062; x_wconf 88' lang='lat' dir='ltr'><strong>intelligatis</strong></span> <span class='ocrx_word' id='word_1_29' title='bbox 932 991 1040 1064; x_wconf 89' lang='lat' dir='ltr'><strong>quanto</strong></span> <span class='ocrx_word' id='word_1_30' title='bbox 1062 985 1279 1063; x_wconf 68' lang='lat' dir='ltr'><strong>prmnntiores</strong></span> <span class='ocrx_word' id='word_1_31' title='bbox 1291 982 1378 1044; x_wconf 87' lang='lat' dir='ltr'><strong>nobis</strong></span> <span class='ocrx_word' id='word_1_32' title='bbox 1391 985 1495 1045; x_wconf 76' lang='lat' dir='ltr'><strong>Turum</strong></span> <span class='ocrx_word' id='word_1_33' title='bbox 1510 993 1662 1047; x_wconf 74' lang='lat' dir='ltr'><strong>venatores</strong></span> <span class='ocrx_word' id='word_1_34' title='bbox 1733 1048 1740 1063; x_wconf 26' lang='lat' dir='ltr'>x</span> 
     </span>
     <span class='ocr_line' id='line_1_4' title="bbox 377 1074 1661 1169; baseline -0.002 -21"><span class='ocrx_word' id='word_1_35' title='bbox 377 1088 452 1154; x_wconf 83' lang='lat' dir='ltr'><strong>sint,</strong></span> <span class='ocrx_word' id='word_1_36' title='bbox 474 1074 622 1149; x_wconf 55' lang='lat' dir='ltr'><strong>dum-fis</strong></span> <span class='ocrx_word' id='word_1_37' title='bbox 643 1084 776 1148; x_wconf 76' lang='lat' dir='ltr'>imbelles</span> <span class='ocrx_word' id='word_1_38' title='bbox 797 1085 928 1169; x_wconf 71' lang='lat' dir='ltr'><strong>tepores,</strong></span> <span class='ocrx_word' id='word_1_39' title='bbox 951 1086 1069 1165; x_wconf 76' lang='lat' dir='ltr'><strong>fugaces</strong></span> <span class='ocrx_word' id='word_1_40' title='bbox 1091 1085 1192 1148; x_wconf 83' lang='lat' dir='ltr'><strong>damas</strong></span> <span class='ocrx_word' id='word_1_41' title='bbox 1213 1086 1408 1165; x_wconf 80' lang='lat' dir='ltr'>insequimur,</span> <span class='ocrx_word' id='word_1_42' title='bbox 1431 1084 1471 1146; x_wconf 93' lang='lat' dir='ltr'><strong>illi</strong></span> <span class='ocrx_word' id='word_1_43' title='bbox 1486 1085 1661 1165; x_wconf 86' lang='lat' dir='ltr'><strong>amplissima</strong></span> 
     </span>
     <span class='ocr_line' id='line_1_5' title="bbox 377 1182 1670 1267; baseline -0.001 -18"><span class='ocrx_word' id='word_1_44' title='bbox 377 1207 414 1249; x_wconf 87' lang='lat' dir='ltr'><strong>ae</strong></span> <span class='ocrx_word' id='word_1_45' title='bbox 436 1186 657 1267; x_wconf 86' lang='lat' dir='ltr'><strong>opulentissima</strong></span> <span class='ocrx_word' id='word_1_46' title='bbox 679 1188 796 1248; x_wconf 79' lang='lat' dir='ltr'><strong>interim</strong></span> <span class='ocrx_word' id='word_1_47' title='bbox 819 1187 894 1253; x_wconf 78' lang='lat' dir='ltr'><strong>daie</strong></span> <span class='ocrx_word' id='word_1_48' title='bbox 915 1204 1006 1265; x_wconf 88' lang='lat' dir='ltr'><strong>regna</strong></span> <span class='ocrx_word' id='word_1_49' title='bbox 1028 1194 1188 1267; x_wconf 86' lang='lat' dir='ltr'><strong>oeperunt,</strong></span> <span class='ocrx_word' id='word_1_50' title='bbox 1211 1182 1315 1249; x_wconf 77' lang='lat' dir='ltr'><strong>Atrion</strong></span> <span class='ocrx_word' id='word_1_51' title='bbox 1337 1186 1473 1267; x_wconf 89' lang='lat' dir='ltr'><strong>laqueum</strong></span> <span class='ocrx_word' id='word_1_52' title='bbox 1494 1183 1670 1258; x_wconf 88' lang='lat' dir='ltr'><strong>induerunt,&#39;</strong></span> 
     </span>
     <span class='ocr_line' id='line_1_6' title="bbox 354 1280 1729 1368; baseline 0.004 -22"><span class='ocrx_word' id='word_1_53' title='bbox 354 1304 517 1368; x_wconf 84' lang='lat' dir='ltr'><strong>smagnatn</strong></span> <span class='ocrx_word' id='word_1_54' title='bbox 544 1289 672 1368; x_wconf 77' lang='lat' dir='ltr'><strong>Europae</strong></span> <span class='ocrx_word' id='word_1_55' title='bbox 699 1280 826 1368; x_wconf 66' lang='lat' dir='ltr'><strong>partem*</strong></span> <span class='ocrx_word' id='word_1_56' title='bbox 835 1289 975 1350; x_wconf 89' lang='lat' dir='ltr'><strong>irretitam</strong></span> <span class='ocrx_word' id='word_1_57' title='bbox 999 1295 1108 1350; x_wconf 88' lang='lat' dir='ltr'><strong>tenent.</strong></span> <span class='ocrx_word' id='word_1_58' title='bbox 1153 1288 1300 1350; x_wconf 79' lang='lat' dir='ltr'><strong>Audemus</strong></span> <span class='ocrx_word' id='word_1_59' title='bbox 1322 1307 1388 1350; x_wconf 83' lang='lat' dir='ltr'><strong>eum</strong></span> <span class='ocrx_word' id='word_1_60' title='bbox 1411 1290 1483 1351; x_wconf 83' lang='lat' dir='ltr'><strong>istae</strong></span> <span class='ocrx_word' id='word_1_61' title='bbox 1504 1291 1729 1357; x_wconf 81' lang='lat' dir='ltr'><strong>venationetuan</strong></span> 
     </span>
     <span class='ocr_line' id='line_1_7' title="bbox 376 1366 1709 1475; baseline 0 -22"><span class='ocrx_word' id='word_1_62' title='bbox 376 1397 480 1454; x_wconf 82' lang='lat' dir='ltr'><strong>nostra</strong></span> <span class='ocrx_word' id='word_1_63' title='bbox 503 1390 639 1453; x_wconf 82' lang='lat' dir='ltr'><strong>conterre</strong></span> <span class='ocrx_word' id='word_1_64' title='bbox 660 1391 776 1453; x_wconf 82' lang='lat' dir='ltr'><strong>studiat</strong></span> <span class='ocrx_word' id='word_1_65' title='bbox 804 1392 946 1452; x_wconf 90' lang='lat' dir='ltr'><strong>audemus</strong></span> <span class='ocrx_word' id='word_1_66' title='bbox 968 1390 1119 1452; x_wconf 81' lang='lat' dir='ltr'><strong>fructuoso</strong></span> <span class='ocrx_word' id='word_1_67' title='bbox 1142 1392 1187 1452; x_wconf 90' lang='lat' dir='ltr'><strong>isti</strong></span> <span class='ocrx_word' id='word_1_68' title='bbox 1208 1391 1278 1452; x_wconf 92' lang='lat' dir='ltr'><strong>ludo</strong></span> <span class='ocrx_word' id='word_1_69' title='bbox 1306 1366 1431 1453; x_wconf 73' lang='lat' dir='ltr'><strong>steriles&#39;</strong></span> <span class='ocrx_word' id='word_1_70' title='bbox 1445 1397 1563 1453; x_wconf 83' lang='lat' dir='ltr'><strong>nostros</strong></span> <span class='ocrx_word' id='word_1_71' title='bbox 1640 1424 1664 1475; x_wconf 21' lang='grc' dir='ltr'><strong>Ι·</strong></span> <span class='ocrx_word' id='word_1_72' title='bbox 1707 1399 1709 1402; x_wconf 53' lang='lat'><em>⁴</em></span> 
     </span>
     <span class='ocr_line' id='line_1_8' title="bbox 376 1408 1664 1573; baseline -0.003 -18"><span class='ocrx_word' id='word_1_73' title='bbox 376 1510 486 1573; x_wconf 77' lang='lat' dir='ltr'><strong>potare</strong></span> <span class='ocrx_word' id='word_1_74' title='bbox 499 1492 636 1554; x_wconf 80' lang='lat' dir='ltr'><strong>laborent</strong></span> <span class='ocrx_word' id='word_1_75' title='bbox 657 1492 763 1555; x_wconf 81' lang='lat' dir='ltr'><strong>&#39;lurcae</strong></span> <span class='ocrx_word' id='word_1_76' title='bbox 777 1492 854 1554; x_wconf 88' lang='lat' dir='ltr'><strong>bella</strong></span> <span class='ocrx_word' id='word_1_77' title='bbox 869 1501 991 1570; x_wconf 85' lang='lat' dir='ltr'><strong>gerunt,</strong></span> <span class='ocrx_word' id='word_1_78' title='bbox 1014 1494 1072 1557; x_wconf 83' lang='lat' dir='ltr'><strong>dos</strong></span> <span class='ocrx_word' id='word_1_79' title='bbox 1083 1493 1224 1562; x_wconf 88' lang='lat' dir='ltr'><strong>ludimus;</strong></span> <span class='ocrx_word' id='word_1_80' title='bbox 1247 1492 1352 1553; x_wconf 77' lang='lat' dir='ltr'><strong>lurore</strong></span> <span class='ocrx_word' id='word_1_81' title='bbox 1367 1470 1505 1572; x_wconf 59' lang='lat' dir='ltr'><strong>re&#39;fflaut,</strong></span> <span class='ocrx_word' id='word_1_82' title='bbox 1528 1408 1664 1561; x_wconf 49' lang='lat' dir='ltr'><strong>nosednffiv</strong></span> 
     </span>
     <span class='ocr_line' id='line_1_9' title="bbox 377 1591 1664 1712; baseline 0 -57"><span class='ocrx_word' id='word_1_83' title='bbox 377 1594 457 1679; x_wconf 43' lang='lat' dir='ltr'><strong>ierit„</strong></span> <span class='ocrx_word' id='word_1_84' title='bbox 508 1595 690 1712; x_wconf 68' lang='lat' dir='ltr'><strong>nlliqlaqnun</strong></span> <span class='ocrx_word' id='word_1_85' title='bbox 713 1594 819 1656; x_wconf 75' lang='lat' dir='ltr'><strong>Toron</strong></span> <span class='ocrx_word' id='word_1_86' title='bbox 839 1596 1036 1674; x_wconf 87' lang='lat' dir='ltr'><strong>triumphant,</strong></span> <span class='ocrx_word' id='word_1_87' title='bbox 1059 1612 1115 1654; x_wconf 85' lang='lat' dir='ltr'><strong>uos</strong></span> <span class='ocrx_word' id='word_1_88' title='bbox 1130 1594 1259 1655; x_wconf 86' lang='lat' dir='ltr'><strong>convivia</strong></span> <span class='ocrx_word' id='word_1_89' title='bbox 1274 1593 1402 1670; x_wconf 81' lang='lat' dir='ltr'><strong>agimus:</strong></span> <span class='ocrx_word' id='word_1_90' title='bbox 1426 1595 1527 1672; x_wconf 88' lang='lat' dir='ltr'><strong>ecquis</strong></span> <span class='ocrx_word' id='word_1_91' title='bbox 1545 1591 1664 1655; x_wconf 88' lang='lat' dir='ltr'><strong>ludendi</strong></span> 
     </span>
     <span class='ocr_line' id='line_1_10' title="bbox 376 1612 1731 1807; baseline 0 -47"><span class='ocrx_word' id='word_1_92' title='bbox 376 1612 508 1807; x_wconf 44' lang='lat' dir='ltr'><em>W</em></span> <span class='ocrx_word' id='word_1_93' title='bbox 525 1698 664 1777; x_wconf 81' lang='lat' dir='ltr'><strong>ignnvrte,</strong></span> <span class='ocrx_word' id='word_1_94' title='bbox 686 1698 819 1759; x_wconf 87' lang='lat' dir='ltr'><strong>vanitatis</strong></span> <span class='ocrx_word' id='word_1_95' title='bbox 840 1716 875 1758; x_wconf 84' lang='lat' dir='ltr'><strong>ao</strong></span> <span class='ocrx_word' id='word_1_96' title='bbox 898 1696 1119 1757; x_wconf 75' lang='lat' dir='ltr'><strong>desiniemus?</strong></span> <span class='ocrx_word' id='word_1_97' title='bbox 1141 1696 1313 1775; x_wconf 83' lang='lat' dir='ltr'><strong>Quanquam</strong></span> <span class='ocrx_word' id='word_1_98' title='bbox 1337 1697 1447 1757; x_wconf 88' lang='lat' dir='ltr'><strong>utinam</strong></span> <span class='ocrx_word' id='word_1_99' title='bbox 1461 1697 1524 1764; x_wconf 87' lang='lat' dir='ltr'><strong>ista,</strong></span> <span class='ocrx_word' id='word_1_100' title='bbox 1547 1694 1731 1789; x_wconf 64' lang='lat' dir='ltr'><strong>qualia-§.ut⁸</strong></span> 
     </span>
     <span class='ocr_line' id='line_1_11' title="bbox 343 1796 1663 1879; baseline 0 -20"><span class='ocrx_word' id='word_1_101' title='bbox 343 1818 497 1879; x_wconf 84' lang='lat' dir='ltr'><strong>roounquo</strong></span> <span class='ocrx_word' id='word_1_102' title='bbox 517 1806 602 1872; x_wconf 84' lang='lat' dir='ltr'><strong>sunt,</strong></span> <span class='ocrx_word' id='word_1_103' title='bbox 631 1801 904 1879; x_wconf 81' lang='lat' dir='ltr'><strong>potiusagerenms</strong></span> <span class='ocrx_word' id='word_1_104' title='bbox 926 1816 1015 1876; x_wconf 88' lang='lat' dir='ltr'><strong>quam</strong></span> <span class='ocrx_word' id='word_1_105' title='bbox 1036 1815 1102 1876; x_wconf 84' lang='lat' dir='ltr'><strong>quae</strong></span> <span class='ocrx_word' id='word_1_106' title='bbox 1124 1796 1211 1874; x_wconf 88' lang='lat' dir='ltr'><strong>paulo</strong></span> <span class='ocrx_word' id='word_1_107' title='bbox 1233 1805 1299 1857; x_wconf 87' lang='lat' dir='ltr'><strong>ante</strong></span> <span class='ocrx_word' id='word_1_108' title='bbox 1322 1796 1394 1866; x_wconf 85' lang='lat' dir='ltr'>dixi,</span> <span class='ocrx_word' id='word_1_109' title='bbox 1424 1797 1530 1876; x_wconf 91' lang='lat' dir='ltr'><strong>quibus</strong></span> <span class='ocrx_word' id='word_1_110' title='bbox 1550 1799 1580 1858; x_wconf 91' lang='lat' dir='ltr'><strong>in</strong></span> <span class='ocrx_word' id='word_1_111' title='bbox 1603 1799 1663 1878; x_wconf 80' lang='lat' dir='ltr'><strong>exi·</strong></span> 
     </span>
     <span class='ocr_line' id='line_1_12' title="bbox 376 1898 1663 1979; baseline -0.002 -17"><span class='ocrx_word' id='word_1_112' title='bbox 376 1904 451 1963; x_wconf 86' lang='lat' dir='ltr'><strong>tium</strong></span> <span class='ocrx_word' id='word_1_113' title='bbox 472 1902 638 1964; x_wconf 82' lang='lat' dir='ltr'><strong>Germanin</strong></span> <span class='ocrx_word' id='word_1_114' title='bbox 659 1918 847 1970; x_wconf 82' lang='lat' dir='ltr'><strong>exercemur,</strong></span> <span class='ocrx_word' id='word_1_115' title='bbox 875 1899 992 1979; x_wconf 88' lang='lat' dir='ltr'><strong>quando</strong></span> <span class='ocrx_word' id='word_1_116' title='bbox 1014 1898 1226 1978; x_wconf 80' lang='lat' dir='ltr'>direptionibus</span> <span class='ocrx_word' id='word_1_117' title='bbox 1251 1917 1372 1977; x_wconf 88' lang='lat' dir='ltr'><strong>operam</strong></span> <span class='ocrx_word' id='word_1_118' title='bbox 1388 1898 1515 1967; x_wconf 62' lang='lat' dir='ltr'><strong>&#39;damna</strong></span> <span class='ocrx_word' id='word_1_119' title='bbox 1546 1899 1663 1978; x_wconf 92' lang='lat' dir='ltr'><strong>quando</strong></span> 
     </span>
     <span class='ocr_line' id='line_1_13' title="bbox 375 2001 1673 2080; baseline 0 -16"><span class='ocrx_word' id='word_1_120' title='bbox 375 2002 535 2073; x_wconf 78' lang='lat' dir='ltr'><strong>incendiis,</strong></span> <span class='ocrx_word' id='word_1_121' title='bbox 559 2003 756 2064; x_wconf 78' lang='lat' dir='ltr'><strong>devastatione</strong></span> <span class='ocrx_word' id='word_1_122' title='bbox 776 2021 812 2063; x_wconf 84' lang='lat' dir='ltr'><strong>an</strong></span> <span class='ocrx_word' id='word_1_123' title='bbox 834 2001 1106 2063; x_wconf 85' lang='lat' dir='ltr'><strong>emdibus.invioem</strong></span> <span class='ocrx_word' id='word_1_124' title='bbox 1129 2018 1184 2062; x_wconf 90' lang='lat' dir='ltr'><strong>nos</strong></span> <span class='ocrx_word' id='word_1_125' title='bbox 1198 2001 1405 2062; x_wconf 87' lang='lat' dir='ltr'><strong>consumimus.</strong></span> <span class='ocrx_word' id='word_1_126' title='bbox 1449 2001 1485 2061; x_wconf 81' lang='lat' dir='ltr'><strong>Et</strong></span> <span class='ocrx_word' id='word_1_127' title='bbox 1507 2008 1577 2062; x_wconf 83' lang='lat' dir='ltr'><strong>tunc</strong></span> <span class='ocrx_word' id='word_1_128' title='bbox 1599 2001 1673 2080; x_wconf 80' lang='lat' dir='ltr'><strong>qui·.</strong></span> 
     </span>
     <span class='ocr_line' id='line_1_14' title="bbox 376 2084 1662 2182; baseline -0.003 -16"><span class='ocrx_word' id='word_1_129' title='bbox 376 2106 445 2167; x_wconf 90' lang='lat' dir='ltr'><strong>dem</strong></span> <span class='ocrx_word' id='word_1_130' title='bbox 467 2106 556 2166; x_wconf 90' lang='lat' dir='ltr'><strong>animi</strong></span> <span class='ocrx_word' id='word_1_131' title='bbox 577 2103 664 2166; x_wconf 90' lang='lat' dir='ltr'><strong>nobis</strong></span> <span class='ocrx_word' id='word_1_132' title='bbox 684 2110 815 2175; x_wconf 90' lang='lat' dir='ltr'><strong>tument,</strong></span> <span class='ocrx_word' id='word_1_133' title='bbox 839 2105 913 2165; x_wconf 79' lang='lat' dir='ltr'><strong>sires</strong></span> <span class='ocrx_word' id='word_1_134' title='bbox 935 2084 1133 2175; x_wconf 74' lang='lat' dir='ltr'><strong>ostentant&#39;ur,</strong></span> <span class='ocrx_word' id='word_1_135' title='bbox 1161 2120 1228 2162; x_wconf 89' lang='lat' dir='ltr'><strong>cum</strong></span> <span class='ocrx_word' id='word_1_136' title='bbox 1250 2102 1389 2163; x_wconf 78' lang='lat' dir='ltr'><strong>Germani</strong></span> <span class='ocrx_word' id='word_1_137' title='bbox 1411 2102 1574 2164; x_wconf 84' lang='lat' dir='ltr'><strong>Germanos</strong></span> <span class='ocrx_word' id='word_1_138' title='bbox 1595 2120 1662 2182; x_wconf 89' lang='lat' dir='ltr'><strong>per·</strong></span> 
     </span>
     <span class='ocr_line' id='line_1_15' title="bbox 376 2196 1660 2286; baseline -0.002 -18"><span class='ocrx_word' id='word_1_139' title='bbox 376 2208 483 2268; x_wconf 86' lang='lat' dir='ltr'><strong>dimus.</strong></span> <span class='ocrx_word' id='word_1_140' title='bbox 529 2206 580 2267; x_wconf 91' lang='lat' dir='ltr'><strong>sed</strong></span> <span class='ocrx_word' id='word_1_141' title='bbox 610 2211 720 2286; x_wconf 81' lang='lat' dir='ltr'><strong>quatuo</strong></span> <span class='ocrx_word' id='word_1_142' title='bbox 749 2207 841 2285; x_wconf 89' lang='lat' dir='ltr'><strong>magis</strong></span> <span class='ocrx_word' id='word_1_143' title='bbox 863 2208 992 2286; x_wconf 90' lang='lat' dir='ltr'><strong>oportuit</strong></span> <span class='ocrx_word' id='word_1_144' title='bbox 1013 2211 1159 2283; x_wconf 89' lang='lat' dir='ltr'><strong>perpetuo</strong></span> <span class='ocrx_word' id='word_1_145' title='bbox 1181 2204 1265 2265; x_wconf 91' lang='lat' dir='ltr'><strong>otiari</strong></span> <span class='ocrx_word' id='word_1_146' title='bbox 1293 2222 1380 2283; x_wconf 88' lang='lat' dir='ltr'><strong>quam</strong></span> <span class='ocrx_word' id='word_1_147' title='bbox 1402 2196 1445 2267; x_wconf 80' lang='lat' dir='ltr'><strong>sin</strong></span> <span class='ocrx_word' id='word_1_148' title='bbox 1466 2203 1548 2266; x_wconf 91' lang='lat' dir='ltr'><strong>obire</strong></span> <span class='ocrx_word' id='word_1_149' title='bbox 1570 2221 1660 2283; x_wconf 88' lang='lat' dir='ltr'><strong>nego·</strong></span> 
     </span>
     <span class='ocr_line' id='line_1_16' title="bbox 344 2304 1731 2386; baseline -0.002 -16"><span class='ocrx_word' id='word_1_150' title='bbox 344 2309 465 2371; x_wconf 78' lang='lat' dir='ltr'><strong>ratium!</strong></span> <span class='ocrx_word' id='word_1_151' title='bbox 493 2309 585 2370; x_wconf 79' lang='lat' dir='ltr'><strong>Annis</strong></span> <span class='ocrx_word' id='word_1_152' title='bbox 605 2307 808 2386; x_wconf 86' lang='lat' dir='ltr'><strong>superioribus</strong></span> <span class='ocrx_word' id='word_1_153' title='bbox 829 2307 975 2372; x_wconf 86' lang='lat' dir='ltr'><strong>devastata</strong></span> <span class='ocrx_word' id='word_1_154' title='bbox 997 2315 1043 2368; x_wconf 87' lang='lat' dir='ltr'><strong>est</strong></span> <span class='ocrx_word' id='word_1_155' title='bbox 1057 2304 1187 2375; x_wconf 85' lang='lat' dir='ltr'><strong>Bavaria,</strong></span> <span class='ocrx_word' id='word_1_156' title='bbox 1210 2305 1325 2366; x_wconf 83' lang='lat' dir='ltr'><strong>altliotae</strong></span> <span class='ocrx_word' id='word_1_157' title='bbox 1340 2305 1505 2377; x_wconf 87' lang='lat' dir='ltr'><strong>Brabautia,</strong></span> <span class='ocrx_word' id='word_1_158' title='bbox 1528 2305 1731 2377; x_wconf 60' lang='lat' dir='ltr'><strong>Geldriannas.</strong></span> 
     </span>
     <span class='ocr_line' id='line_1_17' title="bbox 376 2406 1662 2490; baseline 0 -19"><span class='ocrx_word' id='word_1_159' title='bbox 376 2410 523 2477; x_wconf 73' lang='lat' dir='ltr'><strong>Frislaet</strong></span> <span class='ocrx_word' id='word_1_160' title='bbox 544 2409 699 2479; x_wconf 88' lang='lat' dir='ltr'><strong>llolandia‚</strong></span> <span class='ocrx_word' id='word_1_161' title='bbox 728 2417 816 2490; x_wconf 87' lang='lat' dir='ltr'><strong>atque</strong></span> <span class='ocrx_word' id='word_1_162' title='bbox 843 2411 875 2470; x_wconf 91' lang='lat' dir='ltr'><strong>in</strong></span> <span class='ocrx_word' id='word_1_163' title='bbox 904 2408 950 2468; x_wconf 88' lang='lat' dir='ltr'><strong>bis</strong></span> <span class='ocrx_word' id='word_1_164' title='bbox 970 2409 1079 2488; x_wconf 73' lang='lat' dir='ltr'><strong>patriae·</strong></span> <span class='ocrx_word' id='word_1_165' title='bbox 1096 2406 1228 2471; x_wconf 85' lang='lat' dir='ltr'><strong>cladibus</strong></span> <span class='ocrx_word' id='word_1_166' title='bbox 1249 2411 1356 2470; x_wconf 87' lang='lat' dir='ltr'><strong>inventi</strong></span> <span class='ocrx_word' id='word_1_167' title='bbox 1378 2415 1447 2470; x_wconf 88' lang='lat' dir='ltr'><strong>sunt</strong></span> <span class='ocrx_word' id='word_1_168' title='bbox 1468 2411 1518 2489; x_wconf 91' lang='lat' dir='ltr'><strong>qui</strong></span> <span class='ocrx_word' id='word_1_169' title='bbox 1540 2408 1662 2488; x_wconf 76' lang='lat' dir='ltr'><strong>gloriam</strong></span> 
     </span>
     <span class='ocr_line' id='line_1_18' title="bbox 375 2508 1663 2593; baseline 0.002 -22"><span class='ocrx_word' id='word_1_170' title='bbox 375 2530 495 2593; x_wconf 88' lang='lat' dir='ltr'><strong>quoque</strong></span> <span class='ocrx_word' id='word_1_171' title='bbox 515 2512 701 2580; x_wconf 65' lang='lat' dir='ltr'><strong>attentassem</strong></span> <span class='ocrx_word' id='word_1_172' title='bbox 724 2508 808 2591; x_wconf 76' lang='lat' dir='ltr'><strong>quisi</strong></span> <span class='ocrx_word' id='word_1_173' title='bbox 829 2527 898 2572; x_wconf 87' lang='lat' dir='ltr'><strong>vero</strong></span> <span class='ocrx_word' id='word_1_174' title='bbox 921 2511 1107 2587; x_wconf 81' lang='lat' dir='ltr'><strong>magnificum</strong></span> <span class='ocrx_word' id='word_1_175' title='bbox 1130 2511 1168 2570; x_wconf 90' lang='lat' dir='ltr'><strong>sit</strong></span> <span class='ocrx_word' id='word_1_176' title='bbox 1187 2510 1312 2588; x_wconf 89' lang='lat' dir='ltr'><strong>patriam</strong></span> <span class='ocrx_word' id='word_1_177' title='bbox 1335 2522 1454 2580; x_wconf 86' lang='lat' dir='ltr'><strong>vexare,</strong></span> <span class='ocrx_word' id='word_1_178' title='bbox 1477 2513 1663 2573; x_wconf 83' lang='lat' dir='ltr'><strong>Germaniam</strong></span> 
     </span>
     <span class='ocr_line' id='line_1_19' title="bbox 375 2611 1661 2701; baseline 0.001 -27"><span class='ocrx_word' id='word_1_179' title='bbox 375 2614 521 2701; x_wconf 76' lang='lat' dir='ltr'><strong>intestinis</strong></span> <span class='ocrx_word' id='word_1_180' title='bbox 543 2632 578 2674; x_wconf 88' lang='lat' dir='ltr'><strong>ae</strong></span> <span class='ocrx_word' id='word_1_181' title='bbox 599 2611 732 2674; x_wconf 82' lang='lat' dir='ltr'><strong>civilibus</strong></span> <span class='ocrx_word' id='word_1_182' title='bbox 751 2611 836 2674; x_wconf 91' lang='lat' dir='ltr'><strong>bellis</strong></span> <span class='ocrx_word' id='word_1_183' title='bbox 859 2612 1020 2674; x_wconf 89' lang='lat' dir='ltr'><strong>involvere:</strong></span> <span class='ocrx_word' id='word_1_184' title='bbox 1050 2618 1079 2672; x_wconf 91' lang='lat' dir='ltr'><strong>et</strong></span> <span class='ocrx_word' id='word_1_185' title='bbox 1105 2611 1188 2672; x_wconf 90' lang='lat' dir='ltr'><strong>multi</strong></span> <span class='ocrx_word' id='word_1_186' title='bbox 1216 2613 1259 2672; x_wconf 85' lang='lat' dir='ltr'><strong>sic</strong></span> <span class='ocrx_word' id='word_1_187' title='bbox 1280 2611 1436 2689; x_wconf 87' lang='lat' dir='ltr'><strong>putabant:</strong></span> <span class='ocrx_word' id='word_1_188' title='bbox 1466 2612 1540 2674; x_wconf 90' lang='lat' dir='ltr'><strong>adeo</strong></span> <span class='ocrx_word' id='word_1_189' title='bbox 1555 2632 1661 2678; x_wconf 79' lang='lat' dir='ltr'><strong>,veram</strong></span> 
     </span>
     <span class='ocr_line' id='line_1_20' title="bbox 376 2708 1728 2794; baseline 0.004 -19"><span class='ocrx_word' id='word_1_190' title='bbox 376 2714 502 2794; x_wconf 82' lang='lat' dir='ltr'><strong>gloriam</strong></span> <span class='ocrx_word' id='word_1_191' title='bbox 524 2708 583 2774; x_wconf 89' lang='lat' dir='ltr'><strong>nnn</strong></span> <span class='ocrx_word' id='word_1_192' title='bbox 605 2715 694 2780; x_wconf 83' lang='lat' dir='ltr'><strong>sentit</strong></span> <span class='ocrx_word' id='word_1_193' title='bbox 714 2715 772 2776; x_wconf 86' lang='lat' dir='ltr'><strong>boo</strong></span> <span class='ocrx_word' id='word_1_194' title='bbox 785 2722 919 2792; x_wconf 89' lang='lat' dir='ltr'><strong>tempore</strong></span> <span class='ocrx_word' id='word_1_195' title='bbox 934 2715 1100 2777; x_wconf 88' lang='lat' dir='ltr'><strong>Germania.</strong></span> <span class='ocrx_word' id='word_1_196' title='bbox 1144 2714 1181 2773; x_wconf 86' lang='lat' dir='ltr'><strong>Et</strong></span> <span class='ocrx_word' id='word_1_197' title='bbox 1201 2712 1310 2775; x_wconf 90' lang='lat' dir='ltr'><strong>similes</strong></span> <span class='ocrx_word' id='word_1_198' title='bbox 1324 2713 1395 2773; x_wconf 89' lang='lat' dir='ltr'><strong>mibi</strong></span> <span class='ocrx_word' id='word_1_199' title='bbox 1410 2715 1545 2776; x_wconf 91' lang='lat' dir='ltr'><strong>videntur</strong></span> <span class='ocrx_word' id='word_1_200' title='bbox 1559 2717 1728 2785; x_wconf 73' lang='lat' dir='ltr'><strong>istius-tntu</strong></span> 
     </span>
     <span class='ocr_line' id='line_1_21' title="bbox 339 2813 1663 2898; baseline 0.001 -20"><span class='ocrx_word' id='word_1_201' title='bbox 339 2817 457 2884; x_wconf 64' lang='lat' dir='ltr'><strong>oomodi</strong></span> <span class='ocrx_word' id='word_1_202' title='bbox 479 2817 600 2878; x_wconf 82' lang='lat' dir='ltr'><strong>allectus</strong></span> <span class='ocrx_word' id='word_1_203' title='bbox 620 2815 796 2896; x_wconf 83' lang='lat' dir='ltr'><strong>quibusdam</strong></span> <span class='ocrx_word' id='word_1_204' title='bbox 818 2816 891 2877; x_wconf 85' lang='lat' dir='ltr'><strong>cibis</strong></span> <span class='ocrx_word' id='word_1_205' title='bbox 921 2818 985 2896; x_wconf 88' lang='lat' dir='ltr'><strong>qui,</strong></span> <span class='ocrx_word' id='word_1_206' title='bbox 1014 2823 1047 2876; x_wconf 92' lang='lat' dir='ltr'><strong>ut</strong></span> <span class='ocrx_word' id='word_1_207' title='bbox 1073 2815 1230 2896; x_wconf 83' lang='lat' dir='ltr'><strong>perhibent</strong></span> <span class='ocrx_word' id='word_1_208' title='bbox 1257 2815 1379 2884; x_wconf 85' lang='lat' dir='ltr'><strong>medici,</strong></span> <span class='ocrx_word' id='word_1_209' title='bbox 1408 2813 1502 2876; x_wconf 86' lang='lat' dir='ltr'><strong>nullas</strong></span> <span class='ocrx_word' id='word_1_210' title='bbox 1529 2819 1663 2898; x_wconf 86' lang='lat' dir='ltr'><strong>eorporis</strong></span> 
     </span>
     <span class='ocr_line' id='line_1_22' title="bbox 376 2911 1660 2998; baseline 0 -18"><span class='ocrx_word' id='word_1_211' title='bbox 376 2926 477 2997; x_wconf 84' lang='lat' dir='ltr'><strong>partes</strong></span> <span class='ocrx_word' id='word_1_212' title='bbox 504 2935 600 2998; x_wconf 89' lang='lat' dir='ltr'><strong>neque</strong></span> <span class='ocrx_word' id='word_1_213' title='bbox 628 2927 737 2998; x_wconf 88' lang='lat' dir='ltr'><strong>augent</strong></span> <span class='ocrx_word' id='word_1_214' title='bbox 763 2937 859 2997; x_wconf 88' lang='lat' dir='ltr'><strong>neque</strong></span> <span class='ocrx_word' id='word_1_215' title='bbox 887 2911 1073 2986; x_wconf 69' lang='lat' dir='ltr'><strong>romerium,</strong></span> <span class='ocrx_word' id='word_1_216' title='bbox 1106 2918 1199 2978; x_wconf 88' lang='lat' dir='ltr'><strong>ventri</strong></span> <span class='ocrx_word' id='word_1_217' title='bbox 1227 2917 1315 2978; x_wconf 90' lang='lat' dir='ltr'><strong>modo</strong></span> <span class='ocrx_word' id='word_1_218' title='bbox 1342 2917 1520 2979; x_wconf 84' lang='lat' dir='ltr'><strong>inflationem</strong></span> <span class='ocrx_word' id='word_1_219' title='bbox 1544 2919 1660 2980; x_wconf 82' lang='lat' dir='ltr'><strong>laniunt.</strong></span> 
     </span>
     <span class='ocr_line' id='line_1_23' title="bbox 375 3018 1660 3101; baseline 0.001 -20"><span class='ocrx_word' id='word_1_220' title='bbox 375 3039 445 3082; x_wconf 74' lang='lat' dir='ltr'><strong>nom</strong></span> <span class='ocrx_word' id='word_1_221' title='bbox 466 3020 679 3101; x_wconf 66' lang='lat' dir='ltr'><strong>quidemsnnt</strong></span> <span class='ocrx_word' id='word_1_222' title='bbox 699 3019 749 3095; x_wconf 69' lang='lat' dir='ltr'><strong>bo,</strong></span> <span class='ocrx_word' id='word_1_223' title='bbox 855 3023 903 3100; x_wconf 89' lang='lat' dir='ltr'><strong>qui</strong></span> <span class='ocrx_word' id='word_1_224' title='bbox 926 3027 958 3081; x_wconf 90' lang='lat' dir='ltr'><strong>nt</strong></span> <span class='ocrx_word' id='word_1_225' title='bbox 980 3018 1059 3082; x_wconf 88' lang='lat' dir='ltr'><strong>nulla</strong></span> <span class='ocrx_word' id='word_1_226' title='bbox 1082 3021 1211 3081; x_wconf 81' lang='lat' dir='ltr'><strong>bonestae</strong></span> <span class='ocrx_word' id='word_1_227' title='bbox 1234 3019 1326 3081; x_wconf 89' lang='lat' dir='ltr'><strong>laudis</strong></span> <span class='ocrx_word' id='word_1_228' title='bbox 1341 3019 1500 3098; x_wconf 84' lang='lat' dir='ltr'><strong>eupiditate</strong></span> <span class='ocrx_word' id='word_1_229' title='bbox 1515 3026 1660 3090; x_wconf 86' lang='lat' dir='ltr'><strong>tenentur,</strong></span> 
     </span>
     <span class='ocr_line' id='line_1_24' title="bbox 375 3086 1663 3200; baseline 0.002 -18"><span class='ocrx_word' id='word_1_230' title='bbox 375 3123 415 3183; x_wconf 85' lang='lat' dir='ltr'><strong>ita</strong></span> <span class='ocrx_word' id='word_1_231' title='bbox 436 3086 587 3185; x_wconf 70' lang='lat' dir='ltr'><strong>circulos</strong></span> <span class='ocrx_word' id='word_1_232' title='bbox 610 3119 727 3183; x_wconf 88' lang='lat' dir='ltr'><strong>lrivolas</strong></span> <span class='ocrx_word' id='word_1_233' title='bbox 787 3138 899 3184; x_wconf 77' lang='lat' dir='ltr'><strong>naues</strong></span> <span class='ocrx_word' id='word_1_234' title='bbox 921 3121 1067 3184; x_wconf 89' lang='lat' dir='ltr'><strong>ambitiosi</strong></span> <span class='ocrx_word' id='word_1_235' title='bbox 1090 3130 1172 3192; x_wconf 90' lang='lat' dir='ltr'><strong>sunt,</strong></span> <span class='ocrx_word' id='word_1_236' title='bbox 1203 3100 1258 3183; x_wconf 89' lang='lat' dir='ltr'><strong>illis</strong></span> <span class='ocrx_word' id='word_1_237' title='bbox 1281 3122 1391 3200; x_wconf 89' lang='lat' dir='ltr'><strong>ignavis</strong></span> <span class='ocrx_word' id='word_1_238' title='bbox 1412 3120 1534 3183; x_wconf 85' lang='lat' dir='ltr'><strong>canibus</strong></span> <span class='ocrx_word' id='word_1_239' title='bbox 1555 3122 1663 3184; x_wconf 85' lang='lat' dir='ltr'><strong>similes</strong></span> 
     </span>
     <span class='ocr_line' id='line_1_25' title="bbox 376 3222 1771 3321; baseline 0.001 -36"><span class='ocrx_word' id='word_1_240' title='bbox 376 3226 427 3304; x_wconf 91' lang='lat' dir='ltr'><strong>qui</strong></span> <span class='ocrx_word' id='word_1_241' title='bbox 450 3225 530 3286; x_wconf 88' lang='lat' dir='ltr'><strong>domi</strong></span> <span class='ocrx_word' id='word_1_242' title='bbox 552 3225 708 3287; x_wconf 86' lang='lat' dir='ltr'><strong>adversum</strong></span> <span class='ocrx_word' id='word_1_243' title='bbox 730 3225 847 3285; x_wconf 83' lang='lat' dir='ltr'><strong>cicures</strong></span> <span class='ocrx_word' id='word_1_244' title='bbox 868 3224 1044 3321; x_wconf 58' lang='lat' dir='ltr'><strong>audentia</strong></span> <span class='ocrx_word' id='word_1_245' title='bbox 1066 3223 1143 3304; x_wconf 80' lang='lat' dir='ltr'><strong>sylva</strong></span> <span class='ocrx_word' id='word_1_246' title='bbox 1166 3242 1204 3284; x_wconf 90' lang='lat' dir='ltr'><strong>ne</strong></span> <span class='ocrx_word' id='word_1_247' title='bbox 1225 3223 1356 3301; x_wconf 91' lang='lat' dir='ltr'><strong>leporem</strong></span> <span class='ocrx_word' id='word_1_248' title='bbox 1379 3222 1497 3301; x_wconf 87' lang='lat' dir='ltr'><strong>quidem</strong></span> <span class='ocrx_word' id='word_1_249' title='bbox 1512 3222 1662 3286; x_wconf 73' lang='lat' dir='ltr'><strong>ellabant:</strong></span> <span class='ocrx_word' id='word_1_250' title='bbox 1765 3277 1771 3286; x_wconf 94' lang='lat'><strong><em>.</em></strong></span> 
     </span>
     <span class='ocr_line' id='line_1_26' title="bbox 339 3324 1690 3406; baseline -0.001 -16"><span class='ocrx_word' id='word_1_251' title='bbox 339 3343 453 3390; x_wconf 74' lang='lat' dir='ltr'><strong>unam</strong></span> <span class='ocrx_word' id='word_1_252' title='bbox 468 3325 519 3390; x_wconf 90' lang='lat' dir='ltr'><strong>ubi</strong></span> <span class='ocrx_word' id='word_1_253' title='bbox 541 3326 625 3388; x_wconf 74' lang='lat' dir='ltr'><strong>nolas</strong></span> <span class='ocrx_word' id='word_1_254' title='bbox 647 3334 705 3397; x_wconf 86' lang='lat' dir='ltr'><strong>est,</strong></span> <span class='ocrx_word' id='word_1_255' title='bbox 733 3326 862 3406; x_wconf 87' lang='lat' dir='ltr'><strong>gloriam·</strong></span> <span class='ocrx_word' id='word_1_256' title='bbox 879 3326 1029 3394; x_wconf 82' lang='lat' dir='ltr'><strong>allectam,</strong></span> <span class='ocrx_word' id='word_1_257' title='bbox 1058 3326 1110 3387; x_wconf 90' lang='lat' dir='ltr'><strong>ubi</strong></span> <span class='ocrx_word' id='word_1_258' title='bbox 1132 3325 1236 3394; x_wconf 85' lang='lat' dir='ltr'><strong>denus,</strong></span> <span class='ocrx_word' id='word_1_259' title='bbox 1265 3325 1306 3386; x_wconf 89' lang='lat' dir='ltr'><strong>ibi</strong></span> <span class='ocrx_word' id='word_1_260' title='bbox 1333 3344 1402 3385; x_wconf 87' lang='lat' dir='ltr'><strong>vero</strong></span> <span class='ocrx_word' id='word_1_261' title='bbox 1430 3324 1660 3388; x_wconf 82' lang='lat' dir='ltr'><strong>obdormiscunt.</strong></span> <span class='ocrx_word' id='word_1_262' title='bbox 1687 3343 1690 3351; x_wconf 82' lang='grc'><strong><em>’</em></strong></span> 
     </span>
     <span class='ocr_line' id='line_1_27' title="bbox 375 3427 1730 3523; baseline 0 -35"><span class='ocrx_word' id='word_1_263' title='bbox 375 3430 413 3489; x_wconf 76' lang='lat' dir='ltr'><strong>tt</strong></span> <span class='ocrx_word' id='word_1_264' title='bbox 434 3428 590 3523; x_wconf 79' lang='lat' dir='ltr'><strong>mngnidee</strong></span> <span class='ocrx_word' id='word_1_265' title='bbox 619 3428 657 3490; x_wconf 87' lang='lat' dir='ltr'><strong>de</strong></span> <span class='ocrx_word' id='word_1_266' title='bbox 683 3428 730 3491; x_wconf 87' lang='lat' dir='ltr'><strong>bis</strong></span> <span class='ocrx_word' id='word_1_267' title='bbox 755 3428 917 3507; x_wconf 88' lang='lat' dir='ltr'><strong>loquuntur</strong></span> <span class='ocrx_word' id='word_1_268' title='bbox 939 3427 987 3489; x_wconf 90' lang='lat' dir='ltr'><strong>alii</strong></span> <span class='ocrx_word' id='word_1_269' title='bbox 1010 3433 1039 3489; x_wconf 89' lang='lat' dir='ltr'><strong>et</strong></span> <span class='ocrx_word' id='word_1_270' title='bbox 1067 3427 1242 3489; x_wconf 87' lang='lat' dir='ltr'><strong>adulationis</strong></span> <span class='ocrx_word' id='word_1_271' title='bbox 1268 3427 1363 3488; x_wconf 88' lang='lat' dir='ltr'><strong>studio</strong></span> <span class='ocrx_word' id='word_1_272' title='bbox 1392 3442 1473 3489; x_wconf 86' lang='lat' dir='ltr'><strong>arma</strong></span> <span class='ocrx_word' id='word_1_273' title='bbox 1501 3429 1654 3508; x_wconf 90' lang='lat' dir='ltr'><strong>virumque</strong></span> <span class='ocrx_word' id='word_1_274' title='bbox 1663 3438 1730 3489; x_wconf 79' lang='lat' dir='ltr'><strong>tter.</strong></span> 
     </span>
     <span class='ocr_line' id='line_1_28' title="bbox 375 3526 1661 3611; baseline 0.001 -20"><span class='ocrx_word' id='word_1_275' title='bbox 375 3537 486 3591; x_wconf 81' lang='lat' dir='ltr'><strong>nanum</strong></span> <span class='ocrx_word' id='word_1_276' title='bbox 507 3537 537 3592; x_wconf 93' lang='lat' dir='ltr'><strong>et</strong></span> <span class='ocrx_word' id='word_1_277' title='bbox 557 3531 679 3592; x_wconf 79' lang='lat' dir='ltr'><strong>invictos</strong></span> <span class='ocrx_word' id='word_1_278' title='bbox 700 3526 876 3611; x_wconf 57' lang='lat' dir='ltr'><strong>poedicant:</strong></span> <span class='ocrx_word' id='word_1_279' title='bbox 899 3548 974 3609; x_wconf 89' lang='lat' dir='ltr'><strong>quos</strong></span> <span class='ocrx_word' id='word_1_280' title='bbox 996 3547 1051 3609; x_wconf 84' lang='lat' dir='ltr'><strong>ego</strong></span> <span class='ocrx_word' id='word_1_281' title='bbox 1074 3529 1162 3590; x_wconf 86' lang='lat' dir='ltr'><strong>iuben</strong></span> <span class='ocrx_word' id='word_1_282' title='bbox 1185 3530 1238 3600; x_wconf 85' lang='lat' dir='ltr'><strong>isla</strong></span> <span class='ocrx_word' id='word_1_283' title='bbox 1259 3528 1407 3609; x_wconf 73' lang='lat' dir='ltr'><strong>gbstinere</strong></span> <span class='ocrx_word' id='word_1_284' title='bbox 1429 3530 1661 3609; x_wconf 78' lang='lat' dir='ltr'><strong>magnificentia;</strong></span> 
     </span>
     <span class='ocr_line' id='line_1_29' title="bbox 375 3608 1663 3713; baseline 0.002 -21"><span class='ocrx_word' id='word_1_285' title='bbox 375 3631 497 3693; x_wconf 86' lang='lat' dir='ltr'><strong>stultum</strong></span> <span class='ocrx_word' id='word_1_286' title='bbox 520 3639 564 3693; x_wconf 86' lang='lat' dir='ltr'><strong>est</strong></span> <span class='ocrx_word' id='word_1_287' title='bbox 586 3633 677 3702; x_wconf 82' lang='lat' dir='ltr'><strong>anint,</strong></span> <span class='ocrx_word' id='word_1_288' title='bbox 701 3625 857 3711; x_wconf 84' lang='lat' dir='ltr'><strong>antequam</strong></span> <span class='ocrx_word' id='word_1_289' title='bbox 879 3631 924 3693; x_wconf 91' lang='lat' dir='ltr'><strong>bis</strong></span> <span class='ocrx_word' id='word_1_290' title='bbox 946 3650 1017 3694; x_wconf 88' lang='lat' dir='ltr'><strong>usus</strong></span> <span class='ocrx_word' id='word_1_291' title='bbox 1039 3634 1094 3702; x_wconf 78' lang='lat' dir='ltr'><strong>sis,</strong></span> <span class='ocrx_word' id='word_1_292' title='bbox 1118 3650 1198 3693; x_wconf 89' lang='lat' dir='ltr'><strong>arma</strong></span> <span class='ocrx_word' id='word_1_293' title='bbox 1220 3608 1346 3713; x_wconf 61' lang='lat' dir='ltr'><strong>iaolbq&#39;n,</strong></span> <span class='ocrx_word' id='word_1_294' title='bbox 1369 3633 1445 3693; x_wconf 88' lang='lat' dir='ltr'><strong>vires</strong></span> <span class='ocrx_word' id='word_1_295' title='bbox 1467 3639 1614 3694; x_wconf 88' lang='lat' dir='ltr'><strong>ostentare</strong></span> <span class='ocrx_word' id='word_1_296' title='bbox 1628 3651 1663 3694; x_wconf 86' lang='lat' dir='ltr'><strong>ao</strong></span> 
     </span>
     <span class='ocr_line' id='line_1_30' title="bbox 374 3718 1661 3901; baseline 0.002 -107"><span class='ocrx_word' id='word_1_297' title='bbox 374 3735 478 3795; x_wconf 87' lang='lat' dir='ltr'><strong>inanes</strong></span> <span class='ocrx_word' id='word_1_298' title='bbox 499 3733 628 3812; x_wconf 88' lang='lat' dir='ltr'><strong>proilare</strong></span> <span class='ocrx_word' id='word_1_299' title='bbox 648 3733 763 3794; x_wconf 81' lang='lat' dir='ltr'><strong>bimos:</strong></span> <span class='ocrx_word' id='word_1_300' title='bbox 787 3735 863 3795; x_wconf 87' lang='lat' dir='ltr'><strong>cervi</strong></span> <span class='ocrx_word' id='word_1_301' title='bbox 887 3751 1004 3814; x_wconf 90' lang='lat' dir='ltr'><strong>quoque</strong></span> <span class='ocrx_word' id='word_1_302' title='bbox 1026 3753 1092 3795; x_wconf 89' lang='lat' dir='ltr'><strong>cum</strong></span> <span class='ocrx_word' id='word_1_303' title='bbox 1116 3751 1226 3795; x_wconf 79' lang='lat' dir='ltr'><strong>cornua</strong></span> <span class='ocrx_word' id='word_1_304' title='bbox 1248 3718 1376 3796; x_wconf 67' lang='lat' dir='ltr'><strong>bab&#39;tant</strong></span> <span class='ocrx_word' id='word_1_305' title='bbox 1391 3742 1420 3796; x_wconf 89' lang='lat' dir='ltr'><strong>et</strong></span> <span class='ocrx_word' id='word_1_306' title='bbox 1433 3733 1584 3901; x_wconf 54' lang='lat' dir='ltr'><strong>rme</strong></span> <span class='ocrx_word' id='word_1_307' title='bbox 1598 3734 1661 3814; x_wconf 89' lang='lat' dir='ltr'><strong>pol-</strong></span> 
     </span>
     <span class='ocr_line' id='line_1_31' title="bbox 339 3834 1664 3921; baseline 0.002 -26"><span class='ocrx_word' id='word_1_308' title='bbox 339 3835 469 3904; x_wconf 62' lang='lat' dir='ltr'><strong>mleant,</strong></span> <span class='ocrx_word' id='word_1_309' title='bbox 499 3834 728 3896; x_wconf 87' lang='lat' dir='ltr'><strong>nibilominusa</strong></span> <span class='ocrx_word' id='word_1_310' title='bbox 758 3836 877 3897; x_wconf 89' lang='lat' dir='ltr'><strong>minutis</strong></span> <span class='ocrx_word' id='word_1_311' title='bbox 899 3844 1105 3915; x_wconf 80' lang='lat' dir='ltr'><strong>expugnantur</strong></span> <span class='ocrx_word' id='word_1_312' title='bbox 1127 3836 1242 3918; x_wconf 88' lang='lat' dir='ltr'><strong>bestiis:</strong></span> <span class='ocrx_word' id='word_1_313' title='bbox 1272 3842 1422 3915; x_wconf 86' lang='lat' dir='ltr'><strong>drtnquam</strong></span> <span class='ocrx_word' id='word_1_314' title='bbox 1457 3910 1463 3921; x_wconf 33' lang='grc'><strong>,</strong></span> <span class='ocrx_word' id='word_1_315' title='bbox 1572 3836 1664 3898; x_wconf 90' lang='lat' dir='ltr'><strong>ebnnt</strong></span> 
     </span>
     <span class='ocr_line' id='line_1_32' title="bbox 375 3919 1693 4017; baseline 0.003 -19"><span class='ocrx_word' id='word_1_316' title='bbox 375 3937 495 4010; x_wconf 77' lang='lat' dir='ltr'><strong>Turum,</strong></span> <span class='ocrx_word' id='word_1_317' title='bbox 525 3956 575 4000; x_wconf 87' lang='lat' dir='ltr'><strong>res</strong></span> <span class='ocrx_word' id='word_1_318' title='bbox 602 3940 682 4001; x_wconf 92' lang='lat' dir='ltr'><strong>enim</strong></span> <span class='ocrx_word' id='word_1_319' title='bbox 709 3954 831 4015; x_wconf 85' lang='lat' dir='ltr'><strong>magnas</strong></span> <span class='ocrx_word' id='word_1_320' title='bbox 859 3938 955 3998; x_wconf 81' lang='lat' dir='ltr'><strong>sciunt</strong></span> <span class='ocrx_word' id='word_1_321' title='bbox 984 3937 1112 3998; x_wconf 81' lang='lat' dir='ltr'><strong>consiliis</strong></span> <span class='ocrx_word' id='word_1_322' title='bbox 1134 3942 1213 4017; x_wconf 88' lang='lat' dir='ltr'><strong>geri,</strong></span> <span class='ocrx_word' id='word_1_323' title='bbox 1243 3940 1341 4000; x_wconf 71' lang='lat' dir='ltr'><strong>sariunt</strong></span> <span class='ocrx_word' id='word_1_324' title='bbox 1363 3919 1519 4005; x_wconf 51' lang='lat' dir='ltr'><strong>eonoffilia</strong></span> <span class='ocrx_word' id='word_1_325' title='bbox 1542 3947 1571 3999; x_wconf 86' lang='lat' dir='ltr'><strong>et</strong></span> <span class='ocrx_word' id='word_1_326' title='bbox 1592 3956 1662 4000; x_wconf 88' lang='lat' dir='ltr'><strong>eon·</strong></span> <span class='ocrx_word' id='word_1_327' title='bbox 1690 3996 1693 4002; x_wconf 93' lang='lat'>.</span> 
     </span>
     <span class='ocr_line' id='line_1_33' title="bbox 373 4039 1663 4120; baseline 0.002 -19"><span class='ocrx_word' id='word_1_328' title='bbox 373 4057 465 4101; x_wconf 89' lang='lat' dir='ltr'><strong>sensu</strong></span> <span class='ocrx_word' id='word_1_329' title='bbox 486 4058 521 4117; x_wconf 79' lang='lat' dir='ltr'><strong>aq</strong></span> <span class='ocrx_word' id='word_1_330' title='bbox 544 4059 614 4120; x_wconf 87' lang='lat' dir='ltr'><strong>erga</strong></span> <span class='ocrx_word' id='word_1_331' title='bbox 636 4041 728 4103; x_wconf 84' lang='lat' dir='ltr'><strong>duces</strong></span> <span class='ocrx_word' id='word_1_332' title='bbox 749 4039 956 4120; x_wconf 86' lang='lat' dir='ltr'><strong>obsequentia;</strong></span> <span class='ocrx_word' id='word_1_333' title='bbox 979 4054 1044 4118; x_wconf 79' lang='lat' dir='ltr'><strong>qum</strong></span> <span class='ocrx_word' id='word_1_334' title='bbox 1066 4040 1161 4102; x_wconf 85' lang='lat' dir='ltr'><strong>donee</strong></span> <span class='ocrx_word' id='word_1_335' title='bbox 1183 4060 1199 4102; x_wconf 91' lang='lat' dir='ltr'><strong>a</strong></span> <span class='ocrx_word' id='word_1_336' title='bbox 1222 4039 1308 4101; x_wconf 90' lang='lat' dir='ltr'><strong>nobis</strong></span> <span class='ocrx_word' id='word_1_337' title='bbox 1330 4040 1450 4110; x_wconf 85' lang='lat' dir='ltr'><strong>absunt,</strong></span> <span class='ocrx_word' id='word_1_338' title='bbox 1472 4041 1597 4102; x_wconf 89' lang='lat' dir='ltr'><strong>desinite</strong></span> <span class='ocrx_word' id='word_1_339' title='bbox 1618 4040 1663 4103; x_wconf 90' lang='lat' dir='ltr'><strong>ul·</strong></span> 
     </span>
     <span class='ocr_line' id='line_1_34' title="bbox 374 4122 1661 4237; baseline 0.002 -34"><span class='ocrx_word' id='word_1_340' title='bbox 374 4140 433 4203; x_wconf 87' lang='lat' dir='ltr'><strong>lam</strong></span> <span class='ocrx_word' id='word_1_341' title='bbox 455 4147 560 4221; x_wconf 89' lang='lat' dir='ltr'><strong>putare</strong></span> <span class='ocrx_word' id='word_1_342' title='bbox 583 4150 642 4204; x_wconf 88' lang='lat' dir='ltr'><strong>tnm</strong></span> <span class='ocrx_word' id='word_1_343' title='bbox 664 4122 813 4237; x_wconf 57' lang='lat' dir='ltr'><strong>&#39;bellem</strong></span> <span class='ocrx_word' id='word_1_344' title='bbox 836 4143 984 4203; x_wconf 87' lang='lat' dir='ltr'><strong>nationem</strong></span> <span class='ocrx_word' id='word_1_345' title='bbox 1007 4159 1072 4220; x_wconf 75' lang='lat' dir='ltr'><strong>quae</strong></span> <span class='ocrx_word' id='word_1_346' title='bbox 1095 4160 1150 4204; x_wconf 87' lang='lat' dir='ltr'><strong>nos</strong></span> <span class='ocrx_word' id='word_1_347' title='bbox 1171 4145 1287 4213; x_wconf 86' lang='lat' dir='ltr'><strong>timeat,</strong></span> <span class='ocrx_word' id='word_1_348' title='bbox 1310 4144 1401 4202; x_wconf 86' lang='lat' dir='ltr'><strong>immo</strong></span> <span class='ocrx_word' id='word_1_349' title='bbox 1423 4150 1492 4203; x_wconf 83' lang='lat' dir='ltr'><strong>vero</strong></span> <span class='ocrx_word' id='word_1_350' title='bbox 1515 4160 1580 4222; x_wconf 82' lang='lat' dir='ltr'><strong>quae</strong></span> <span class='ocrx_word' id='word_1_351' title='bbox 1602 4160 1661 4205; x_wconf 92' lang='lat' dir='ltr'><strong>non</strong></span> 
     </span>
     <span class='ocr_line' id='line_1_35' title="bbox 374 4241 1730 4349; baseline 0.003 -45"><span class='ocrx_word' id='word_1_352' title='bbox 374 4241 533 4324; x_wconf 78' lang='lat' dir='ltr'><strong>aliquando</strong></span> <span class='ocrx_word' id='word_1_353' title='bbox 560 4261 734 4326; x_wconf 85' lang='lat' dir='ltr'><strong>oppugnare</strong></span> <span class='ocrx_word' id='word_1_354' title='bbox 765 4245 879 4306; x_wconf 89' lang='lat' dir='ltr'><strong>audeat.</strong></span> <span class='ocrx_word' id='word_1_355' title='bbox 923 4244 1024 4325; x_wconf 89' lang='lat' dir='ltr'><strong>Neque</strong></span> <span class='ocrx_word' id='word_1_356' title='bbox 1053 4251 1149 4306; x_wconf 87' lang='lat' dir='ltr'><strong>tamen</strong></span> <span class='ocrx_word' id='word_1_357' title='bbox 1179 4244 1296 4315; x_wconf 91' lang='lat' dir='ltr'><strong>dubito,</strong></span> <span class='ocrx_word' id='word_1_358' title='bbox 1335 4245 1498 4349; x_wconf 84' lang='lat' dir='ltr'><strong>principes,</strong></span> <span class='ocrx_word' id='word_1_359' title='bbox 1530 4246 1730 4312; x_wconf 77' lang='lat' dir='ltr'><strong>monimntum.</strong></span> 
     </span>
     <span class='ocr_line' id='line_1_36' title="bbox 340 4344 1766 4427; baseline -0.001 -19"><span class='ocrx_word' id='word_1_360' title='bbox 340 4347 496 4415; x_wconf 63' lang='lat' dir='ltr'><strong>minterim</strong></span> <span class='ocrx_word' id='word_1_361' title='bbox 520 4345 605 4407; x_wconf 85' lang='lat' dir='ltr'><strong>vobis</strong></span> <span class='ocrx_word' id='word_1_362' title='bbox 632 4346 746 4426; x_wconf 90' lang='lat' dir='ltr'><strong>aliquos</strong></span> <span class='ocrx_word' id='word_1_363' title='bbox 775 4346 963 4426; x_wconf 88' lang='lat' dir='ltr'><strong>promittere,</strong></span> <span class='ocrx_word' id='word_1_364' title='bbox 1002 4353 1034 4407; x_wconf 92' lang='lat' dir='ltr'><strong>ut</strong></span> <span class='ocrx_word' id='word_1_365' title='bbox 1062 4345 1157 4408; x_wconf 85' lang='lat' dir='ltr'><strong>simile</strong></span> <span class='ocrx_word' id='word_1_366' title='bbox 1186 4347 1323 4427; x_wconf 84' lang='lat' dir='ltr'><strong>quiddam</strong></span> <span class='ocrx_word' id='word_1_367' title='bbox 1352 4346 1502 4425; x_wconf 78' lang='lat' dir='ltr'><strong>contingat</strong></span> <span class='ocrx_word' id='word_1_368' title='bbox 1531 4344 1565 4408; x_wconf 85' lang='lat' dir='ltr'><strong>ris</strong></span> <span class='ocrx_word' id='word_1_369' title='bbox 1594 4365 1660 4426; x_wconf 78' lang='lat' dir='ltr'><strong>qum</strong></span> <span class='ocrx_word' id='word_1_370' title='bbox 1763 4401 1766 4406; x_wconf 86' lang='lat'><em>.</em></span> 
     </span>
     <span class='ocr_line' id='line_1_37' title="bbox 374 4448 1661 4517; baseline 0 -9"><span class='ocrx_word' id='word_1_371' title='bbox 374 4449 404 4508; x_wconf 90' lang='lat' dir='ltr'><strong>iu</strong></span> <span class='ocrx_word' id='word_1_372' title='bbox 432 4448 555 4510; x_wconf 82' lang='lat' dir='ltr'><strong>somniis</strong></span> <span class='ocrx_word' id='word_1_373' title='bbox 582 4448 729 4517; x_wconf 81' lang='lat' dir='ltr'><strong>videmus:</strong></span> <span class='ocrx_word' id='word_1_374' title='bbox 760 4455 793 4510; x_wconf 91' lang='lat' dir='ltr'><strong>ut</strong></span> <span class='ocrx_word' id='word_1_375' title='bbox 821 4449 897 4510; x_wconf 87' lang='lat' dir='ltr'><strong>enim</strong></span> <span class='ocrx_word' id='word_1_376' title='bbox 920 4449 1047 4509; x_wconf 79' lang='lat' dir='ltr'><strong>maxime</strong></span> <span class='ocrx_word' id='word_1_377' title='bbox 1075 4449 1208 4509; x_wconf 89' lang='lat' dir='ltr'><strong>distantia</strong></span> <span class='ocrx_word' id='word_1_378' title='bbox 1244 4448 1415 4510; x_wconf 89' lang='lat' dir='ltr'><strong>brevissimo</strong></span> <span class='ocrx_word' id='word_1_379' title='bbox 1443 4448 1482 4510; x_wconf 91' lang='lat' dir='ltr'><strong>ibi</strong></span> <span class='ocrx_word' id='word_1_380' title='bbox 1513 4455 1661 4510; x_wconf 91' lang='lat' dir='ltr'><strong>momento</strong></span> 
     </span>
     <span class='ocr_line' id='line_1_38' title="bbox 374 4539 1662 4631; baseline 0.001 -20"><span class='ocrx_word' id='word_1_381' title='bbox 374 4550 532 4611; x_wconf 83' lang='lat' dir='ltr'><strong>coniuncta</strong></span> <span class='ocrx_word' id='word_1_382' title='bbox 568 4550 725 4622; x_wconf 87' lang='lat' dir='ltr'><strong>babemus,</strong></span> <span class='ocrx_word' id='word_1_383' title='bbox 763 4539 859 4631; x_wconf 87' lang='lat' dir='ltr'><strong>neque</strong></span> <span class='ocrx_word' id='word_1_384' title='bbox 895 4550 984 4613; x_wconf 87' lang='lat' dir='ltr'><strong>ullam</strong></span> <span class='ocrx_word' id='word_1_385' title='bbox 1020 4549 1153 4611; x_wconf 80' lang='lat' dir='ltr'><strong>locorum</strong></span> <span class='ocrx_word' id='word_1_386' title='bbox 1188 4557 1237 4610; x_wconf 90' lang='lat' dir='ltr'><strong>aut</strong></span> <span class='ocrx_word' id='word_1_387' title='bbox 1270 4560 1438 4631; x_wconf 89' lang='lat' dir='ltr'><strong>temporum</strong></span> <span class='ocrx_word' id='word_1_388' title='bbox 1470 4551 1662 4613; x_wconf 78' lang='lat' dir='ltr'><strong>differentiam</strong></span> 
     </span>
     <span class='ocr_line' id='line_1_39' title="bbox 373 4634 1663 4732; baseline 0.002 -19"><span class='ocrx_word' id='word_1_389' title='bbox 373 4659 554 4730; x_wconf 73' lang='lat' dir='ltr'><strong>spectemus,</strong></span> <span class='ocrx_word' id='word_1_390' title='bbox 590 4634 628 4714; x_wconf 65' lang='lat' dir='ltr'><strong>da</strong></span> <span class='ocrx_word' id='word_1_391' title='bbox 657 4651 722 4731; x_wconf 76' lang='lat' dir='ltr'><strong>illos</strong></span> <span class='ocrx_word' id='word_1_392' title='bbox 750 4652 840 4715; x_wconf 87' lang='lat' dir='ltr'><strong>eredo</strong></span> <span class='ocrx_word' id='word_1_393' title='bbox 868 4655 898 4713; x_wconf 92' lang='lat' dir='ltr'><strong>in</strong></span> <span class='ocrx_word' id='word_1_394' title='bbox 926 4652 1030 4715; x_wconf 80' lang='lat' dir='ltr'><strong>mediis</strong></span> <span class='ocrx_word' id='word_1_395' title='bbox 1056 4653 1119 4713; x_wconf 87' lang='lat' dir='ltr'><strong>istis</strong></span> <span class='ocrx_word' id='word_1_396' title='bbox 1147 4653 1429 4732; x_wconf 83' lang='lat' dir='ltr'><strong>compotationibus,</strong></span> <span class='ocrx_word' id='word_1_397' title='bbox 1464 4654 1492 4714; x_wconf 93' lang='lat' dir='ltr'><strong>in</strong></span> <span class='ocrx_word' id='word_1_398' title='bbox 1526 4654 1663 4718; x_wconf 80' lang='lat' dir='ltr'><strong>conviviis</strong></span> 
     </span>
    </p>
   </div>
   <div class='ocr_carea' id='block_1_3' title="bbox 374 4788 577 4800">
    <p class='ocr_par' dir='ltr' id='par_1_3' title="bbox 374 4788 577 4800">
     <span class='ocr_line' id='line_1_40' title="bbox 374 4788 577 4800; baseline -0.01 0"><span class='ocrx_word' id='word_1_399' title='bbox 374 4788 577 4800; x_wconf 57' lang='grc'><strong>*-</strong></span> 
     </span>
    </p>
   </div>
   <div class='ocr_carea' id='block_1_4' title="bbox 372 4871 1662 5111">
    <p class='ocr_par' dir='ltr' id='par_1_4' title="bbox 372 4871 1662 5111">
     <span class='ocr_line' id='line_1_41' title="bbox 441 4871 1662 4940; baseline 0 -16"><span class='ocrx_word' id='word_1_400' title='bbox 441 4872 452 4906; x_wconf 87' lang='lat'><strong>⁴</strong></span> <span class='ocrx_word' id='word_1_401' title='bbox 470 4880 612 4940; x_wconf 77' lang='lat' dir='ltr'><strong>eqperunt.</strong></span> <span class='ocrx_word' id='word_1_402' title='bbox 626 4877 650 4924; x_wconf 88' lang='lat'><strong>1.</strong></span> <span class='ocrx_word' id='word_1_403' title='bbox 714 4871 735 4906; x_wconf 82' lang='lat'><strong>¹⁴</strong></span> <span class='ocrx_word' id='word_1_404' title='bbox 753 4874 840 4925; x_wconf 85' lang='lat' dir='ltr'><strong>oniari</strong></span> <span class='ocrx_word' id='word_1_405' title='bbox 859 4878 883 4923; x_wconf 85' lang='lat' dir='ltr'><strong>t.</strong></span> <span class='ocrx_word' id='word_1_406' title='bbox 907 4874 1052 4938; x_wconf 83' lang='lat' dir='ltr'><strong>negocium</strong></span> <span class='ocrx_word' id='word_1_407' title='bbox 1071 4878 1095 4923; x_wconf 87' lang='lat'><strong>1.</strong></span> <span class='ocrx_word' id='word_1_408' title='bbox 1159 4873 1182 4907; x_wconf 81' lang='lat'><strong>²⁸</strong></span> <span class='ocrx_word' id='word_1_409' title='bbox 1206 4890 1282 4925; x_wconf 84' lang='lat' dir='ltr'><strong>erma</strong></span> <span class='ocrx_word' id='word_1_410' title='bbox 1303 4872 1455 4940; x_wconf 87' lang='lat' dir='ltr'><strong>virumque]</strong></span> <span class='ocrx_word' id='word_1_411' title='bbox 1484 4876 1501 4924; x_wconf 80' lang='lat' dir='ltr'><strong>i.</strong></span> <span class='ocrx_word' id='word_1_412' title='bbox 1519 4890 1542 4924; x_wconf 88' lang='lat' dir='ltr'><strong>e.</strong></span> <span class='ocrx_word' id='word_1_413' title='bbox 1558 4876 1662 4939; x_wconf 73' lang='lat' dir='ltr'><strong>prandi·</strong></span> 
     </span>
     <span class='ocr_line' id='line_1_42' title="bbox 376 4957 1662 5026; baseline 0.001 -15"><span class='ocrx_word' id='word_1_414' title='bbox 376 4960 500 5011; x_wconf 71' lang='lat' dir='ltr'><strong>muntia</strong></span> <span class='ocrx_word' id='word_1_415' title='bbox 521 4964 549 5009; x_wconf 80' lang='lat' dir='ltr'><strong>at</strong></span> <span class='ocrx_word' id='word_1_416' title='bbox 572 4962 708 5013; x_wconf 63' lang='lat' dir='ltr'><strong>exordium</strong></span> <span class='ocrx_word' id='word_1_417' title='bbox 730 4961 869 5011; x_wconf 81' lang='lat' dir='ltr'><strong>Aeneidos.</strong></span> <span class='ocrx_word' id='word_1_418' title='bbox 944 4957 966 4992; x_wconf 81' lang='lat'><strong>²⁷</strong></span> <span class='ocrx_word' id='word_1_419' title='bbox 988 4960 1042 5010; x_wconf 85' lang='lat' dir='ltr'><strong>Pro</strong></span> <span class='ocrx_word' id='word_1_420' title='bbox 1061 4959 1136 5020; x_wconf 85' lang='lat' dir='ltr'><strong>Quos</strong></span> <span class='ocrx_word' id='word_1_421' title='bbox 1160 4975 1212 5026; x_wconf 88' lang='lat' dir='ltr'><strong>ego</strong></span> <span class='ocrx_word' id='word_1_422' title='bbox 1234 4960 1314 5011; x_wconf 88' lang='lat' dir='ltr'><strong>iubeo</strong></span> <span class='ocrx_word' id='word_1_423' title='bbox 1337 4961 1408 5010; x_wconf 79' lang='lat' dir='ltr'><strong>aliud</strong></span> <span class='ocrx_word' id='word_1_424' title='bbox 1427 4961 1543 5025; x_wconf 76' lang='lat' dir='ltr'><strong>pombse</strong></span> <span class='ocrx_word' id='word_1_425' title='bbox 1560 4965 1589 5010; x_wconf 82' lang='lat'><strong>11.</strong></span> <span class='ocrx_word' id='word_1_426' title='bbox 1617 4961 1662 5012; x_wconf 78' lang='lat' dir='ltr'><strong>aa·</strong></span> 
     </span>
     <span class='ocr_line' id='line_1_43' title="bbox 372 5044 1459 5111; baseline 0.002 -13"><span class='ocrx_word' id='word_1_427' title='bbox 372 5052 427 5098; x_wconf 80' lang='lat' dir='ltr'><strong>nat.</strong></span> <span class='ocrx_word' id='word_1_428' title='bbox 439 5047 466 5096; x_wconf 79' lang='grc'><strong>4.</strong></span> <span class='ocrx_word' id='word_1_429' title='bbox 489 5044 614 5097; x_wconf 62' lang='lat' dir='ltr'><strong>Vnumne</strong></span> <span class='ocrx_word' id='word_1_430' title='bbox 631 5050 749 5111; x_wconf 71' lang='lat' dir='ltr'><strong>mspeatt</strong></span> <span class='ocrx_word' id='word_1_431' title='bbox 766 5047 803 5096; x_wconf 82' lang='lat' dir='ltr'><strong>ad</strong></span> <span class='ocrx_word' id='word_1_432' title='bbox 819 5045 932 5110; x_wconf 68' lang='lat' dir='ltr'><strong>Neptem</strong></span> <span class='ocrx_word' id='word_1_433' title='bbox 950 5044 1033 5107; x_wconf 83' lang='lat' dir='ltr'><strong>‘Quos</strong></span> <span class='ocrx_word' id='word_1_434' title='bbox 1052 5048 1112 5110; x_wconf 76' lang='lat' dir='ltr'><strong>ego·</strong></span> <span class='ocrx_word' id='word_1_435' title='bbox 1130 5060 1173 5110; x_wconf 85' lang='lat' dir='ltr'><strong>ap.</strong></span> <span class='ocrx_word' id='word_1_436' title='bbox 1192 5047 1270 5111; x_wconf 73' lang='lat' dir='ltr'><strong>Ver-p.</strong></span> <span class='ocrx_word' id='word_1_437' title='bbox 1283 5046 1349 5096; x_wconf 80' lang='lat' dir='ltr'><strong>Aen.</strong></span> <span class='ocrx_word' id='word_1_438' title='bbox 1363 5046 1385 5097; x_wconf 93' lang='lat'><strong>1.</strong></span> <span class='ocrx_word' id='word_1_439' title='bbox 1402 5044 1459 5100; x_wconf 75' lang='lat'><strong>1³5.</strong></span> 
     </span>
    </p>
   </div>
   <div class='ocr_carea' id='block_1_5' title="bbox 0 0 2158 6052">
    <p class='ocr_par' dir='ltr' id='par_1_5' title="bbox 0 0 2158 6052">
     <span class='ocr_line' id='line_1_44' title="bbox 0 0 2158 6052; baseline 0 0"><span class='ocrx_word' id='word_1_440' title='bbox 0 0 2158 6052; x_wconf 95' lang='lat' dir='ltr'><strong> </strong></span> 
     </span>
    </p>
   </div>
  </div>
 </body>
</html>
