4300 6059
941 1242 1037 1299 VlTVS
1059 1242 1239 1300 vultuosus,

655 1392 723 1448 Sunt
746 1393 845 1468 quibus
868 1393 921 1471 ulta
944 1394 1033 1472 placet
1056 1399 1208 1473 turritaque
1233 1404 1302 1452 tecta
1324 1395 1467 1451 slornorum

721 1478 849 1552 Erigere,
871 1487 899 1537 et
921 1480 1016 1539 'lrivlae
1039 1501 1174 1540 ruarrnorn
1197 1481 1268 1539 celse
1292 1480 1364 1542 licui:

653 1561 824 1635 Pyramidum
847 1563 949 1629 moles,
973 1568 1055 1631 vasti,
1081 1569 1190 1625 Rhodos
1213 1583 1311 1628 nrrrcn,
1334 1563 1426 1621 Plroelii

607 1665 614 1701 r
721 1648 890 1713 laudantur.
914 1649 1015 1726 Solymi
1040 1653 1194 1729 templaque
1216 1669 1292 1708 secra
1316 1650 1380 1723 iugi.

652 1731 706 1789 Nec
728 1752 783 1792 non
806 1734 946 1808 belligeris
968 1736 1087 1812 Babylon
1111 1738 1219 1814 pulsate
1241 1735 1389 1812 quadrigis,

722 1821 755 1877 Et
776 1821 907 1877 Mausolei
930 1840 992 1880 saxa
1015 1824 1131 1899 superba
1154 1825 1224 1898 rogi,

655 1900 687 1959 Et
708 1905 914 1963 Nasamoniecus
937 1909 982 1982 qui
1006 1909 1089 1965 iactet
1110 1910 1238 1967 cornibus
1261 1925 1330 1967 urus.

604 2001 616 2041 s
722 1990 837 2050 Praescia
860 2010 927 2067 quos
950 1994 1034 2050 lontis
1057 1996 1157 2070 saepius
1180 1996 1250 2052 unrlu
1272 1993 1357 2065 riget:

654 2071 715 2132 llaec
737 2093 898 2150 quoinqunni
921 2078 1000 2135 nimis
1023 2089 1065 2136 cst
1088 2081 1227 2150 lioruinunr
1250 2078 1344 2135 miratu
1368 2084 1496 2137 vetustas.

723 2158 786 2228 Quen
810 2162 861 2217 nisi
883 2170 1006 2221 terrenus
1029 2164 1236 2222 concelebrabat
1260 2179 1335 2237 opes.

654 2240 686 2299 Et
708 2256 812 2320 septern
834 2246 901 2303 (lixit
924 2248 1032 2323 pulchri
1055 2251 1207 2325 spectacula
1231 2247 1322 2305 nnrncli

592 2341 615 2383 12
723 2329 822 2388 Eximio
845 2332 872 2389 in
895 2334 975 2391 variis
998 2344 1056 2392 urtc
1079 2345 1190 2412 reposta
1212 2335 1294 2396 locist

653 2413 722 2472 Sunt
746 2424 834 2473 tarnen
857 2428 904 2475 unt
926 2419 1012 2477 ralirlo
1035 2420 1152 2496 Neptuni
1176 2440 1252 2479 versu
1276 2416 1400 2478 trirlcntc.

719 2500 820 2577 lnclyte
843 2502 883 2558 rel
906 2507 1009 2580 carpsit
1031 2497 1138 2564 nomino
1164 2516 1269 2582 tenipus
1292 2503 1367 2563 edax,

652 2588 705 2641 Aut
728 2588 852 2661 quatiens
876 2588 993 2646 tremulo
1017 2600 1104 2648 terrns
1127 2593 1165 2648 ris
1188 2592 1275 2648 abditu
1298 2595 1374 2644 rnotu

591 2685 615 2725 ss
722 2670 838 2730 Bellicus
861 2683 907 2730 unt
929 2676 999 2731 ‹luro
1022 2676 1141 2733 ‹lestruit
1161 2695 1215 2734 rore
1239 2676 1324 2735 luror.

650 2755 775 2813 llorriler
797 2766 843 2814 rut
865 2759 977 2822 llorcns,
1001 2761 1081 2817 simul
1104 2770 1132 2818 ct
1155 2760 1280 2818 l'ulcnnla
1302 2756 1388 2832 pestis

719 2842 850 2900 Paulatim
873 2843 940 2902 fines
962 2846 1043 2903 iussit
1065 2847 1165 2903 hahere
1187 2865 1261 2904 suos.

650 2926 773 2984 Carmina
795 2938 859 2985 suut
881 2928 938 2986 ullo
961 2947 1099 3006 nunquam
1122 2933 1253 2989 rnoritnre
1275 2927 1326 2988 sul)
1348 2943 1414 2988 sevo.

590 3027 614 3066 ro
722 3013 779 3069 Nou
803 3019 833 3069 c'e
856 3015 1005 3089 posteritas
1027 3017 1145 3093 perdere·
1165 3035 1226 3074 seru
1249 3020 1355 3092 potest;

652 3097 772 3154 Cunnina
795 3105 850 3154 turn
874 3098 927 3156 lute
950 3100 1048 3159 lsrnnrn
1071 3120 1197 3176 sparsere
1219 3120 1269 3178 per
1291 3096 1393 3158 orlrcnr.

720 3182 753 3239 Ut
776 3184 817 3238 rix
842 3184 897 3239 sint
920 3186 986 3260 ipsis
1010 3185 1180 3244 oblicos-anta
1202 3186 1277 3247 licis:

650 3265 772 3324 Cnrnrinn
795 3267 944 3342 longaevam
965 3273 1075 3347 pariunt
1098 3290 1148 3346 per
1171 3281 1294 3347 tempore
1317 3266 1407 3326 vitain.

587 3369 612 3408 rr
721 3353 800 3410 Vates
822 3356 896 3412 retuli
918 3355 1094 3414 succubuisse
1117 3366 1216 3420 vetant,

648 3437 786 3513 Principue
809 3439 832 3494 si
855 3440 912 3497 sint
925 3441 988 3515 .(res
1009 3451 1053 3500 est
1074 3442 1131 3501 huc
1153 3458 1248 3517 inagna
1272 3432 1406 3517 prolecto)

717 3522 840 3580 Garunna
861 3525 942 3582 Pierii
965 3526 1045 3602 plenu
1068 3526 1176 3602 liquore
1199 3523 1282 3588 1111,ι

648 3605 731 3674 Qunlc
754 3625 830 3665 niens
852 3628 940 3685 nuper
961 3613 1059 3669 occinit
1082 3629 1136 3669 non
1159 3630 1278 3687 paupere
1301 3628 1365 3666 veno

586 3692 611 3747 ri
718 3693 907 3768 Tranquillus,
930 3697 1055 3770 stupidos
1079 3698 1124 3771 qui
1148 3696 1212 3754 lecit
1234 3714 1282 3753 ore
1304 3696 1385 3751 viros.

648 3773 725 3844 Quod
748 3778 770 3834 si
793 3778 866 3837 lortc
888 3798 987 3854 noges,
1012 3782 1082 3837 orliis
1104 3790 1238 3838 oonnnote
1262 3780 1405 3856 protervis.

716 3862 819 3925 Liritle,
844 3864 885 3920 vel
909 3867 1004 3940 Stygio
1027 3877 1139 3940 pectore
1163 3866 1227 3924 lellc
1250 3866 1368 3926 irretiens.

647 3946 722 4003 Nunc
744 3966 810 4021 nge,
834 3951 958 4025 pervigili
982 3953 1062 4010 morlo
1085 3953 1176 4010 volves
1199 3961 1288 4007 mente
1311 3947 1444 4011 libellum,
1533 3939 1537 3946 ’

583 4049 608 4089 nr
716 4032 800 4100 (lurein
823 4032 893 4091 leret
916 4035 1000 4093 lreroo
1024 4036 1094 4093 larun
1117 4036 1168 4093 suh
1190 4043 1263 4092 estre
1285 4053 1368 4093 sono:

647 4117 706 4173 llos
729 4118 802 4174 ilices
826 4122 932 4194 'genius
954 4121 1028 4178 (labit
1051 4121 1106 4177 illis
1129 4119 1227 4179 saecula
1250 4121 1360 4182 chartis,

716 4205 805 4277 Atque
827 4215 869 4262 cst
890 4205 1017 4282 opposito
1039 4207 1136 4281 pagins
1158 4206 1238 4280 (ligne
1261 4205 1361 4263 codro)

815 4391 911 4447 lllllllll
933 4390 1089 4449 llll'lllVll'll
1112 4391 1364 4450 uvcttultn'ssu'sts.

645 4526 703 4583 Non
728 4545 797 4602 opus
820 4535 862 4583 ost
884 4527 1041 4602 lupitlrurn,
1065 4545 1119 4583 non
1143 4528 1247 4585 rliscerc
1269 4526 1340 4584 bellu
1362 4526 1521 4600 Gigantum:

715 4611 819 4668 Tlrurcu
843 4611 916 4668 leros
939 4610 1042 4688 populo
1065 4621 1178 4687 praestnt
1200 4621 1318 4688 utroque
1340 4612 1436 4685 inagis,
1486 4694 1488 4699 Ι

443 4712 643 4723 --ι-

512 4764 518 4795 ¹
539 4763 583 4812 Ol.
596 4761 651 4813 vol.
666 4762 701 4814 ll.
715 4778 741 4827 p.
756 4759 813 4811 149.
827 4776 868 4826 sq.
888 4760 985 4811 Eidem
1004 4761 1119 4812 Verlero
1137 4761 1309 4811 Andronicus
1333 4761 1485 4815 orationem
1509 4756 1543 4807 de
1567 4757 1737 4824 eloquentie

443 4847 569 4897 laudibus
587 4847 692 4911 Lipsius
711 4861 736 4895 o.
754 4845 963 4896 istitutionem
983 4847 1135 4913 inscripsit.
1174 4845 1241 4895 ⁸cl.
1255 4847 1324 4895 Stel.
1337 4844 1399 4896 silv.
1412 4846 1446 4895 11.
1460 4845 1521 4906 ipsu.
1539 4859 1598 4908 sqq.
1637 4841 1660 4876 Ἀ
1678 4844 1736 4896 lon·

443 4948 542 4998 genum
561 4936 585 4982 t.
621 4931 643 4963 ²⁶
661 4931 814 4996 Praeeipuoe
834 4933 857 4979 l.
893 4930 915 4962 ³⁸
934 4931 1085 4995 Buchhoru,
1104 4944 1176 4980 nunc
1194 4931 1419 4993 l'riedrirlshasen
1439 4929 1473 4979 ad
1490 4928 1584 4979 lecum
1597 4929 1736 4979 Constru-

443 5019 570 5068 tiensem.
607 5014 631 5048 ⁸¹
649 5015 791 5082 lopythurn
811 5019 833 5065 1.
871 5015 1027 5082 Gygsnlum
1047 5019 1069 5064 1.
1107 5014 1128 5047 ²⁸
1146 5020 1253 5079 perstet
1272 5018 1295 5064 1.
