4300 6059
487 654 557 727 120
578 683 700 719 nomm
711 683 747 718 nn
758 683 904 718 rnrncrras
918 681 1045 717 osumrr
1058 681 1168 715 ιιιιιιιιι
1182 681 1281 715 runcis
1296 681 1434 714 ruranssr
1448 679 1670 716 rxnonrrronrs.
1683 663 1768 728 (ists.)

484 841 578 901 innuis
605 836 725 898 ambitio
753 842 798 896 est
825 853 889 913 quaa
920 852 971 895 ros
999 833 1122 903 dirimit,
1152 835 1198 894 cui
1227 851 1326 911 quaeso
1355 832 1398 893 vel
1426 817 1463 893 id
1483 818 1605 910 tempus
1627 835 1768 895 resistite:

483 941 582 1018 magni
604 945 649 1000 est
669 938 758 998 enimi
779 934 927 1016 imperare
950 935 1101 997 affectibus
1123 955 1157 996 ac
1178 936 1299 995 rationis
1321 934 1410 996 ductu
1433 935 1495 1011 agi,
1517 951 1572 994 nec
1594 935 1666 997 terri
1687 937 1769 1014 cupi·

486 1042 607 1102 ditntnm
630 1047 730 1131 raptu:
759 1039 861 1117 erigite
892 1055 943 1097 ros
964 1056 999 1098 ac
1021 1036 1107 1098 altius
1128 1055 1192 1099 rem
1211 1037 1405 1116 introspicite,
1435 1034 1506 1096 nibil
1527 1034 1585 1096 tale
1607 1038 1768 1106 invenietis,
1803 1042 1805 1046 '

485 1143 510 1203 si
531 1141 575 1203 vel
598 1160 633 1202 ex
656 1145 723 1201 roto
744 1138 786 1200 illi
808 1138 957 1200 ambitioni
981 1140 1157 1219 respondeat
1178 1138 1250 1200 deris
1272 1146 1323 1198 aut
1343 1139 1476 1207 fortuna,
1499 1138 1578 1222 quod
1600 1156 1668 1199 cnm
1683 1139 1769 1199 buius

416 1254 484 1305 t--ttt
491 1243 657 1307 concordiae
680 1241 757 1302 bono
780 1238 991 1302 conferendum
1013 1243 1059 1302 sit.
1103 1241 1168 1302 Dixi
1190 1241 1276 1301 unios
1298 1241 1443 1320 corporis
1453 1237 1586 1305 membra
1610 1258 1674 1301 esse
1702 1259 1768 1302 vos:
1780 1258 1791 1293 τι

489 1346 555 1406 date
583 1361 704 1422 operam
733 1331 840 1422 singuli
868 1361 905 1404 ne
934 1342 1003 1422 quid
1031 1345 1173 1422 aqnovis
1194 1340 1320 1402 morbi
1313 1359 1342 1401 ιιι
1366 1343 1532 1403 universnm
1555 1342 1769 1419 proficiscatur.

485 1453 571 1527 atque
593 1445 632 1505 ibi
654 1443 824 1506 ambitiosos
846 1462 910 1506 esse
932 1462 982 1505 ros
1004 1446 1129 1505 maxime
1151 1443 1253 1505 velim:
1277 1443 1346 1541 quid
1369 1442 1515 1507 salubrius
1538 1445 1616 1505 enim
1632 1440 1742 1505 buic'¹
1716 1462 1770 1505 rm·

484 1548 584 1626 perio,
614 1547 642 1607 id
674 1553 719 1606 est
747 1546 864 1625 corpori
893 1553 1009 1614 nostro,
1038 1564 1125 1624 quam
1152 1548 1177 1607 si
1205 1564 1257 1606 ros
1284 1553 1316 1606 ut
1342 1543 1514 1624 principalia
1536 1544 1670 1608 membra
1692 1547 1770 1607 circa

485 1649 650 1710 communis
671 1646 771 1710 salutis
793 1666 893 1709 curam
916 1647 953 1708 ad
976 1645 1190 1708 aemulationem
1211 1666 1306 1726 usqne
1328 1646 1527 1707 contendatis?
1555 1654 1585 1708 et
1606 1648 1676 1710 laxit
1698 1648 1771 1710 (leus

485 1752 613 1832 optimus
634 1752 794 1820 maximus,
823 1756 857 1811 ιιι
885 1750 939 1810 isto
962 1767 1012 1809 ros
1034 1748 1190 1828 aliquando
1211 1750 1308 1811 teneri
1329 1748 1425 1810 studio
1448 1748 1575 1809 riileam:
1598 1735 1768 1827 tunc‘sane·
1782 1766 1804 1806 n·

485 1860 569 1914 scent
594 1853 671 1913 enim
699 1850 806 1931 quibus
826 1870 878 1912 vos
899 1850 1036 1912 morbum
1060 1851 1228 1920 induxistis,
1255 1858 1326 1912 tnnc
1348 1851 1401 1910 ista
1424 1849 1479 1940 sibi
1502 1849 1646 1911 constabit
1667 1868 1772 1929 respo·

417 1954 576 2018 tritblica.
620 1953 729 2014 Videtis
751 1953 911 2014 humanum
934 1972 1042 2032 corpus
1064 1961 1097 2013 ιιι
1118 1952 1240 2023 laboret,
1263 1952 1318 2014 nisi
1339 1951 1476 2031 quodque
1498 1951 1664 2014 membrum
1685 1970 1772 2014 sunm

485 2057 572 2117 iaciat
593 2055 743 2116 odicium?
772 2056 813 2115 sic
841 2056 870 2115 in
898 2055 1022 2133 imperio
1051 2063 1114 2125 est,
1141 2057 1224 2117 cuins
1246 2073 1297 2114 ros
1318 2053 1472 2115 consilium
1495 2072 1529 2114 ac
1551 2061 1669 2115 senatus
1692 2057 1787 2142 estis...

486 2159 536 2237 qui
559 2158 613 2217 nisi
636 2164 717 2218 recte
740 2155 914 2224 consulatis,
938 2157 995 2216 iam
1018 2158 1070 2217 ista
1094 2156 1222 2216 solvetur
1245 2172 1402 2234 compago,
1426 2156 1461 2216 ad
1484 2174 1571 2234 quam
1595 2173 1770 2217 conservan-

487 2259 553 2319 dom
577 2276 652 2336 opos
674 2267 718 2319 est
745 2264 858 2318 summa
887 2259 1109 2329 coniunctione,
1139 2276 1242 2337 qnam,
1271 2276 1340 2328 oro,
1368 2276 1471 2318 omnes
1498 2258 1639 2337 appetite,
1668 2275 1805 2320 omnesn

323 2425 329 2436 ,
419 2376 486 2427 ιμιιι
493 2360 625 2438 accipite
649 2360 795 2452 Humani
817 2379 935 2439 quoque
957 2359 1097 2422 habitudo
1120 2360 1253 2438 corporis
1275 2379 1310 2420 ex
1333 2358 1422 2421 rebus
1444 2366 1558 2420 constat
1573 2360 1699 2420 maxime
1714 2360 1771 2421 dis·

485 2461 639 2534 cordibus,
670 2462 721 2523 sed
750 2480 815 2541 quae
843 2464 1079 2524 coniunctionem
1103 2464 1268 2541 patiuntur:
1296 2460 1390 2540 qualis
1413 2461 1490 2521 enim
1512 2467 1713 2539 temperatura
1736 2481 1772 2525 ex

485 2562 604 2625 humido
627 2570 656 2624 et
678 2564 775 2624 siccet
802 2582 988 2644 rursumque
1007 2563 1145 2643 trigidum
1168 2570 1197 2625 et
1219 2563 1344 2624 calidum
1367 2581 1453 2648 qnam
1477 2571 1543 2643 apte
1566 2561 1606 2623 ibi
1628 2581 1771 2627 convene·

479 2666 572 2736 runt?
600 2674 687 2745 atque
715 2655 771 2727 hoe
801 2673 903 2727 natura
927 2666 1020 2736 dedit,
1049 2685 1138 2746 qnam
1161 2667 1229 2746 quia
1249 2665 1348 2726 bestiae
1376 2683 1494 2744 quoqne
1521 2665 1642 2726 rationis
1669 2667 1772 2744 inopes

486 2774 649 2845 sequuntur
672 2767 793 2837 dncem,
825 2770 915 2847 agite,
944 2767 1052 2847 aliquid
1082 2767 1250 2829 hominibus
1278 2768 1413 2844 dignum,
1442 2767 1549 2835 nedum
1576 2767 1767 2847 principibus,
1778 2784 1805 2822 ao

416 2875 640 2947 §.ircosurpate
685 2868 737 2930 Vol
759 2871 788 2929 in
813 2872 911 2931 odium
934 2870 1108 2939 ancarnm
1132 2869 1241 2950 quibus
1265 2872 1316 2930 ista
1339 2869 1480 2929 dissensio
1497 2869 1702 2931 usnimaxime
1718 2878 1770 2942 est,

368 2971 384 3022 ’.
483 2972 640 3031 convenire
662 2986 713 3030 ros
735 2972 853 3033 iuverit:
877 2973 1009 3050 prolecto
1033 2974 1120 3033 enim,
1133 2980 1164 3032 ιιι
1185 2971 1393 3033 dissidentibus
1414 2969 1624 3049 vobismagno
1645 2970 1687 3032 illi
1709 2974 1771 3034 irn-

422 3091 430 3106 ·
484 3080 574 3134 untur
597 3073 769 3145 commodo,
793 3074 831 3134 ita
853 3092 912 3133 non
936 3075 1072 3152 ignorant
1093 3073 1164 3152 qnid
1187 3092 1218 3134 se
1241 3079 1437 3150 consequatur
1459 3073 1602 3152 siquando
1626 3093 1677 3134 vos
1698 3074 1772 3136 dens

484 3173 587 3252 aliquis
610 3176 802 3262 coniunxerit.
847 3194 933 3255 qnam
958 3182 1024 3254 apte
1046 3178 1136 3254 igitur
1157 3177 1188 3236 in
1210 3175 1265 3236 hos
1286 3173 1498 3235 contulerimus
1520 3175 1596 3235 banc
1618 3184 1771 3238 concerta·

483 3277 607 3347 tionem,
631 3278 685 3338 bos
707 3274 863 3344 tumultus;
887 3284 974 3356 atque
996 3279 1034 3338 ita
1057 3295 1112 3338 nos
1134 3277 1268 3339 Christus
1290 3283 1381 3346 amet,
1404 3284 1437 3337 ιιι
1458 3277 1514 3337 boc
1537 3276 1660 3338 consilio
1678 3284 1805 3340 totamm

415 3377 569 3445 §.ncillam
586 3377 782 3439 barbarorum
805 3378 997 3441 colluvionem
1020 3397 1139 3457 pessum
1162 3379 1339 3442 dederimus.
1385 3396 1451 3438 nam
1474 3379 1498 3438 si
1519 3397 1567 3439 me
1582 3379 1696 3450 auditis,
1719 3398 1771 3440 ne·

483 3497 540 3559 quc
564 3483 712 3541 contemni
735 3500 751 3541 a
773 3480 856 3542 robis
878 3480 989 3542 'l'urcas
1012 3468 1076 3540 volo
1099 3498 1195 3558 neque
1219 3481 1330 3550 timeri,
1360 3481 1496 3540 conscius
1518 3480 1589 3541 mibi
1612 3463 1680 3561 quid
1703 3501 1771 3562 pos·

394 3615 413 3643 a·
483 3583 520 3642 sit
541 3583 713 3652 Germania,
743 3584 767 3644 si
790 3581 860 3642 velit
881 3583 1008 3662 experiri
1031 3601 1064 3643 ac
1086 3581 1197 3667 viribus
1218 3583 1261 3642 uti
1289 3583 1359 3643 suis.
1403 3582 1454 3643 sed
1486 3600 1560 3660 opos
1588 3590 1632 3645 est
1659 3582 1771 3645 sobrie·

484 3689 560 3754 tote,
584 3702 659 3762 opus
681 3691 726 3745 est
748 3683 886 3754 consilio,
911 3703 985 3764 opus
1007 3683 1189 3746 assiduitate:
1211 3684 1333 3745 tottam
1357 3676 1450 3744 annos
1465 3690 1567 3744 contra
1582 3684 1692 3746 'lurcos
1707 3705 1770 3747 mo·

414 3801 481 3852 §Mne
490 3803 599 3854 remus,
616 3786 667 3847 sed
684 3786 750 3865 quia
765 3785 845 3846 nollo
861 3785 997 3856 consilio,
1013 3785 1092 3847 nulla
1108 3786 1237 3854 ratione,
1254 3803 1399 3865 nusquam
1414 3804 1637 3884 promovemus:
1660 3789 1805 3867 qnippeso

481 3888 550 3952 dum
573 3906 628 3947 nos
650 3905 756 3948 croces
778 3888 943 3967 subigimus
965 3907 1001 3948 ac
1022 3890 1130 3949 viritim
1152 3887 1231 3948 bello
1246 3895 1381 3967 sumptus
1394 3885 1575 3964 colligimus,
1599 3888 1668 3949 dum
1685 3907 1770 3951 erer-

411 3986 415 3993 ’
481 3991 570 4052 citum
594 4007 749 4067 paramus,
778 3988 847 4049 dum
880 3989 1032 4053 ambitiose
1054 3991 1120 4069 quis
1142 3996 1221 4050 terra
1244 3990 1377 4067 marique
1399 3990 1499 4068 copias
1521 3988 1643 4077 ductitet
1664 3993 1770 4070 qnaeri·

480 4111 561 4162 mus,
591 4092 660 4152 dnm
688 4090 718 4151 in
740 4090 843 4152 mediis
864 4090 920 4152 illis
943 4089 1264 4163 consultationibusad
1287 4091 1414 4169 privatas
1436 4091 1639 4153 contentiones
1661 4112 1695 4155 ac
1709 4077 1770 4155 'do-

480 4195 616 4255 mesticas
638 4192 799 4270 discordias
821 4192 935 4254 stillas
957 4193 1075 4254 frivolas
1097 4193 1302 4254 descendimus
1322 4192 1404 4262 lites,
1429 4195 1540 4255 interea
1561 4192 1654 4254 hostis
1676 4195 1770 4257 iretns

481 4295 602 4358 consilio
630 4293 795 4376 opibusque
823 4296 897 4365 suis,
927 4302 1026 4356 nostra
1054 4313 1123 4357 vero
1153 4313 1222 4355 usus
1248 4294 1373 4366 desidia,
1401 4314 1437 4356 ex
1459 4296 1524 4357 Asia
1552 4296 1581 4355 in
1604 4295 1764 4377 Europam,
1775 4316 1803 4358 ss

412 4412 480 4463 tiu.
488 4400 544 4461 iam
561 4417 595 4459 er
619 4402 744 4476 utraque
767 4398 797 4458 in
812 4397 940 4459 Africam
957 4398 1078 4458 transiit.
1124 4396 1183 4457 Sed
1204 4395 1281 4457 bene
1303 4399 1415 4475 agitur:
1438 4396 1515 4458 salva
1537 4396 1624 4458 nobis
1645 4416 1694 4460 res
1715 4406 1769 4470 est,

481 4500 620 4563 consistet
642 4500 738 4570 enim,
767 4501 885 4577 iamque
907 4505 951 4560 tot
970 4499 1026 4559 rito
1049 4498 1175 4578 peractis
1197 4498 1336 4578 quiescet
1380 4498 1405 4560 Ο
1433 4498 1603 4578 consilium,
1632 4502 1769 4581 oprovi·

481 4602 623 4664 dentiam!
651 4619 712 4662 noo
740 4602 885 4681 quiescet,
914 4601 976 4661 odit
998 4601 1076 4661 enim
1100 4585 1254 4679 tranquilla
1277 4603 1391 4669 omnia;
1420 4618 1479 4660 non
1506 4602 1659 4673 consistet,
1689 4602 1768 4665 nulla
1786 4614 1798 4637 ··

481 4704 556 4765 enim
580 4703 698 4764 fortuna
722 4709 878 4764 contentus
900 4708 957 4770 est:
987 4719 1046 4761 non
1069 4696 1134 4763 iert'
1150 4703 1242 4763 otium
1264 4702 1311 4764 illa
1340 4687 1458 4769 natura,
1486 4720 1546 4762 non
1569 4702 1628 4764 lert
1649 4724 1767 4785 pacem;

480 4806 504 4866 si
527 4805 606 4866 terre
628 4808 743 4884 posset,
766 4812 832 4864 ante
855 4801 983 4871 tulisset,
1007 4804 1125 4882 quando
1147 4822 1206 4865 non
1229 4810 1314 4867 erant
1334 4810 1377 4865 tot
1399 4806 1584 4883 opprimendi
1606 4824 1661 4867 nos
1683 4824 1804 4870 occa-so

412 4921 479 4972 §.ran
487 4906 601 4976 sionem
630 4907 688 4966 iam
712 4912 825 4966 certum
852 4903 895 4964 illi
923 4913 966 4966 est
993 4905 1137 4967 intestinis
1168 4923 1223 4965 nos
1251 4906 1404 4966 distractos
1425 4905 1597 4968 tumultibus
1618 4908 1767 4979 invadere,

481 5008 539 5071 iam
561 5015 660 5091 sperat
681 5012 772 5068 totam
794 5007 823 5068 in
846 5005 931 5067 nobis
952 5005 1104 5069 absolvere
1126 5007 1295 5085 tragediam
1317 5026 1353 5068 ac
1374 5006 1578 5086 pulcherrimis
1606 5012 1712 5091 coeptis
1738 5017 1768 5074 et
