4300 6059
516 719 585 790 134
606 748 729 784 nvrraru
742 748 779 782 an
790 745 936 781 rnrscrrna
947 744 1074 781 uramur
1088 745 1198 779 aaran
1211 741 1310 777 rvncrs
1323 740 1462 792 runcatur
1475 738 1699 774 axuonraronrr..
1711 723 1794 788 (tuit.)

512 904 618 984 quibus
640 901 823 981 pereundum
847 901 922 960 lame
945 906 1004 969 est,
1026 897 1147 959 mallent
1168 896 1268 958 lerro:
1301 896 1368 957 date
1390 913 1486 964 arma,
1515 894 1580 955 date
1602 896 1700 971 signa!
1728 913 1795 955 eum

512 1006 582 1065 viris
604 1022 737 1082 pugnare
759 1020 847 1080 quam
870 1019 938 1061 cum
960 1001 1037 1061 lame
1059 1007 1089 1060 et
1118 1006 1246 1077 egestate
1274 1000 1436 1062 Germanos
1464 998 1555 1076 magis
1582 996 1682 1066 decet;
1712 996 1795 1058 nolu·

513 1124 579 1166 mus
601 1106 713 1182 inopia,
736 1104 900 1181 principes,
923 1101 1060 1164 nolumus
1083 1105 1180 1163 esurie
1202 1103 1308 1181 perire,

494 1183 498 1195 ¹
829 1204 1044 1284 pulchrumque
1066 1206 1142 1266 mori
1163 1205 1310 1265 succurrit
1330 1203 1360 1263 in
1384 1204 1483 1264 armis.

444 1309 671 1369 §.narratore
694 1325 758 1368 eam
781 1307 862 1367 scitis
883 1324 947 1367 esse
969 1309 1134 1369 Germania
1156 1306 1368 1374 conditionem,
1396 1311 1428 1366 ut
1455 1312 1564 1384 quanto
1586 1306 1709 1385 quisque
1732 1306 1822 1368 liu-a

515 1410 600 1489 gibus
621 1410 715 1487 magis
737 1409 875 1469 adversus
898 1414 1070 1479 estanoris,
1095 1416 1174 1469 tante
1196 1409 1288 1484 magis
1310 1406 1387 1468 bello
1409 1408 1521 1468 amicus
1535 1407 1587 1468 ait:
1609 1409 1729 1468 unicum
1744 1410 1797 1470 ita·

514 1530 571 1590 que
593 1511 723 1572 levaudae
745 1528 870 1571 annonae
892 1496 1113 1572 consilinmest
1134 1510 1206 1571 loris
1228 1508 1337 1571 bellum
1360 1527 1487 1588 gerere,·
1510 1527 1569 1587 quo
1591 1516 1676 1591 exeat
1697 1511 1797 1572 iuven-

422 1612 586 1681 sarens,
609 1620 642 1673 ut
663 1613 812 1674 minuatur
835 1612 912 1673 domi
936 1611 1101 1672 mullitudo.
1139 1611 1266 1672 Proinde
1288 1628 1407 1690 operam
1430 1629 1481 1672 ros
1500 1611 1572 1672 dare
1587 1612 1736 1681 convenit,
1760 1630 1799 1673 ne

513 1715 685 1776 seditionem
713 1715 815 1774 iudnat
840 1714 1013 1784 Germania,
1042 1732 1080 1776 ne
1107 1715 1137 1773 in
1165 1721 1291 1784 vestras,
1325 1732 1362 1773 ne
1390 1714 1419 1773 in
1449 1710 1572 1772 aliorum
1592 1715 1799 1790 possessiones

514 1818 640 1893 impetus
662 1815 728 1883 dat;
752 1834 789 1876 ne
811 1816 880 1876 dum
896 1818 1024 1893 opimam
1040 1816 1112 1877 loris
1127 1814 1302 1892 negligimus
1317 1813 1462 1893 praedam,
1486 1814 1565 1876 domi
1586 1829 1726 1892 cogamur
1741 1834 1796 1893 pre
1809 1835 1833 1874 ro

515 1918 698 1996 patrimoniis
721 1920 828 1979 nostris
850 1919 992 1980 intestinis
1007 1918 1192 1980 commisceri
1208 1917 1351 1987 caedihus;
1376 1935 1431 1977 nec
1446 1923 1574 1985 tantum,
1597 1935 1635 1977 ne
1650 1916 1703 1978 ista
1718 1919 1798 1989 fiant,

516 2019 568 2079 sed
590 2025 678 2079 etue
701 2020 816 2080 interim
838 2020 991 2080 discordiae
1013 2028 1122 2081 nosuae
1143 2021 1297 2080 occasione
1326 2017 1374 2079 illa
1402 2020 1431 2078 in
1460 2036 1515 2079 nos
1535 2019 1658 2080 Asiatica
1686 2028 1798 2099 tempe-

447 2128 586 2184 §.aosstas
607 2129 689 2191 ruat,
721 2139 779 2200 quo
808 2120 915 2200 duplici
945 2121 1028 2182 clade
1057 2116 1268 2200 opprimamur.
1313 2120 1384 2180 llate
1412 2137 1550 2198 operam,
1579 2115 1618 2203 ne
1644 2122 1693 2199 qui
1720 2140 1800 2182 nuuc

514 2222 608 2284 libere
631 2223 705 2282 tueri
729 2223 826 2283 onrnia
848 2225 984 2308 potestis,
1008 2224 1084 2283 intra
1106 2203 1136 2284 id
1158 2222 1313 2284 discrimen
1336 2213 1548 2292 includamini,'
1566 2222 1645 2283 unde
1668 2223 1798 2303 expediri
1829 2223 1834 2235 '

515 2322 718 2383 difficillimum
740 2324 790 2384 sit:
810 2323 894 2385 lacile
916 2325 944 2385 id
967 2324 1158 2403 praestabitis,
1182 2323 1262 2385 nullo
1285 2324 1380 2385 restro
1402 2323 1603 2393 incommodo,
1632 2322 1711 2386 nulla
1733 2344 1793 2386 mo·
1810 2347 1833 2387 is

447 2423 623 2494 §.ooalestia
648 2426 672 2484 si
694 2427 856 2486 concordes
878 2427 1004 2497 fueritis,
1028 2428 1052 2487 si
1066 2428 1276 2506 imperatorem
1292 2427 1463 2503 agnoscatis.
1493 2425 1567 2498 Quid
1583 2424 1699 2486 multis?
1720 2425 1798 2488 Tan·
1852 2405 1857 2415 ⁸

514 2527 580 2589 dem
604 2525 763 2588 deliberate
786 2528 864 2589 domi
886 2547 900 2589 a
924 2530 1027 2590 vestris
1050 2531 1113 2607 capi
1136 2528 1227 2591 velitis
1258 2547 1325 2589 cum
1353 2529 1513 2601 dedecore,
1542 2546 1579 2591 an
1607 2528 1679 2596 loris
1709 2548 1797 2609 cxpe-

513 2630 566 2689 riri
588 2647 662 2694 eum,
678 2628 779 2707 gloria.
817 2631 913 2692 ileum
937 2630 1089 2692 consilium
1106 2639 1150 2692 est
1164 2632 1325 2710 praevenire
1341 2628 1456 2699 ultima,
1480 2629 1594 2692 amoliri
1610 2648 1625 2690 a
1641 2630 1797 2693 Germania
1891 2660 1893 2664 ·

471 2787 476 2796 .
513 2729 639 2810 bellum,
668 2733 842 2793 domesticas
869 2735 1045 2812 intercipere
1072 2735 1243 2803 seditiones,
1273 2750 1445 2794 conservare
1474 2732 1658 2809 dignitatem,
1690 2751 1798 2812 augere

513 2834 684 2910 imperium,
708 2835 743 2894 ad
767 2834 883 2896 divitem
906 2853 1094 2910 concurrere·
1107 2835 1253 2913 praedam;
1276 2834 1364 2914 idque
1384 2834 1440 2895 hoc
1455 2833 1638 2913 potissimum
1653 2841 1796 2912 tempore,
1808 2858 1834 2897 ao

516 2935 632 3012 quando
655 2942 853 3014 opportunum
876 2938 1000 2998 maxime
1023 2944 1082 3005 est,
1112 2937 1228 3016 quando
1254 2955 1286 2997 se
1315 2955 1380 3015 quae
1408 2938 1538 2998 omnium
1566 2938 1798 3016 expectationem

445 3038 626 3106 §.convincit
650 3038 776 3099 ostendit
798 3040 922 3100 occasio.
969 3040 1025 3101 Sed
1049 3042 1106 3100 iam
1129 3041 1262 3101 incitatos
1286 3057 1335 3099 vos
1357 3038 1457 3108 rideo,
1487 3046 1515 3100 et
1536 3037 1693 3108 alacritatis
1715 3040 1798 3115 signa

480 3124 482 3135 '
514 3156 658 3217 agnoseo;
682 3139 766 3202 video
789 3143 896 3219 gestire
919 3141 1077 3220 quosdam,
1113 3149 1141 3203 et
1164 3140 1234 3201 nilrll
1257 3159 1345 3219 quam
1367 3139 1491 3210 bellum,
1525 3140 1612 3220 idque
1642 3140 1797 3203 coelestim

513 3238 602 3309 velle,
626 3247 713 3319 atque
736 3242 810 3303 lrane
832 3261 920 3304 uuam
943 3245 1072 3304 ninnium
1097 3243 1301 3323 cogitationem
1324 3243 1474 3311 existimo,
1499 3242 1557 3304 hue
1579 3260 1681 3303 omnes
1703 3244 1797 3305 inteu-

513 3340 598 3411 dere,
627 3341 684 3403 hoc
707 3343 823 3415 conari,
852 3352 938 3424 atque
966 3347 1054 3422 igitur
1082 3348 1112 3406 in
1140 3363 1327 3407 communem
1353 3342 1542 3405 'concordiam
1575 3361 1739 3424 propensos
1767 3353 1830 3410 etas

474 3498 477 3503 .
513 3461 619 3521 parere
642 3444 749 3506 Caesari
772 3453 903 3524 paratos:
935 3431 1042 3526 quihus
1064 3467 1081 3508 a
1104 3448 1218 3510 Christo
1240 3449 1350 3525 optimo
1372 3447 1499 3507 maximo
1522 3447 1648 3525 primum
1672 3455 1703 3507 ut
1725 3465 1797 3507 con-

514 3552 624 3606 stanter
647 3548 676 3606 in
699 3546 754 3606 hac
777 3550 913 3626 opinione
936 3558 1142 3626 perseverent,
1175 3549 1280 3610 deinde
1308 3556 1340 3608 ut
1363 3548 1458 3608 emnia
1481 3547 1538 3609 sibi
1559 3548 1682 3609 feliciter
1704 3549 1798 3610 lurtu-

513 3652 639 3725 nateque
664 3650 780 3709 evenire
801 3650 917 3710 rideant
939 3669 973 3713 ac
995 3652 1155 3730 gaudeant,
1178 3670 1295 3731 precor.

1113 3774 1191 3814 om.

581 3948 722 4021 inarare
775 3969 908 4038 *Vergil
921 3974 983 4024 AEn.
998 3975 1033 4024 11.
1047 3972 1106 4026 317,
1158 3975 1318 4024 laduersus
1333 3975 1387 4022 1.2.
1407 3973 1612 4024 desertuscorr.
1624 3977 1653 4022 11.
1705 3972 1796 4025 ⁸.Ne

514 4057 542 4106 in
554 4062 583 4105 Η.
637 4055 780 4108 ¹⁰.Ne!1.
834 4055 854 4089 ¹⁷
872 4058 905 4108 de
924 4056 1055 4109 libertate
1075 4058 1149 4124 4.(1)
1199 4057 1222 4090 ²⁸
1240 4074 1274 4108 ac
1287 4061 1343 4108 Μ.
1363 4063 1391 4108 et
1403 4063 1431 4107 11.
