4300 6059
422 665 494 737 312
533 693 632 728 LEONIS
645 694 672 726 X.
685 690 794 727 conrad
808 690 958 725 LVTRERVM
972 689 1061 724 BVLLA
1075 690 1137 724 DAT.
1153 683 1248 723 isam.
1261 688 1285 722 Δ.
1297 684 1355 722 152⁰.
1375 689 1399 723 c.
1415 689 1536 723 ΗΠΓΕΜ
1551 688 1644 722 KOTIS·

508 846 577 929 [th]
600 847 789 906 Sedrrmmtur
810 845 963 906 credentes
987 846 1188 918 indulpentius
1209 863 1272 905 esse
1290 847 1453 915 salutares,
1473 850 1503 902 et
1520 844 1563 901 ad
1576 844 1713 917 fructum

340 927 344 935 ¹
420 954 542 1027 spiritus
562 951 656 1007 rutiles.
1594 1015 1599 1024 ⁵

508 1047 577 1129 [21]
600 1049 800 1124 Indulpenllao
822 1050 1000 1108 necessariae
1020 1056 1089 1107 sunt
1105 1050 1197 1106 solum
1223 1047 1350 1121 puhlicis
1377 1047 1563 1122 criminibus,
1588 1055 1618 1106 et
1632 1065 1712 1122 pro

415 1155 486 1230 prie
507 1151 709 1210 conceduntur
730 1150 813 1209 deeris
831 1151 1010 1209 solummodo
1031 1158 1060 1209 et
1078 1150 1301 1224 impatientibus.

438 1330 441 1339 1
507 1249 577 1332 [22]
599 1252 661 1310 Sex
680 1252 838 1325 penenihus
852 1252 1000 1310 hominum
1015 1254 1208 1326 indulpenlioe
1221 1268 1275 1311 uec
1293 1259 1362 1310 sunt
1374 1253 1561 1323 necessariae,
1583 1270 1638 1311 nee
1655 1255 1739 1310 uti-⁵

420 1358 479 1415 les:
502 1356 639 1414 uidelicet
656 1357 777 1413 mortuis
791 1372 842 1413 seu
862 1356 1027 1426 proritaris,
1046 1356 1182 1426 infirmis,
1204 1355 1329 1426 lepitime
1344 1354 1507 1427 impeditis,
1531 1353 1577 1412 his
1591 1356 1643 1427 qui
1657 1370 1714 1411 non

420 1459 630 1516 commiserunt
650 1457 792 1528 erimina,
820 1456 865 1515 his
890 1459 942 1531 aui
966 1458 1096 1530 crimino
1123 1458 1330 1515 commiserunt
1354 1458 1410 1514 sed
1430 1472 1486 1514 non
1506 1455 1641 1530 publicu,
1670 1457 1717 1514 his

421 1561 473 1633 qui
493 1561 616 1618 meliora
637 1568 809 1633 operamur.

508 1642 589 1739 [23]
602 1660 928 1719 Ercommunicationes
947 1666 1016 1718 sieut
1033 1667 1145 1718 tanturm
1164 1665 1299 1718 externae
1313 1676 1427 1734 partae,
1447 1676 1501 1720 nee
1519 1662 1644 1734 privant
1658 1660 1716 1718 ho-

422 1764 528 1822 miaem
548 1762 748 1832 communibus
766 1762 969 1836 spiritualibus
989 1764 1122 1821 ecclesiae
1141 1761 1330 1819 orationibus.
1726 1775 1748 1812 ro

378 1838 393 1855 ⁶
508 1861 577 1943 [24]
601 1864 753 1923 'docendi
771 1869 840 1923 sum
858 1864 1021 1922 Christiani
1034 1866 1105 1939 plns
1126 1853 1250 1936 diliper'e
1275 1865 1604 1922 excommunicationem
1627 1879 1717 1936 qurum

421 1969 533 2025 timere.
637 2033 640 2040 ,

508 2064 578 2146 [25]
601 2062 772 2126 11Βοηιαηιιε
791 2064 930 2141 pontifex
950 2067 1034 2125 Petri
1052 2083 1218 2138 successor,
1241 2083 1298 2125 nou
1320 2074 1363 2125 est
1385 2065 1494 2125 Christi
1513 2068 1641 2124 sicarius
1662 2084 1717 2125 su-

420 2186 478 2245 per
498 2185 597 2228 omnes
618 2171 703 2228 totius
725 2169 830 2227 meandi
849 2170 979 2227 ecelesiis
1002 2169 1039 2226 ab
1058 2171 1122 2243 ipso
1145 2167 1261 2227 Christo
1282 2170 1312 2225 ia
1339 2168 1422 2226 heato
1444 2168 1532 2226 Petro
1558 2170 1716 2226 institutus.

510 2267 580 2348 [26]
603 2270 755 2328 cl'erham
780 2269 889 2328 Christi
910 2271 953 2328 eud
970 2270 1092 2329 Petrum
1115 2270 1323 2343 ‘Quodcunque
1345 2270 1465 2328 solueris
1487 2287 1578 2344 super
1604 2276 1717 2329 terrem
1732 2279 1754 2314 ’ὃ

422 2369 486 2432 ete?
508 2372 679 2430 extenditur
697 2373 856 2431 dumtaxat
876 2373 919 2430 ud
938 2374 1032 2445 liputa
1052 2372 1090 2430 ab
1110 2374 1173 2446 ipso
1195 2372 1291 2430 Petro.
1398 2359 1399 2362 ¹

422 2591 531 2651 'Totus
546 2592 577 2650 in
592 2609 694 2651 errore
712 2593 845 2660 versaris,
869 2591 1012 2652 Lntbere:
1037 2609 1103 2650 rranr
1118 2591 1141 2650 si
1158 2608 1217 2649 non
1232 2596 1371 2668 appetent
1386 2589 1581 2668 indulgentias
1595 2590 1721 2668 posthae
1763 2582 1767 2591 '

423 2690 568 2758 hornines,
592 2712 647 2752 rrae
663 2693 892 2770 perhorrescent
907 2693 1254 2760 excommunicationem,
1279 2692 1357 2752 unde
1373 2692 1428 2753 erit
1442 2690 1574 2752 Pontifici
1591 2693 1720 2751 urraxinro

423 2793 524 2854 Rornae
539 2813 597 2872 quo
613 2801 655 2854 tot
670 2793 727 2854 alat
742 2802 885 2874 perpetuo
902 2796 1015 2871 saintes
1031 2813 1064 2853 ac
1081 2794 1202 2872 pedites
1227 2794 1394 2873 expeditum
1410 2812 1528 2872 seraper
1545 2794 1719 2862 exercituin,

423 2900 466 2954 tot
481 2897 618 2964 nrusieos,
643 2903 755 2957 tanturm
771 2896 991 2974 spiculatornnr,
1015 2894 1080 2955 illos
1096 2896 1259 2972 praesertim
1283 2897 1417 2973 eorporis
1438 2897 1483 2955 sui
1505 2895 1642 2955 custodes
1665 2896 1757 2955 dal-'³⁰

427 3004 528 3055 ceritas
549 2996 698 3057 lielretios
720 2999 897 3076 stipatores?
929 2998 1032 3058 Nonne
1054 2997 1091 3066 ad
1114 2995 1307 3074 despicabiles
1326 2997 1429 3057 sordes
1451 2996 1557 3057 redibit
1578 2996 1721 3075 splendor

424 3095 472 3157 ille
489 3097 637 3159 ecciesiae?
660 3100 819 3177 Resipisoe.
885 3097 967 3159 ΙἨοο
983 3097 1160 3174 inexpiabile
1176 3107 1227 3166 est,
1242 3097 1379 3169 bothero,
1392 3098 1527 3175 Regnum
1542 3098 1646 3159 adimis
1661 3098 1722 3159 no-

424 3215 513 3258 mano
536 3199 679 3260 Pontihoi.
726 3199 780 3261 Ubi
804 3201 893 3261 veniae
915 3199 1016 3261 locus?
1039 3198 1104 3259 Non
1127 3199 1256 3259 absoluo.
1322 3200 1407 3260 ⁰Haee
1430 3199 1517 3260 uerba
1542 3207 1575 3261 et·
1593 3218 1660 3279 quaa
1683 3200 1723 3260 d‘a

426 3299 500 3359 dalis
523 3299 652 3360 clavibus
675 3310 757 3367 snut.
781 3321 878 3381 ireque
901 3303 964 3379 ipse
986 3302 1057 3361 satis
1079 3298 1220 3361 intellexit
1235 3301 1446 3381 Hieronymus,
1470 3320 1557 3380 quani
1581 3302 1668 3361 toties
1691 3302 1721 3360 in

426 3401 480 3460 bae
503 3399 584 3462 baba
607 3404 734 3463 vicarius
756 3403 862 3463 Christi
879 3402 992 3480 allegat.
1016 3405 1059 3463 sic
1077 3403 1155 3463 enirn
1171 3402 1329 3481 adscripsit
1342 3405 1382 3473 is,
1406 3421 1473 3464 curn
1489 3402 1615 3463 Matthaei
1630 3421 1720 3463 evan·
1731 3408 1759 3448 ²⁵

426 3501 535 3578 gelinrn
551 3513 730 3582 exponeret:
755 3503 863 3565 ‘lstunr'
887 3507 982 3583 inquit
1006 3504 1113 3571 ‘locuni
1136 3505 1266 3582 episcopi
1286 3513 1314 3564 et
1330 3512 1464 3582 pastores
1479 3522 1538 3564 non
1554 3503 1722 3582 intelligen-

422 3613 467 3664 tes
493 3604 601 3684 aliquid
630 3607 685 3666 sibi
714 3606 871 3668 adsumunt
893 3607 930 3666 de
952 3607 1165 3684 pharisaeorum
1189 3605 1363 3684 supercilio,
1391 3614 1423 3666 ut
1444 3606 1490 3668 vei
1513 3607 1654 3668 damnent
1676 3610 1722 3669 in·

423 3714 576 3775 abuentes,
601 3706 646 3768 vei
669 3707 783 3767 solvere
805 3726 836 3768 se
859 3710 963 3768 noxios
985 3708 1183 3776 arbitrentur,
1215 3728 1282 3769 cunr
1306 3709 1384 3786 apud
1407 3709 1496 3769 deum
1518 3728 1578 3768 non
1600 3718 1721 3772 senten·

425 3807 463 3866 lia
487 3807 689 3878 sacerdotum,
714 3809 764 3870 sed
788 3827 908 3871 reorum
933 3812 986 3871 vita
1010 3809 1179 3889 quaeratur.
1202 3810 1304 3889 Neque
1327 3811 1505 3888 Augustinus
1527 3818 1655 3873 mentem
1680 3814 1722 3873 si·

429 3930 576 3938 ....—-——-

492 3975 513 4007 ¹⁵
524 3976 734 4028 suatinxvna.
783 3976 805 4010 ²⁴
818 3979 936 4030 ironica.
981 3978 1003 4011 ²⁵
1016 3980 1175 4043 Hieronym.
1184 3995 1279 4029 comm.
1293 3983 1322 4029 in
1336 3979 1721 4046 evang.Matth.XVl.19.ad.

421 4060 594 4110 Banadvll.
604 4079 629 4126 p.
641 4062 695 4111 124.
732 4060 754 4093 ²⁵
766 4064 900 4127 Aupustin.
914 4079 988 4115 semu.
996 4065 1129 4114 Lxxxv.
1136 4080 1158 4113 c.
1168 4064 1190 4114 1.
1211 4064 1261 4113 ‘Tu
1275 4080 1304 4114 es
1317 4065 1431 4115 Petrns'.
1452 4064 1544 4114 Simon
1557 4066 1658 4131 quippe
1673 4083 1723 4116 an—

423 4150 471 4195 tea
484 4146 650 4208 vocabatur,
669 4147 723 4198 hoc
738 4154 828 4198 antem
848 4150 874 4198 ei
892 4164 998 4211 nomen,
1018 4155 1048 4198 ut
1065 4150 1164 4198 Petrus
1183 4148 1383 4214 appellaretur,
1403 4165 1419 4198 a
1437 4149 1545 4199 domino
1564 4151 1723 4215 impositum

424 4236 478 4289 ast,
503 4237 532 4280 et
550 4231 601 4280 hoc
620 4232 648 4280 in
667 4248 702 4282 ea
719 4233 808 4298 figura
825 4239 856 4282 uh
874 4234 1047 4299 significarat
1066 4233 1229 4283 eeclesiam:
1250 4236 1314 4298 quia
1333 4235 1406 4283 anim
1418 4232 1543 4284 Christus
1556 4239 1649 4300 patra,
1669 4236 1723 4286 Pa·

421 4319 479 4364 trus
497 4315 613 4381 populus
633 4316 818 4367 Christianus:
838 4324 919 4383 patra
937 4320 1011 4367 enim
1029 4316 1184 4383 principale
1202 4333 1301 4368 nomen
1320 4323 1376 4379 ast,
1396 4318 1456 4368 ideo
1473 4320 1573 4368 Petrus
1591 4334 1608 4368 a
1627 4325 1718 4384 petra,

422 4413 476 4448 non
495 4405 576 4464 petra
595 4418 611 4449 a
630 4402 727 4463 Petro,
748 4403 881 4467 quomodo
900 4419 953 4452 non
972 4419 988 4451 a
1008 4403 1160 4452 christiano
1179 4401 1319 4465 Christus,
1344 4402 1392 4453 sed
1415 4418 1432 4451 a
1451 4401 1560 4453 Christo
1579 4402 1716 4455 Christia-

422 4498 473 4533 nus
490 4489 619 4546 vooatur3
639 4485 690 4535 ‘Tu
709 4490 746 4536 as'
766 4503 831 4553 ergo
850 4488 939 4550 inquit
959 4489 1065 4538 ‘Petrus
1086 4492 1113 4535 et
1131 4501 1213 4552 snper
1231 4486 1303 4537 banc
1322 4488 1443 4552 petram'‚
1470 4501 1551 4552 qaam
1575 4488 1721 4539 confossus

424 4583 466 4630 es,
486 4569 577 4633 ‘snper
595 4570 667 4620 hano
687 4572 810 4635 petram’,
831 4586 912 4638 quam
932 4573 1086 4637 cognovisti
1105 4571 1201 4620 dicens
1221 4563 1282 4620 “Tu
1296 4586 1326 4621 as
1339 4571 1464 4621 Christus
1477 4571 1550 4621 filins
1568 4572 1615 4621 dai
1632 4575 1720 4636 vivi'',

423 4652 578 4704 ‘oedificabo
597 4655 747 4706 aeclesiam
766 4659 862 4706 meam'
882 4656 992 4715 (Matth.
1005 4657 1077 4706 XVI.
1096 4654 1219 4718 13...18.)‚
1239 4656 1267 4705 id
1286 4660 1329 4706 ast
1349 4655 1446 4721 ‘Super
1463 4672 1506 4705 ms
1526 4658 1614 4720 ipsum
1634 4657 1720 4708 filium

423 4736 543 4787 deiviri
562 4739 708 4790 oedifioabo
728 4740 875 4791 aeclesiam
894 4757 997 4801 meam;
1021 4756 1104 4806 snper
1127 4757 1170 4790 ma
1188 4738 1334 4790 aedifioabo
1354 4747 1395 4804 ta,
1421 4756 1475 4791 non
1499 4756 1542 4790 ma
1566 4755 1649 4806 supas
1671 4742 1720 4793 te’.

420 4837 478 4885 cap.
492 4821 517 4870 2.
538 4828 618 4885 ‚,..ut
636 4824 736 4876 Petrus
754 4824 938 4874 aedificaretur
955 4839 1036 4890 super
1054 4830 1175 4890 petram,
1195 4841 1250 4877 non
1268 4830 1349 4891 petra
1366 4840 1449 4891 snper
1466 4826 1595 4875 Petram’.
1615 4828 1721 4876 cluiui-

420 4906 480 4956 liter
492 4904 573 4957 Seru.
590 4906 721 4960 CCLXX.
735 4926 757 4959 e.
771 4909 796 4957 2.
810 4915 835 4958 et
853 4913 957 4972 snepha.
1011 4907 1069 4951 ²⁹⁸⁴·
1088 4912 1197 4960 videtur
1214 4910 1345 4959 habuisse
1365 4912 1397 4967 3,·
1414 4911 1441 4959 in
1462 4913 1484 4959 t.
1496 4912 1522 4960 2.
1536 4916 1575 4959 est
1593 4910 1722 4961 sacerdo·

419 4994 477 5038 tum
496 5004 566 5053 essa,
1232 5008 1235 5013 ⁴
