4300 6059
565 731 761 769 colemanno
773 732 935 769 (mulum
950 731 1103 768 rnorost'rn
1115 732 1151 767 ΑΒ
1163 731 1356 770 auctorum
1367 733 1403 769 11·
1414 733 1440 770 0·
1452 734 1479 769 A.
1493 727 1552 771 lbl'l.
1631 702 1704 776 195

412 906 474 948 rum
496 892 662 965 sagittariis,
691 908 807 967 quorum
830 906 953 964 magnam
975 891 1083 966 copiam
1105 890 1218 953 habent.
1247 900 1275 948 et
1295 892 1438 949 maritimis
1459 891 1592 950 classibus
1614 893 1707 950 admo·

413 977 478 1034 dum
500 976 584 1034 utiles
606 984 686 1039 sunt,
716 977 895 1050 terrestrique
918 975 1010 1034 itineri
1031 985 1061 1035 et
1082 963 1193 1034 nimium
1215 976 1306 1050 longae
1328 977 1495 1052 expeditioni
1517 996 1572 1036 non
1595 979 1706 1037 omnino

413 1062 470 1139 apti
492 1058 627 1136 alioquin,
652 1079 682 1118 se
704 1061 880 1136 coniungere.
1155 1131 1158 1139 Ι

499 1152 542 1207 29.
565 1146 617 1215 Qui
641 1146 749 1221 quidem
770 1163 824 1202 uua
847 1163 941 1203 omnes
961 1163 1025 1204 cum
1047 1146 1152 1204 Caesare
1174 1157 1202 1204 et
1223 1146 1361 1204 Lusitanis
1389 1149 1549 1222 congregati
1571 1149 1706 1206 Africana

390 1232 583 1306 aexpeditioni
605 1239 633 1288 et
654 1231 688 1288 ad
709 1232 918 1306 comparandam
943 1249 1037 1289 earnm
1065 1233 1209 1307 regionum
1237 1232 1393 1294 victoriam.
1427 1232 1572 1308 Alcayrum
1594 1233 1707 1290 Alexan-

412 1318 555 1391 driamque
577 1316 772 1374 subiiciendam
794 1335 825 1373 ac
846 1316 936 1374 Nilum
959 1318 1147 1375 trajiciendum
1168 1318 1368 1392 Persarumque
1389 1318 1489 1390 llegem
1505 1317 1589 1392 Sopbi
1611 1328 1707 1376 contra

415 1403 520 1459 'lurcos
541 1402 713 1459 animandum
736 1409 765 1458 et
785 1403 818 1458 ad
840 1402 1056 1458 Christianorum
1072 1412 1164 1477 partes
1180 1401 1351 1459 alliciendum
1368 1402 1447 1459 facile
1462 1402 1607 1460 sufficient.
1630 1403 1706 1472 Quot

414 1504 445 1544 ea
469 1488 613 1545 occasione
635 1486 721 1543 levius
744 1486 952 1543 existimandum
975 1496 1018 1543 est
1039 1487 1200 1546 Christianis
1227 1488 1365 1550 loturum.
1396 1488 1612 1562 quandoquidem
1641 1490 1709 1545 'lur-

414 1589 510 1631 comm
533 1580 664 1646 tyrannus
686 1581 782 1629 contra
805 1573 919 1628 eundem
940 1572 1084 1629 Persarum
1099 1573 1198 1646 Regem
1215 1572 1375 1647 Scytharum
1398 1590 1447 1629 seu
1464 1573 1639 1631 Tartarorum
1661 1592 1709 1631 au·

386 1655 504 1721 taxillis,
528 1657 574 1730 qui
598 1657 678 1712 nimis
699 1657 733 1712 ah
755 1657 857 1714 eisdem
879 1657 1038 1730 regionibus
1060 1658 1176 1720 distant,
1204 1674 1375 1733 nequaquam
1403 1659 1544 1715 commode
1568 1659 1608 1714 uti
1630 1668 1709 1734 pote·

417 1743 467 1804 rit.
491 1758 563 1816 quos
584 1743 665 1798 etiam
680 1741 826 1798 Christiani
848 1751 1009 1816 potentatus
1032 1743 1147 1817 pecunia
1168 1750 1196 1799 et
1218 1741 1349 1799 uberibus
1371 1741 1485 1800 allectos
1507 1743 1654 1818 stipendiis
1670 1753 1709 1801 at·

417 1827 525 1884 trahere
547 1826 580 1883 ad
602 1843 646 1890 se,
669 1835 700 1882 ut
721 1828 881 1901 praedictum
904 1835 959 1891 est,
983 1829 1056 1884 omni
1078 1828 1170 1884 studio
1192 1835 1220 1883 et
1242 1835 1305 1884 astu
1326 1827 1522 1902 procurabunt.

501 1920 545 1974 an
568 1912 596 1968 ln
619 1912 715 1968 eodem
737 1921 827 1969 autem
856 1929 928 1968 anuo
957 1913 1138 1969 decimonono
1166 1913 1356 1969 serenissimus
1378 1912 1543 1969 Francorum
1571 1913 1626 1970 Rex
1647 1931 1708 1971 cum

416 1996 582 2054 exercitibus
604 1998 660 2053 suis
683 2005 711 2054 et
733 1998 819 2071 copiis
842 2015 1028 2073 quascumque
1043 1999 1147 2073 poterit
1168 1997 1235 2054 citra
1250 1997 1379 2060 classem,
1404 1998 1469 2063 iam,
1493 2005 1524 2054 ut
1539 1998 1641 2055 dictum
1657 2007 1708 2062 est,

384 2082 442 2138 rain
457 2082 611 2138 Africanam
634 2083 832 2156 expeditionem
854 2100 925 2138 anno
947 2082 1051 2139 decimo
1074 2091 1169 2139 octavo
1192 2083 1350 2139 mittendam
1373 2100 1434 2138 cum
1456 2084 1564 2139 ceteris
1580 2083 1709 2140 Christia-

415 2184 513 2223 norum
536 2166 659 2228 auxiliis.
684 2185 744 2242 quae
768 2185 800 2223 ex
822 2167 907 2223 altera
930 2175 1007 2242 parte
1030 2169 1118 2224 media
1141 2167 1277 2241 impositae
1301 2167 1464 2229 exactionis.
1486 2174 1569 2224 etex
1591 2170 1709 2225 residuis

415 2252 534 2308 Africani
556 2253 675 2326 negotii,
698 2252 863 2326 decimisque
886 2253 967 2309 etiam
991 2261 1018 2308 et
1040 2253 1180 2326 vigesimis
1201 2253 1335 2314 denariis.
1365 2260 1396 2308 ut
1423 2254 1587 2327 praefertur.
1617 2254 1710 2310 adiun-

413 2337 465 2395 ctis
487 2339 640 2411 comparari
663 2345 808 2411 poterunt,
832 2354 892 2394 sese
915 2338 947 2393 ad
970 2346 1092 2394 sanctam
1115 2339 1184 2393 hanc
1206 2338 1405 2413 expeditionem
1433 2338 1573 2412 accinget,
1602 2339 1710 2413 iterque

413 2439 493 2479 suum
512 2439 564 2496 per
584 2421 687 2478 ltaliam
709 2430 736 2479 et
759 2421 941 2486 hemiolium,
964 2440 1068 2496 perque
1091 2421 1242 2496 lllyricum,
1265 2423 1401 2479 Croatiam
1424 2433 1452 2479 et
1466 2423 1603 2481 Dalmaticae
1619 2426 1710 2498 regio·

386 2520 462 2565 eones
485 2508 608 2581 dirigens
631 2508 663 2564 ad
686 2507 837 2563 'lurcorum
866 2509 1034 2582 emporium,
1064 2507 1137 2581 quod
1166 2507 1323 2564 Oberbosna
1344 2506 1514 2581 appellatur,
1543 2509 1711 2567 contendere

452 2593 527 2649 terit.

413 2610 449 2668 1¹⁰
472 2706 475 2710 ·
498 2685 543 2737 31.
565 2675 622 2744 Qua
644 2686 735 2734 autem
763 2678 869 2734 ratione
897 2677 1087 2733 conditioneve
1115 2676 1201 2750 magis
1223 2676 1385 2732 Christianae
1415 2676 1572 2752 reipublice
1601 2686 1629 2734 et
1657 2679 1710 2753 ipsi

415 2762 582 2819 Francorum
603 2762 669 2836 llegi
692 2761 789 2818 utilior
811 2780 840 2818 ac
864 2763 951 2818 tutior
972 2762 1106 2818 eiusmodi
1129 2762 1235 2818 itineris
1258 2762 1394 2836 expeditio
1417 2762 1540 2819 videatur
1562 2780 1641 2837 quaxn
1664 2773 1712 2821 aut

415 2848 540 2904 Africana
563 2856 611 2904 aut
632 2847 881 2921 septemtrionalis,
905 2847 983 2903 facile
1006 2848 1137 2922 perpendi
1160 2856 1268 2921 potest:
1297 2847 1360 2922 quia
1387 2864 1450 2903 cum
1479 2849 1610 2922 proximis
1632 2851 1711 2906 annis

383 2932 541 2989 tanonnulli
564 2932 745 2989 occidentales
768 2932 982 2989 Christianorum
1006 2931 1101 3007 populi
1116 2933 1256 3007 Principes
1279 2950 1345 2989 suos
1367 2932 1455 2987 secuti
1477 2933 1663 2990 dissensiones
1683 2944 1712 2991 et

415 3017 569 3074 bellacum
593 3017 653 3092 ipsa
676 3018 748 3091 liege
770 3017 929 3080 habuerint,
960 3035 1076 3092 qnorum
1101 3018 1203 3074 recenti
1226 3018 1357 3074 memoria
1380 3016 1459 3074 facile
1482 3017 1554 3074 inter
1576 3020 1711 3076 exercitus

415 3103 543 3159 suscitari
567 3103 736 3158 incommoda
758 3102 843 3159 multa
866 3111 995 3177 possent:
1025 3102 1189 3167 orientales.
1218 3102 1293 3159 nulla
1321 3119 1440 3176 unquam
1470 3101 1561 3159 habita
1588 3120 1650 3161 cum
1677 3121 1711 3161 eo

415 3187 566 3249 discordia.
589 3188 721 3243 eiusmodi
745 3188 913 3245 incommoda
937 3196 965 3244 et
987 3187 1143 3243 inimicitias
1166 3205 1337 3263 nequaquam
1359 3186 1524 3244 excitabunt.

500 3279 544 3333 32.
568 3271 669 3328 Eodem
691 3289 761 3329 anno
783 3272 964 3331 decimonono
988 3274 1040 3329 iam
1068 3273 1157 3329 dictus
1179 3271 1300 3328 Polonire
1324 3272 1378 3329 liex
1406 3289 1468 3333 cum
1498 3273 1662 3330 exercitibus
1683 3281 1712 3331 et

384 3358 503 3433 ttcopiis
525 3359 584 3413 suis
605 3375 722 3431 cumque
743 3357 920 3415 auxiliaribus
943 3358 1079 3422 talionis,
1108 3357 1236 3414 bloldavis
1258 3367 1286 3413 et
1308 3356 1416 3432 Scythis
1444 3358 1477 3413 ad
1506 3358 1642 3433 inceptum
1666 3375 1712 3415 ne·

416 3444 525 3516 gocium
548 3443 650 3516 prioris
672 3444 734 3499 anni
756 3444 852 3500 decimi
876 3444 962 3500 octavi
986 3444 1208 3519 prosequendum
1231 3450 1399 3506 revertetur,
1428 3451 1456 3499 et
1482 3459 1513 3499 se
1537 3443 1564 3499 in
1587 3444 1711 3518 emporio
1788 3488 1790 3492 .

417 3528 574 3584 Oberbosna
596 3528 729 3602 praedicto
751 3546 812 3585 cuni
834 3528 1000 3585 Francorum
1022 3530 1095 3602 llege
1118 3528 1276 3601 coniunget.
1300 3528 1346 3603 qui
1369 3545 1423 3584 una
1439 3544 1534 3584 omues
1549 3527 1632 3584 latius
1647 3547 1712 3603 pro·

417 3612 479 3669 lecti
501 3611 709 3687 Philippopolin
729 3623 758 3670 et
779 3614 977 3689 budrinopolin
1000 3613 1122 3671 Thraciae
1145 3612 1228 3670 urbes
1251 3613 1462 3688 oppugnabunt.
1485 3620 1514 3670 et
1535 3613 1559 3668 si
1581 3613 1640 3670 lieri
1663 3631 1712 3689 po·

484 3795 617 3847 ¹meritt.
632 3800 657 3847 1.
692 3793 797 3862 ²nim]
811 3796 953 3846 minimum
965 3799 991 3847 4.
1027 3797 1341 3863 nono.nptiom.2...i.
1389 3792 1467 3846 ‘nna
1478 3812 1525 3846 oin.
1538 3798 1561 3846 1.
1598 3812 1712 3862 congre·

418 3882 490 3946 gatis
503 3883 529 3931 4.
565 3879 926 3946 ‘comp....victor.om.d.
962 3881 1205 3932 Alcbeierumzd.
1225 3881 1423 3946 Alcegerumi.
1459 3863 1624 3931 tutilone.
1659 3895 1712 3944 qne

417 3971 495 4017 arm.
531 3965 619 4032 opby
632 3969 657 4016 4.
692 3965 898 4016 'iecilooand
935 3964 1092 4016 ⁵leninsd¹
1128 3965 1298 4016 Turcbarum
1311 3969 1336 4015 4.
1349 3972 1375 4014 ot
1387 3969 1460 4015 soIet.
1507 3962 1711 4030 'cen]&2...i.

417 4049 438 4083 ¹⁰
455 4047 534 4116 nim]
554 4051 644 4100 minus
657 4054 682 4101 4.
718 4050 858 4100 commode
871 4067 918 4099 oin.
934 4053 958 4099 4.
996 4048 1015 4082 ¹¹
1035 4048 1153 4116 uberib.]
1173 4051 1317 4101 roberibns
1331 4053 1355 4099 1.
1375 4049 1533 4099 muneribus
1546 4052 1571 4099 4.
1619 4047 1640 4081 ¹³
1658 4051 1712 4100 No·

418 4135 561 4186 undecimo
580 4138 739 4186 enno2...i.
788 4131 1003 4188 15ἰῐιοιιι.1...3.
1051 4136 1241 4201 exped.om.i.
1273 4135 1546 4200 prosectionem2.3.
1583 4135 1712 4185 decoci.

419 4223 477 4271 ni.
515 4219 536 4252 ¹⁸
548 4214 698 4286 e.p.med.]
714 4219 804 4269 altera
817 4219 967 4270 medietate
980 4223 1053 4270 2,..4.
1102 4218 1123 4251 ¹⁷
1136 4221 1313 4269 enemente.
1357 4235 1409 4284 qne
1427 4221 1507 4270 nand.
1544 4219 1674 4268 denarius
1687 4223 1713 4268 2.

419 4303 604 4371 &vigesimis
621 4303 644 4355 b
661 4298 776 4355 denario
790 4303 857 4370 3.(!)
899 4303 919 4336 ¹⁸
938 4319 998 4356 sese
1012 4320 1058 4355 om.
1073 4307 1099 4354 4.
1135 4312 1224 4354 sanet.
1238 4321 1286 4356 om.
1299 4307 1325 4354 4.
1374 4302 1590 4354 ¹'Por-Jullium
1604 4305 1628 4353 4.
1664 4303 1713 4353 1Ιί-

421 4389 543 4439 ήοιιπιῖ.
561 4388 696 4439 Illirienm
710 4393 734 4439 4.
783 4389 922 4439 cronciem
936 4393 962 4439 3.
1009 4387 1033 4422 ²⁰
1050 4386 1153 4453 Ob.B.]
1171 4388 1263 4438 Besae
1277 4388 1356 4438 aerei.
1398 4387 1591 4438 oben-Rosma
1603 4390 1629 4440 4.
1646 4389 1715 4455 quaed

420 4476 445 4524 in
462 4477 523 4525 eda.
538 4476 637 4524 dicitur
651 4475 766 4538 fortusse
780 4473 950 4524 Noui-Bazar
962 4479 1004 4523 ani
1017 4475 1208 4539 Philippopolin
1219 4479 1264 4522 neat
1275 4473 1466 4537 Andrinopoiin
1476 4473 1632 4538 significare,
1642 4473 1713 4535 fori.

421 4559 632 4611 Neres-licem
647 4559 805 4609 scribendwn
823 4573 888 4609 esee.
911 4559 1015 4609 ibeccice
1034 4562 1168 4624 explicare
1189 4559 1265 4609 oohdt
1277 4556 1408 4608 Serdicam
1423 4561 1476 4609 eine
1494 4557 1649 4608 Bosniacaan
1670 4573 1714 4608 no·

420 4660 475 4694 nea
491 4645 557 4694 satis
573 4645 698 4708 mondum
716 4644 790 4693 etiam
807 4647 903 4694 nostrae
922 4647 1035 4706 „cartes
1055 4642 1216 4694 netuellee”.
1250 4639 1273 4674 ¹¹
1289 4657 1384 4694 reem.
1397 4644 1423 4693 2.
1460 4641 1672 4707 conditioneque
1684 4645 1713 4692 3.

421 4729 541 4780 conduci
555 4727 842 4794 (procondicioneve)
860 4728 935 4779 babet
949 4731 974 4777 4.
1009 4728 1080 4793 reip.
1094 4727 1189 4779 chat.
1228 4723 1251 4758 ⁸⁸
1268 4726 1385 4778 bulnem.
1399 4730 1425 4776 4.
1465 4740 1547 4792 qnam
1565 4723 1624 4792 aut]
1643 4725 1715 4790 qnod

421 4816 545 4868 entem.
580 4809 649 4864 “eo
662 4812 718 4863 fec.
727 4815 752 4863 4.
789 4815 854 4879 qnia
867 4809 939 4878 cnm]
953 4810 1112 4877 quodquod.
1147 4808 1368 4863 ¹⁸babueruntd⁸
1403 4810 1589 4878 ”possuntt
1622 4808 1713 4861 ”inc

421 4903 450 4950 et
459 4915 508 4951 en.
518 4902 545 4950 4.
597 4894 620 4929 ¹⁹
638 4897 796 4962 Eodemque
810 4900 835 4947 4.
892 4896 1163 4948 NonodeeimoP...i.
1220 4898 1276 4947 iem
1293 4894 1329 4962 d]
1348 4896 1458 4947 idemi.
1514 4893 1538 4929 ⁸⁸
1555 4911 1607 4961 qne
1625 4911 1673 4945 ora.
1687 4897 1712 4945 4.
1791 4956 1794 4965 Ι

420 4984 566 5050 negocium
577 4984 657 5034 emi.
676 5010 679 5017 n
700 4979 723 5014 ⁸¹
735 4975 830 5031 ceteri
842 4982 943 5032 decimi
955 4984 1029 5032 2...4.
1075 4979 1331 5032 ⁸²0berbosnnet.
1349 4980 1581 5032 Oba-Bomoi.
1616 4976 1714 5029 ”Phi-

420 5067 587 5135 llpapolinz
605 5065 847 5133 Philippopolin&
865 5065 1050 5132 Villipolimi.
1067 5064 1275 5131 Andrinopolim
1282 5067 1309 5115 4.
1328 5065 1525 5130 Adriacapoiin.
1543 5062 1713 5114 Teneion.

1431 5149 1494 5211 1³*
