4300 6059
451 658 463 728 1
476 659 521 731 30
540 682 663 726 narrent
676 688 712 723 no
725 688 871 723 rsrncrrso
881 687 965 723 oran.
976 687 1011 723 vr
1022 686 1133 723 aeonvu
1146 687 1244 722 rvacrs
1259 686 1399 723 rnrsaanr
1411 668 1726 735 neumnensium.)

445 768 451 777 .
776 748 785 779 Ι

448 846 535 914 ecrit,
559 846 641 923 qnasi
663 846 758 922 prisea
782 843 900 903 desierit
922 843 1033 902 virtus·
1066 841 1163 903 Nolite
1186 842 1288 920 igitur,
1312 841 1516 922 oprincipes,
1545 841 1600 918 ipsi
1622 842 1726 920 despe-

445 966 515 1018 rare
536 964 603 1015 ros,
620 945 668 1027 ,de
696 944 803 1022 quibus
831 945 940 1022 optime
962 960 1206 1020 nos,speramus:
1236 942 1324 1004 nolite
1352 946 1407 1003 ista
1428 950 1494 1002 taur
1522 951 1638 1020 uegeta,
1667 953 1726 1004 tam

448 1047 523 1109 bene
537 1046 679 1120 'habentia
702 1064 736 1106 ae
759 1047 919 1125 composita
941 1046 1098 1124 repudiare
1121 1044 1252 1106 membra
1280 1063 1314 1105 ac
1335 1046 1523 1122 peregrinum
1546 1043 1662 1106 albrnde
1684 1052 1727 1106 at·

447 1151 584 1217 trudere;
607 1147 696 1208 nolite
719 1166 785 1208 cnm
808 1155 851 1207 tot
865 1149 928 1213 ¹sint
950 1149 979 1207 in
1002 1146 1158 1207 Germania
1181 1143 1331 1206 tortissimi
1352 1165 1387 1205 ae
1402 1144 1577 1206 nobilissimi
1597 1147 1727 1216 invenes,

447 1256 490 1310 tot
512 1252 627 1329 optimae
649 1251 711 1328 spei
734 1248 948 1318 adolescentes
972 1256 1126 1309 externum
1149 1266 1295 1331 arrogare¹
1311 1248 1490 1325 principem,
1513 1247 1541 1307 id
1558 1255 1602 1307 est
1617 1255 1750 1308 carneol

449 1368 573 1413 acuero
596 1353 714 1429 corpori
737 1370 805 1411 snos
827 1350 992 1413 subducere
1015 1350 1105 1428 pedes
1127 1356 1177 1409 ant
1197 1367 1315 1418 manns,
1345 1356 1373 1409 et
1400 1348 1513 1426 ligneos
1540 1355 1590 1409 aut
1612 1349 1727 1411 suberi·

381 1463 514 1515 tut-nos
536 1440 571 1513 ac
590 1453 673 1512 fictos
694 1470 853 1541 apponere.
899 1452 982 1523 Quod
1005 1453 1029 1512 si
1052 1453 1101 1530 qui
1123 1459 1192 1511 sunt
1214 1454 1263 1529 qni
1285 1468 1343 1510 non
1364 1451 1517 1510 admittant
1530 1434 1684 1511 consilinm
1700 1458 1733 1511 et

448 1555 554 1633 quibus
576 1556 673 1614 cronia
695 1553 785 1614 libeat
805 1555 967 1624 invertere,
996 1552 1042 1613 bis
1064 1571 1125 1631 ego·
1143 1571 1210 1614 cnm
1232 1553 1387 1612 innocente
1414 1551 1472 1612 boc
1494 1551 1689 1613 blarimiliauo
1711 1570 1727 1612 a

448 1658 504 1718 diis
525 1655 739 1717 immortalibus
761 1654 841 1716 illum
865 1662 1129 1735 qnemtantopere
1151 1654 1287 1714 allectant
1309 1661 1463 1747 externum
1488 1654 1637 1714 dominnm
1659 1667 1729 1733 pre·

387 1762 390 1767 ’
449 1758 555 1827 cabor,
590 1764 621 1817 nt
647 1756 731 1818 istam
760 1759 802 1817 eis
823 1766 1033 1837 praeposteram
1055 1755 1221 1817 libertatem
1245 1756 1274 1814 in
1296 1754 1513 1817 acerbissimam
1542 1774 1576 1815 ae
1602 1754 1761 1833 ignom-¹⁰

448 1861 642 1921 niosissimam
665 1858 898 1937 subiugationem
920 1866 1027 1919 vertat:
1050 1859 1182 1936 iniquum
1204 1865 1248 1918 est
1263 1858 1341 1919 enim
1356 1856 1426 1916 illnd
1443 1856 1547 1916 borum
1564 1854 1728 1927 consilinm,

448 1963 592 2022 netarium
616 1968 644 2020 et
666 1960 822 2021 scelestum
845 1978 879 2021 ae
902 1979 1015 2036 spmme
1037 1960 1244 2038 perniciosum.
1283 1976 1357 2037 qnos
1379 1960 1404 2019 si
1426 1957 1613 2036 nllarirtntis
1628 1934 1729 2020 recoss

450 2063 527 2126 datio
549 2070 664 2138 ageret,
694 2062 721 2122 id
745 2069 789 2122 est
810 2066 834 2121 si
858 2081 924 2122 vere
947 2063 1225 2131 Germaniessent,
1255 2061 1329 2120 mori
1358 2068 1425 2121 ante
1454 2058 1551 2120 decuit
1577 2077 1664 2138 quam
1693 2078 1729 2121 eo
1767 2122 1771 2130 ,

382 2171 446 2222 aue
461 2170 637 2244 cogerentur
659 2181 718 2242 qno
741 2181 771 2223 se
791 2163 868 2223 rdtro
891 2181 970 2241 nnnc
991 2163 1153 2223 intrudunt.
1198 2162 1260 2223 Sed.
1288 2163 1391 2222 missos
1418 2162 1558 2222 iaciamus
1585 2161 1640 2222 hos
1661 2179 1730 2221 cnm

449 2267 510 2326 suis
531 2263 756 2343 cogitationibus
777 2266 893 2343 ineptos
915 2263 1107 2325 consultores.
1145 2263 1216 2333 Vos,
1239 2265 1403 2341 principes,
1427 2262 1505 2341 qnod
1520 2262 1656 2340 pluribus
1671 2262 1729 2324 lor·
1742 2275 1765 2315 ¹³
1792 2330 1801 2346 ,

426 2376 525 2428 .tasse
548 2384 634 2446 quam
657 2367 786 2444 oportuit
808 2367 868 2444 egi,
899 2367 965 2445 qnia
993 2372 1193 2444 opportunum
1222 2373 1279 2435 est,
1309 2365 1375 2443 qnia
1404 2381 1524 2424 necaese
1546 2371 1590 2425 est
1611 2372 1641 2426 et
1656 2366 1731 2444 ·quia

450 2469 561 2529 differri
582 2486 641 2528 non
665 2474 761 2545 potest
785 2474 938 2527 utcontra
962 2467 1074 2527 Turoas
1097 2485 1178 2527 arma
1200 2475 1353 2526 sumantur
1380 2465 1437 2526 boe
1465 2472 1614 2545 tempore,
1643 2475 1730 2547 atque

450 2571 477 2630 id
502 2569 556 2630 alio
579 2587 638 2629 non
661 2570 710 2629 liet
732 2568 854 2629 consilio
876 2553 963 2648 qnam
986 2570 1010 2629 si
1032 2587 1083 2635 vos
1106 2587 1292 2629 communem
1315 2565 1520 2647 amplexemini
1543 2569 1731 2630 concordiam

452 2690 485 2730 ac
508 2671 630 2731 invicem
653 2670 779 2730 redeatis
800 2671 830 2730 in
854 2673 995 2747 gratiam,
1020 2673 1112 2748 agite,
1134 2665 1304 2731 nobilissimi
1320 2687 1476 2755 proceres,
1499 2663 1649 2731 fortissimi
1664 2671 1729 2740 viri,

451 2769 549 2850 proles
570 2771 824 2840 Fridericborum,
856 2790 949 2850 genus
971 2770 1135 2842 Othonum,
1167 2773 1285 2850 sangnis
1313 2771 1548 2839 ilenricborum‚
1576 2774 1767 2851 posteritaso

382 2872 651 2966 §.pt-Carolornm,
680 2874 770 2951 agite,
803 2874 939 2951 inquam,
969 2873 1063 2933 redite
1086 2874 1114 2933 in
1137 2874 1273 2952 gratiam!
1301 2872 1386 2933 laoile
1408 2874 1465 2933 boc
1486 2872 1569 2934 robis
1591 2881 1648 2943 est,
1678 2874 1731 2934 sed

450 2993 617 3054 quanquam
641 2974 737 3037 facile.
761 2976 798 3035 ita
822 2982 918 3035 tamen
941 2973 1067 3035 salutare
1091 2976 1229 3053 imperio,
1259 2975 1366 3052 patriae·
1389 2993 1423 3035 ae
1444 2973 1615 3036 Christianis
1637 2977 1732 3035 omni·

450 3076 520 3147 bns,
542 3085 574 3137 nt
596 3078 679 3136 istam
701 3077 725 3137 si
742 3076 822 3137 vobis
846 3076 933 3155 (quod
949 3077 1046 3157 spero)
1069 3076 1258 3137 concordiam
1278 3077 1351 3136 dens
1366 3074 1518 3146 indiderit,
1541 3077 1606 3137 inre
1621 3078 1731 3156 optimo

410 3241 413 3249 ,
451 3196 635 3240 communem
657 3176 780 3238 salntem
803 3175 953 3255 appellare
974 3175 1068 3238 liceat.
1113 3177 1150 3237 Et
1180 3177 1357 3238 cunctamini
1385 3194 1419 3236 ao
1446 3183 1540 3238 totum
1569 3177 1678 3239 bonnm
1701 3180 1731 3241 in

451 3279 579 3340 medium
602 3279 672 3340 dare
694 3278 738 3340 vel
761 3285 940 3356 momentum
964 3278 1103 3341 differtis?
1125 3279 1194 3357 quin
1216 3297 1267 3338 vos
1289 3297 1407 3341 omnem
1429 3279 1476 3339 bio
1497 3297 1611 3341 moram
1633 3280 1731 3343 odisse
1742 3293 1768 3334 π

452 3382 546 3450 iuvat,
571 3388 599 3441 et
621 3380 773 3441 confestim
795 3379 932 3440 omnibus
954 3379 1091 3449 salutem,
1120 3379 1201 3439 vobis
1224 3381 1309 3441 etiam
1331 3380 1446 3441 laudern
1475 3399 1509 3441 ac
1537 3381 1660 3459 gloriam
1682 3400 1733 3461 pa·
1787 3412 1790 3418 ·

383 3495 546 3550 §.rso.rere:
568 3490 676 3558 urgent
698 3500 748 3543 vos
770 3482 922 3542 bominum
946 3483 1112 3562 desyderii,
1133 3481 1256 3561 impellit
1277 3481 1395 3562 publica
1418 3484 1584 3543 necessitas.
1613 3484 1666 3571 ‘dn
1682 3482 1733 3544 ali·

451 3586 517 3662 quis
537 3592 666 3644 restrum
690 3591 733 3643 est
754 3584 837 3644 euius
859 3583 980 3644 auribus
1002 3601 1062 3643 non
1084 3585 1268 3644 insonuerint
1299 3585 1352 3644 ista
1381 3584 1536 3664 ‘Respicite
1558 3601 1629 3654 nos,
1652 3587 1734 3663 prin·

451 3687 546 3763 cipes,
571 3683 717 3746 defendite
739 3685 873 3745 lortnnas
896 3693 1027 3754 nostras,
1056 3690 1226 3747 conservate
1255 3685 1438 3762 dignitatem,
1468 3685 1604 3764 depellite
1631 3688 1734 3748 interi·

450 3787 542 3847 tnm'l
577 3787 655 3864 Ergo
688 3787 764 3862 agite
794 3805 827 3846 ex
856 3785 906 3846 illo
934 3786 1063 3849 obscuro
1098 3787 1214 3847 desidiae
1249 3805 1284 3847 ae
1320 3789 1512 3848 cunctationis
1547 3780 1668 3851 carcere
1700 3791 1768 3851 inu

383 3889 694 3966 conpetentissimum
716 3905 792 3947 verae
814 3887 914 3965 glorias
937 3908 1072 3969 campum
1097 3888 1255 3966 erumpite!
1278 3889 1374 3967 Prope
1396 3889 1486 3951 bostis
1508 3896 1565 3960 est,
1588 3908 1648 3950 non
1664 3908 1735 3951 con·-

451 3989 627 4050 temnendns
649 3988 711 4057 ille,
742 3989 994 4089 nenegligendns
1015 3991 1133 4069 quidem
1155 3997 1205 4049 aut
1227 4007 1284 4050 non
1308 3991 1420 4067 magnis
1442 3991 1631 4071 apparatibus
1657 3993 1736 4053 exci-

452 4091 590 4168 piendus,
614 4092 663 4168 qni
686 4109 751 4150 cnm
776 4091 852 4151 intra
875 4092 989 4161 dsiam,
1014 4109 1101 4169 qnam
1124 4090 1306 4169 possidebat,
1330 4094 1481 4153 continere
1504 4110 1610 4153 senon
1625 4101 1734 4172 posset,

452 4190 558 4250 bonam
582 4190 708 4268 Europae
726 4200 842 4268 partem
866 4195 1065 4271 imperio-sno
1094 4192 1239 4266 adiunxit,
1268 4193 1335 4253 inde
1363 4213 1480 4254 rursum
1509 4194 1615 4273 quietis
1643 4196 1735 4275 impa-

451 4292 552 4352 tientia
573 4292 699 4352 diris-am
723 4294 824 4351 invasit
846 4312 880 4352 oc
902 4294 990 4354 veluti
1011 4295 1147 4354 innnanis
1162 4292 1253 4354 bestia
1270 4293 1429 4357 humanum
1445 4295 1545 4355 sitiens
1560 4298 1770 4375 sanguineus

452 4389 562 4451 devicta
586 4391 668 4471 Syria
696 4399 725 4452 et
752 4394 889 4471 quicquid
920 4395 997 4455 iuxta
1026 4394 1185 4455 Snltbanus
1212 4395 1395 4473 possidebat,
1424 4395 1512 4457 simul
1538 4399 1670 4478 Aegypto
1699 4398 1735 4459 ad

452 4494 552 4569 iugum
575 4493 672 4562 ducta,
695 4510 796 4553 omnes
818 4494 849 4552 iu
872 4512 925 4554 nos
948 4496 1139 4573 cogitationes
1161 4515 1196 4556 ao
1217 4495 1474 4569 nniversambelli
1490 4497 1735 4571 molemconver·

448 4601 517 4653 tens
540 4591 651 4652 cladem
674 4593 778 4662 ttabae,
802 4595 963 4654 vastitatem
985 4596 1158 4666 Pannoniis,
1188 4597 1302 4676 lllyrieo
1331 4617 1365 4658 ae
1392 4598 1557 4669 Sarmatia,
1584 4609 1736 4678 postremo

385 4692 549 4761 §.rsauobis
579 4710 696 4791 quoqne
725 4692 888 4772 periculum
916 4697 1049 4758 intentat.
1093 4698 1168 4759 lluic
1196 4687 1331 4760 tali‘tam
1360 4698 1596 4769 luriosaebelnae
1617 4703 1659 4764 sic
1682 4721 1736 4764 nos

460 4828 570 4849 ...w—m...
584 4829 654 4836 ,...-

522 4892 533 4924 ⁸
550 4892 639 4942 libeat
654 4900 765 4942 corr-11·
784 4892 854 4942 libet
872 4898 895 4942 1·
905 4897 929 4942 2·
982 4895 1003 4928 ¹⁸
1021 4900 1131 4950 missum
1149 4903 1207 4951 edd.
1264 4900 1286 4932 ²⁸
1304 4908 1410 4952 tontum
1423 4907 1448 4953 2.
1466 4905 1514 4954 sed
1529 4909 1558 4952 11.
1577 4921 1648 4954 corr.
1667 4913 1693 4954 nt
1712 4909 1735 4958 1.

453 4974 529 5024 debet
546 4979 632 5024 totum
683 4974 1007 5030 ²⁶etcorr.11.aot.2.
1059 4981 1083 5016 ⁸⁰
1101 5000 1134 5035 ac
1149 4990 1203 5035 1.2.
1223 4991 1252 5036 st
1268 4992 1310 5035 11.Α
1350 4985 1533 5038 ”bellnaed
