4300 6059
477 704 580 741 transm
595 706 723 741 vlrssbml
736 705 839 740 ORATIO
852 705 986 741 AVGVS'I'AE
1000 706 1114 741 VINDEL.
1128 708 1155 741 D.
1168 701 1203 741 20.
1216 706 1280 742 AVG·
1295 707 1320 742 Δ.
1337 700 1394 740 15¹8.
1409 706 1523 743 HABITA.
1572 677 1645 747 245

351 866 520 922 constituere
544 865 627 927 velle;
651 883 700 922 riee
723 865 965 940 praetenuissurnrn
997 867 1155 941 quiequam,
1185 885 1245 941 qum
1275 868 1345 922 vires
1374 869 1432 922 eius
1462 886 1492 922 ae
1522 868 1598 940 regui
1621 875 1649 923 et

350 950 535 1007 dominiorum
558 965 679 1007 suorum·
693 951 764 1006 ferre
787 952 922 1024 poterint.
947 959 974 1006 et
998 969 1057 1024 quae
1080 952 1111 1007 ad
1135 961 1189 1006 tnui
1213 960 1334 1008 sanetum
1350 952 1450 1025 diuque
1466 952 1648 1009 desideratum

353 1054 423 1110 opus
446 1035 637 1110 pertinebunt,
662 1035 806 1091 dummodo
830 1034 974 1108 aliquando
996 1053 1057 1091 num
1081 1037 1178 1092 ellectu
1201 1036 1292 1112 aliquo
1308 1037 1466 1094 Christianae
1487 1036 1567 1092 saluti
1582 1055 1648 1093 eon·

352 1121 473 1184 solatur,
496 1117 546 1196 pro
570 1138 637 1194 qua,
661 1128 690 1176 nt
713 1120 800 1176 verbis
822 1128 884 1176 titur
907 1122 1004 1194 regiis.
1029 1129 1056 1175 et
1071 1121 1214 1177 thesauros
1231 1139 1323 1178 omues
1339 1130 1366 1178 et
1382 1122 1540 1194 sanguinem
1558 1124 1647 1196 ipsum

326 1219 415 1264 scum
438 1207 491 1262 vitu
513 1206 652 1262 effundere
676 1215 768 1278 parata
790 1214 839 1261 est.
884 1206 970 1277 Perge
993 1207 1077 1278 igitur
1100 1224 1154 1279 qiro
1175 1208 1297 1280 cupiisti,
1326 1209 1506 1263 sacratissime
1530 1208 1716 1280 impera-§.tn

351 1301 409 1354 tor,
440 1300 468 1348 et
490 1299 532 1347 tot
554 1309 585 1348 ao
608 1292 689 1347 taulis
712 1291 919 1364 gloriosissimis
944 1291 1087 1364 triumphis
1117 1293 1170 1347 tuis
1201 1294 1307 1348 uuieurn
1336 1293 1420 1353 bunc.
1457 1292 1502 1365 qui
1533 1300 1647 1348 cunctos

351 1377 421 1433 alios
450 1376 604 1450 superabit.
632 1393 770 1450 apponere
799 1377 948 1438 contende,
978 1383 1008 1430 nt
1040 1376 1182 1450 utriusque
1211 1377 1317 1450 imperii
1353 1377 1471 1432 habenas
1502 1377 1646 1433 Christiani

351 1479 448 1519 omnes
469 1469 496 1517 te
519 1461 705 1517 moderantem
728 1461 859 1534 aspiciant
881 1471 908 1516 et
932 1460 1067 1517 laetentur.
1114 1461 1207 1517 Vinees
1231 1461 1411 1536 proculdubio
1433 1463 1461 1516 in
1484 1462 1564 1534 signo
1586 1479 1648 1517 cru·

350 1550 390 1604 cis
413 1547 507 1604 hostes
531 1546 699 1607 teterrimos,
723 1545 882 1620 profligabis
904 1564 964 1602 eum
989 1554 1064 1602 tanto
1087 1556 1219 1620 apparatu
1240 1556 1267 1602 et
1291 1549 1410 1602 omniurn
1433 1547 1554 1620 potentia
1578 1546 1647 1602 'lur-

319 1633 420 1689 rochas
442 1633 554 1705 impios.
578 1631 769 1688 exterminabis
791 1649 852 1687 cum
875 1632 969 1687 beone‘
987 1631 1160 1687 sanctissimo
1189 1640 1216 1687 et
1246 1640 1287 1687 tot
1310 1631 1428 1704 Regibus
1446 1632 1647 1706 spurcissimos

351 1716 489 1779 infideles,
512 1725 541 1772 et
562 1717 593 1772 ad
617 1714 729 1772 ultimos
751 1734 839 1790 usque
861 1716 928 1772 fines
952 1726 1033 1772 terrie
1056 1725 1183 1789 tauquam
1207 1716 1314 1773 Christo
1337 1717 1440 1774 alienos
1463 1716 1645 1790 propulsabis,

352 1811 383 1859 ut
406 1802 454 1876 qui
479 1810 504 1857 te
520 1804 673 1874 Augustum
697 1802 724 1856 iu
739 1803 861 1874 Augusta
885 1811 929 1856 tua
953 1810 980 1856 et
1002 1818 1095 1857 mense
1118 1801 1169 1858 hoe
1185 1803 1300 1875 Augusti
1324 1810 1439 1875 auguste
1454 1802 1646 1875 comperimus,

350 1896 415 1962 post
436 1885 536 1943 multas
558 1887 591 1942 de
615 1885 765 1942 infidelibus
789 1895 880 1961 partas
903 1887 1043 1948 victorias,
1066 1886 1282 1960 llaehnuietique
1309 1886 1399 1942 deleto
1422 1887 1531 1942 nomine
1553 1888 1646 1960 hugu-

351 1973 502 2028 stissimum
527 1972 631 2029 tandem
655 1972 800 2027 videamus,
845 1970 899 2026 lter
921 1980 1010 2027 autern
1033 1971 1139 2043 parabit
1160 1979 1188 2025 et
1210 1971 1309 2042 diriget
1332 1971 1472 2033 dominus,
1502 1970 1580 2027 euius
1602 1988 1646 2026 res

313 2058 458 2131 tangitur,
482 2057 600 2113 carmine
623 2055 784 2130 prophetico
807 2064 953 2112 attestante
982 2055 1086 2111 ‘llevela
1111 2056 1220 2111 doruiuo
1243 2058 1311 2111 viam
1342 2065 1429 2117 triani,
1459 2064 1486 2111 et
1516 2073 1596 2130 spera
1619 2056 1645 2111 iu

348 2159 400 2204 en,
425 2150 454 2198 et
476 2142 536 2216 ipse
558 2142 655 2198 lneiet’.

951 2240 1047 2282 uluis.

434 2397 557 2453 Aderant
578 2397 604 2452 iu
627 2396 680 2452 hoe
701 2389 836 2452 conuentu
859 2404 915 2451 tres
938 2396 1154 2452 reverendissimi
1176 2397 1277 2452 douiiui
1301 2396 1472 2475 Cardiuales,
1495 2396 1647 2456 eatetenus.

348 2483 512 2544 dorcensis,
536 2490 564 2537 et
586 2481 775 2555 llagrrutinus.
799 2481 946 2554 pluresque
969 2481 1072 2553 Regum
1089 2482 1232 2542 Oratores,
1256 2491 1284 2537 et
1307 2499 1401 2537 omues
1425 2481 1481 2536 lere
1498 2481 1647 2536 Germania

314 2568 453 2629 telleneo,
482 2584 543 2623 enm
573 2584 668 2640 magna
698 2574 775 2640 parte
799 2565 995 2640 Episcoporurn
1026 2574 1053 2621 et.
1076 2565 1227 2621 nobilitatis
1251 2584 1307 2622 sirm
1330 2567 1477 2640 primariae.
1509 2566 1596 2639 qualis
1619 2566 1646 2620 iu

338 2652 468 2727 imperio
491 2669 573 2725 supra
597 2653 709 2724 triginta
731 2668 818 2707 annos
841 2653 912 2706 visus
935 2668 988 2706 noo
1013 2661 1063 2706 est.
1108 2651 1221 2707 loannes
1243 2651 1338 2707 bliller.

418 2870 588 2936 ¹poternnt:
602 2874 633 2918 R.
693 2868 704 2899 ⁵
722 2874 836 2935 paratus
855 2872 906 2918 est.
927 2867 1050 2932 Bzonius,
1073 2871 1143 2918 cerne
1167 2875 1293 2932 excerpta
1316 2869 1354 2916 his
1373 2868 1456 2918 uerbis
1473 2874 1582 2925 exeunt,
1602 2867 1646 2915 nrt-

350 2957 416 3006 didit
436 2955 531 3005 ‘Extat
549 2960 621 3005 tomo
634 2956 683 3006 111.
697 2969 786 3004 rerum
797 2951 1007 3003 Polonienrnrn'.
1054 2953 1153 3019 cepisti
1167 2957 1190 3003 1.
1237 2953 1402 3018 ⁷nopouere
1423 2956 1447 3005 1,
1494 2949 1646 3017 utriusque]

351 3042 496 3092 Occidentis
514 3046 538 3090 et
557 3040 676 3090 Orientis.
713 3036 732 3071 ¹¹
751 3037 914 3105 propulsam,
935 3036 983 3087 bvt
997 3042 1019 3088 1.
1057 3036 1077 3069 ¹¹
1095 3035 1408 3104 hugustilduguslolt.
1452 3035 1646 3086 brianonum

352 3124 374 3158 ¹³
385 3125 490 3176 Psnlrn.
504 3125 628 3175 XXXVI.
639 3125 663 3174 5.
700 3122 720 3156 ¹⁷
733 3120 830 3189 riuis]
850 3138 919 3172 mm.
933 3126 965 3172 R.
980 3126 1023 3188 qui
1033 3127 1166 3189 sequeutia
1178 3138 1226 3172 non
1239 3125 1346 3187 recepit.
1389 3120 1409 3154 ¹¹
1429 3121 1470 3171 cl.
1486 3120 1577 3170 adnot.
1592 3118 1646 3170 vol.

350 3213 416 3263 1111.
429 3210 521 3278 pour.
568 3207 588 3241 ²¹
609 3207 693 3275 visua]
713 3208 730 3259 i.
746 3225 769 3259 e.
785 3213 944 3259 conventus.
1123 3194 1128 3206 ’
