4300 6059
524 692 597 762 494
618 722 726 756 nrm!
731 723 739 755 1
751 723 787 755 ΒΕ
795 721 911 756 vacr
923 722 1018 756 13010.
1030 723 1063 755 BT
1074 722 1167 755 1108Βο
1178 722 1259 755 oaut..
1270 723 1325 755 Lm.
1337 722 1386 755 tttr
1397 721 1527 755 HUBNEBS
1538 722 1656 758 cnutus·
1666 724 1814 759 cnmxvt.

523 884 621 937 eutem
644 883 714 936 tunc
736 877 881 953 primum,
905 894 972 934 cum
996 893 1032 933 cx
1055 876 1201 951 predictis
1222 883 1352 935 mutetur
1368 875 1494 953 atiquid'.
1539 878 1670 937 itarrdam
1686 886 1716 938 et
1730 881 1814 957 quie·

523 987 582 1037 tem
606 979 631 1036 ci
654 977 788 1037 membro
811 976 889 1055 quod
912 979 1028 1036 sanitati
1056 995 1153 1054 nuper
1180 979 1347 1036 restitutum
1376 979 1412 1036 sit
1439 986 1576 1038 monent:
1604 981 1701 1058 itaque
1728 980 1814 1058 pedis

524 1079 687 1139 remedium
716 1079 799 1156 quies
827 1086 888 1145 est,
916 1079 1010 1154 inquit
1033 1077 1234 1155 Hippocrates.
1280 1078 1358 1138 unde
1380 1077 1546 1138 Alexander
1574 1079 1701 1158 colligit,
1732 1083 1812 1159 quod

524 1189 657 1240 roratum
681 1182 786 1239 iterum
811 1187 869 1247 est,
892 1181 1044 1257 quiescere
1068 1188 1221 1258 oporterc;
1245 1179 1351 1239 ‘Motus
1373 1181 1460 1239 enim'
1483 1183 1523 1239 ait
1545 1182 1732 1242 ‘confluvium
1755 1185 1815 1259 agit

455 1283 653 1349 §.rnnuteriae
683 1300 887 1360 supervacuae,
917 1300 981 1358 qnae
1004 1283 1133 1341 excitare
1161 1288 1257 1358 potest
1284 1282 1562 1342 inflammationem.
1608 1284 1758 1362 ‘Equitare
1787 1286 1840 1345 eis

523 1385 570 1443 cui
593 1399 688 1458 genua
718 1381 833 1451 dolent,
864 1383 1115 1451 inimicissimum,
1144 1381 1245 1442 Celsus
1273 1385 1320 1442 ait.
1365 1383 1446 1443 Idem
1471 1383 1618 1462 ‘Equitare
1647 1386 1815 1463 podagricis

455 1502 642 1563 §.nquoque
664 1483 800 1543 alicnum'
823 1485 976 1544 existimat.
1022 1483 1100 1543 Voce
1123 1483 1301 1543 exercebant
1322 1502 1354 1544 se
1375 1493 1490 1545 veteres
1513 1486 1615 1554 etiarn,
1643 1489 1703 1546 sire
1726 1506 1814 1546 cane·

521 1593 606 1646 retur
628 1585 751 1664 aliquid,
775 1587 835 1645 sire
858 1585 966 1645 clarius
988 1584 1146 1664 legeretur.
1191 1586 1255 1644 Dixi
1278 1584 1374 1645 obiter
1396 1594 1589 1647 tractaturum
1612 1587 1675 1648 haec
1698 1608 1761 1656 me,
1785 1598 1815 1648 et

523 1686 602 1747 nulia
625 1705 732 1764 magna
755 1705 834 1753 cura,
859 1688 909 1747 sed
934 1695 965 1747 ut
987 1687 1126 1764 quodque
1142 1689 1275 1763 inprimis
1291 1689 1403 1747 monitu
1419 1689 1540 1764 dignum
1557 1689 1708 1758 incideret,
1731 1689 1814 1750 nulio

523 1790 610 1848 etiam
633 1789 750 1849 ordine:
775 1806 862 1847 nemo
885 1790 1017 1867 requirat
1038 1788 1086 1848 hic
1109 1786 1218 1866 aliquid
1243 1790 1345 1866 igitur;
1374 1791 1399 1847 si
1422 1807 1602 1867 cognoscere
1626 1790 1700 1860 relit,
1724 1791 1813 1851 docui
1825 1808 1848 1845 n

455 1909 599 1970 §.roquos
621 1892 698 1968 apud
722 1890 862 1950 authores
884 1908 949 1967 qnae
972 1890 1095 1949 inveniri
1117 1892 1238 1966 possint.
1282 1892 1376 1968 Atque
1403 1890 1481 1950 aliud
1503 1910 1573 1951 ecce
1594 1891 1673 1952 subit
1695 1895 1812 1963 iterum,

522 2001 640 2069 oportet
662 1991 739 2052 enirn
763 1994 813 2069 qni
835 1994 912 2051 tueri
935 1993 1070 2069 corporis
1092 1991 1350 2059 sanitatcmrreiit,
1373 1992 1432 2050 duo
1455 1995 1581 2053 maxime
1604 2013 1710 2055 curare
1725 1995 1813 2056 Gale-

523 2113 579 2153 nus
602 2094 687 2162 dicit,
715 2112 806 2153 unum
838 2092 920 2152 cibus
943 2093 1119 2153 conveniens
1141 2101 1174 2152 ut
1195 2095 1245 2159 sit,
1278 2092 1403 2152 alterurn
1426 2094 1624 2154 mundificatio
1647 2095 1688 2155 iili
1709 2103 1741 2155 ut
1763 2115 1813 2156 su·

521 2198 674 2274 perveniat
696 2213 798 2255 eorum
822 2213 887 2273 quae
909 2194 1057 2272 superflua
1083 2212 1117 2253 ex
1147 2192 1212 2253 ciho
1242 2193 1457 2272 relinquuntur.
1502 2194 1611 2256 Paulus
1631 2197 1726 2274 inquit
1748 2197 1813 2258 ‘Ve-

522 2304 602 2358 teres
636 2297 704 2356 satis
732 2295 874 2373 putabant
903 2295 940 2356 ad
970 2295 1076 2354 bonam
1105 2293 1298 2354 valetudinem
1328 2296 1482 2364 tuendam,
1511 2299 1535 2356 si
1563 2299 1669 2358 cotidie
1698 2306 1727 2359 et
1755 2299 1846 2360 atne

523 2417 614 2460 onera
637 2406 666 2459 et
687 2400 771 2457 urina
794 2397 949 2479 commode
971 2416 1006 2456 ac
1027 2398 1090 2455 sino
1114 2396 1345 2474 reprehensione
1368 2415 1422 2475 pro
1445 2397 1650 2460 alimentorum
1666 2408 1813 2480 potusque

454 2516 512 2565 ια.
522 2502 659 2579 portione
692 2497 908 2560 deiicercntur'.
954 2499 994 2558 [te
1028 2516 1135 2558 venere
1168 2497 1239 2558 nihii
1274 2499 1420 2558 monendo
1455 2503 1642 2585 praeterrnisit
1671 2500 1811 2571 Galenus,

521 2601 659 2661 omnihus
681 2621 744 2661 cam
768 2602 817 2679 qui
840 2603 918 2660 sicco
942 2607 1175 2678 temperamento
1198 2607 1264 2659 sunt
1287 2601 1436 2660 inimicam
1453 2601 1601 2670 scribens,
1625 2604 1811 2680 potissimum

520 2704 571 2763 his
589 2704 639 2780 qui
662 2702 758 2762 adlmc
781 2702 886 2779 frigido
916 2704 1017 2761 ctiam:
1051 2702 1134 2761 ‘Nam
1162 2702 1287 2759 innoxia'
1312 2703 1405 2779 inquit
1428 2713 1528 2764 ‘venus
1551 2703 1598 2763 his
1620 2709 1734 2764 tantum
1757 2712 1810 2773 est,

521 2807 570 2885 qni
594 2804 677 2865 calidi
700 2812 769 2864 sunt
791 2823 825 2863 ac
847 2803 973 2869 humidi,
1004 2805 1103 2880 etqui
1127 2804 1259 2879 gerntura
1283 2802 1451 2864 abundant.
1496 2805 1533 2864 Et
1554 2806 1661 2865 iterum
1686 2805 1846 2876 ‘Quibnseo

520 2905 674 2984 inculpata'
699 2907 793 2983 inquit
815 2907 960 2983 ‘corporis
976 2906 1143 2964 constitutio
1166 2912 1226 2973 est,
1250 2922 1310 2964 non
1334 2905 1444 2964 debent
1466 2906 1496 2965 hi
1519 2926 1534 2966 a
1558 2925 1665 2967 renerc
1687 2909 1810 2967 omnino

520 3007 685 3077 abstinere,
709 3007 956 3086 quemadmodum
979 3006 1077 3083 frigidi
1101 3015 1129 3065 et
1151 3004 1237 3066 sicci'.
1276 3007 1347 3066 item
1363 3006 1471 3067 Pauius
1494 3007 1683 3068 ‘Concubitus
1705 3011 1811 3070 siccio-

519 3128 568 3170 res
590 3129 692 3169 omnes
714 3109 800 3179 laedit,
823 3109 948 3168 maxime
971 3110 994 3166 si
1017 3108 1142 3167 ariditati
1164 3107 1257 3183 frigus
1280 3127 1397 3186 qnoque
1425 3111 1579 3186 iungatur;
1608 3109 1709 3170 calidis
1739 3130 1811 3171 vero

520 3221 550 3272 et
571 3211 700 3274 humidis
722 3211 863 3271 duntaxat
885 3217 963 3268 tutus
986 3211 1055 3276 est';
1072 3210 1132 3269 “Ut
1155 3208 1280 3268 iabores'
1304 3209 1411 3270 Paulus
1434 3212 1541 3289 inquit,
1572 3213 1623 3270 ‘sic
1646 3220 1676 3272 et
1697 3231 1809 3274 concu-

452 3327 511 3377 ιιι.
522 3313 600 3373 bitus
621 3315 647 3373 si
669 3313 774 3372 modus
797 3292 944 3377 serretur,
975 3309 1053 3370 oritis
1075 3310 1137 3370 est'.
1183 3310 1245 3369 {loc
1268 3311 1377 3370 debent
1403 3314 1570 3373 meminisse
1598 3332 1715 3383 omnm,
1748 3318 1844 3374 coi-u

519 3425 580 3474 turn
603 3422 725 3492 propter
747 3433 853 3475 nervos
876 3413 1046 3489 fugiendum
1071 3400 1178 3488 magna
1199 3431 1267 3472 rura
1292 3412 1336 3472 iris
1359 3415 1407 3491 qui
1431 3412 1541 3474 Gallico
1564 3414 1669 3475 morbo
1693 3415 1809 3475 labora-

450 3686 611 3750 §.sontiotro
631 3688 666 3749 [ot
684 3700 741 3738 noo
760 3676 813 3737 tiro
832 3682 902 3748 totino
918 3686 957 3737 uir
975 3686 1020 3749 ectr
1039 3685 1124 3747 petunt
1144 3690 1219 3737 oreti
1239 3685 1308 3748 [etot.
1345 3684 1413 3738 ivero
1431 3690 1469 3738 tie
1488 3687 1538 3748 ton
1553 3687 1642 3739 troadi
1655 3693 1731 3740 morai
1745 3689 1808 3750 tetur

450 3780 556 3832 §.umet
574 3772 609 3832 itt
628 3773 666 3823 nit
686 3772 772 3832 tritri,
796 3774 852 3833 curto
873 3771 912 3822 oie
932 3778 977 3822 uos
994 3777 1099 3833 peropto
1117 3775 1177 3833 nont
1195 3777 1243 3821 om
1260 3777 1304 3822 ooo
1328 3785 1382 3834 orco
1407 3785 1464 3823 meu
1488 3769 1534 3833 boii
1556 3772 1613 3822 oter
1630 3770 1700 3833 tint?
1718 3772 1761 3836 top
1778 3778 1807 3825 ot

449 3857 634 3922 §.aaddtpteri
650 3854 673 3906 ι’
692 3866 803 3920 octono).
828 3852 861 3909 ori
883 3856 952 3919 [coru
975 3858 1027 3919 oon
1045 3857 1075 3907 ott
1094 3855 1231 3918 orntiutidr
1247 3864 1273 3918 m
1292 3869 1350 3906 mon
1369 3856 1411 3918 [iu
1430 3857 1456 3908 in
1475 3853 1532 3918 eden
1551 3847 1583 3907 υἷι
1599 3855 1707 3908 ιιίιιαιαι
1726 3856 1808 3922 metio

516 3997 627 4006 ---—·

583 4095 593 4126 ³
612 4093 756 4160 Hippocr.]
771 4096 868 4159 Aphor.
884 4094 919 4141 ll.
934 4093 974 4140 48⁴
992 4084 1039 4142 Ἐν
1057 4084 1134 4157 πάσῃ
1152 4084 1260 4156 κινήσει
1280 4090 1329 4143 τοῦ
1347 4085 1474 4158 σώματος
1492 4083 1597 4142 ὁκόταν
1614 4083 1736 4158 ἄρχηται
1756 4111 1805 4144 πο·

516 4175 605 4238 νέειν.
625 4173 657 4231 τὸ
676 4171 868 4230 διαναπαύειν
887 4171 976 4234 εὐθὺς
999 4168 1119 4227 ἄκοιτον.
1142 4178 1219 4241 Apud
1239 4178 1314 4226 Alex.
1334 4178 1417 4242 Aphr.
1438 4177 1454 4225 Ι.
1470 4194 1493 4226 e.
1508 4183 1551 4226 ecc
1573 4170 1657 4237 „eim
1681 4170 1736 4241 γὰρ
1751 4170 1807 4228 ‘ln-

515 4258 659 4330 ποκρὰιης
677 4257 713 4323 ὡς
733 4257 832 4322 *ποδὸς
850 4257 920 4320 ἄκος
937 4255 1098 4326 ἅκινησιή“.
1151 4260 1384 4325 crescenteque.
1399 4278 1424 4325 p.
1438 4261 1507 4309 271⁸.
1522 4260 1725 4322 11.76.(111.t.
1740 4279 1765 4326 p.
1780 4262 1804 4311 3.

516 4351 573 4412 trs,
591 4349 650 4399 292.
665 4350 756 4406 Boos.)
775 4348 850 4409 „cur
867 4347 962 4396 ulcere
980 4346 1115 4410 pulmonis
1134 4346 1223 4394 curari
1241 4362 1294 4394 non
1314 4352 1423 4410 queant.
1443 4347 1506 4409 quin
1525 4345 1595 4408 quod
1615 4353 1740 4395 curatum
1754 4347 1805 4395 ite-

513 4449 573 4483 rum
598 4439 653 4496 est,
678 4435 821 4497 quiescere
840 4432 931 4480 debet.
952 4428 1007 4495 [sic]
1033 4431 1104 4480 nnde
1129 4429 1195 4479 illud
1220 4431 1398 4495 Hippocratis
1421 4430 1521 4479 medici
1545 4429 1631 4493 ‘pedis
1655 4430 1805 4480 remedium

515 4519 593 4583 quies
612 4525 654 4568 eet
674 4518 723 4568 ...’'
745 4521 834 4568 Graec
853 4506 897 4569 ὅτι
915 4514 974 4565 πᾶν
994 4507 1025 4566 ro
1045 4506 1182 4579 δεόμενον
1201 4507 1302 4574 ἰάσεως
1319 4508 1440 4581 ἠρεμίας
1458 4513 1561 4566 δεῖται.
1617 4512 1627 4544 ⁴
1645 4515 1804 4564 scribendum

514 4611 571 4652 eret
597 4602 667 4667 qnod
691 4603 840 4653 curandum
865 4607 919 4660 est,
944 4601 1087 4664 quiescere
1106 4613 1130 4647 o.
1200 4602 1291 4649 Motus
1316 4598 1370 4665 en]
1398 4590 1435 4664 „7‘1
1458 4592 1512 4664 γὰρ
1534 4597 1645 4662 κίνησις
1668 4589 1805 4663 σύρροιαν

514 4693 596 4739 ποιεῖ
615 4687 710 4754 χυμῶν
731 4687 881 4751 περιττῶν,
905 4672 983 4737 οὗτοι
1006 4679 1038 4734 aa
1062 4674 1250 4749 preponere
1320 4680 1642 4748 teets.]ored.1v.23.
1713 4681 1802 4749 mem]

515 4772 615 4820 ivxta.
689 4772 700 4803 ⁹
723 4773 854 4838 imprimis
872 4775 896 4821 8.
961 4769 978 4800 ¹¹
1007 4774 1117 4817 autores
1138 4773 1176 4817 10.
1242 4767 1291 4801 ¹²⁴³
1315 4766 1424 4832 Galen]
1449 4769 1482 4816 dc
1506 4769 1588 4816 sunit.
1614 4767 1717 4816 tuenda
1736 4768 1758 4816 1.
1777 4767 1803 4817 3.

515 4855 536 4887 ¹⁴
554 4853 644 4919 rent]
667 4856 743 4907 Lat
785 4854 806 4888 ¹⁵
825 4854 945 4919 qnotidie
967 4857 1006 4902 10.
1053 4853 1073 4884 ¹⁸
1091 4859 1171 4919 potus
1191 4869 1250 4917 qum
1265 4858 1291 4903 3.
1339 4854 1360 4884 ¹⁷
1377 4853 1605 4919 praetermissitt.
1622 4848 1802 4915 ptermiesitt.

515 4939 648 4988 mouendo
666 4941 854 5004 pretermissit
868 4943 892 4987 3.
964 4936 1073 5002 Galen]
1096 4939 1129 4988 de
1149 4955 1208 4987 snn.
1223 4939 1422 4988 tuendorun
1487 4938 1509 4969 ²⁰
1527 4933 1635 5000 iterum]
1650 4935 1748 4986 Galen.
1768 4937 1801 4986 de

514 5037 571 5072 san.
586 5025 688 5072 tuenda
706 5024 791 5073 VM.
842 5023 864 5055 ²²
881 5022 971 5088 Pani]
992 5022 1068 5071 itt.
1120 5022 1142 5053 ²³
1160 5021 1290 5073 ariditate
1311 5026 1411 5071 1...Ι.6.
1463 5019 1486 5052 ²⁴
1503 5019 1593 5086 Puni]
1611 5022 1633 5071 1.
1648 5020 1689 5069 35.
