<?xml version="1.0" encoding="UTF-8"?>
<!DOCTYPE html PUBLIC "-//W3C//DTD XHTML 1.0 Transitional//EN"
    "http://www.w3.org/TR/xhtml1/DTD/xhtml1-transitional.dtd">
<html xmlns="http://www.w3.org/1999/xhtml" xml:lang="en" lang="en">
 <head>
  <title>
</title>
<meta http-equiv="Content-Type" content="text/html;charset=utf-8" />
  <meta name='ocr-system' content='tesseract 3.04.00' />
  <meta name='ocr-capabilities' content='ocr_page ocr_carea ocr_par ocr_line ocrx_word'/>
</head>
<body>
  <div class='ocr_page' id='page_1' title='image "./ulrichihuttenie01huttgoog/ulrichihuttenie01huttgoog_0249.png"; bbox 0 0 4300 6059; ppageno 0'>
   <div class='ocr_carea' id='block_1_1' title="bbox 915 1386 1046 1445">
    <p class='ocr_par' dir='ltr' id='par_1_1' title="bbox 915 1386 1046 1445">
     <span class='ocr_line' id='line_1_1' title="bbox 915 1386 1046 1445; baseline -0.008 -1"><span class='ocrx_word' id='word_1_1' title='bbox 915 1386 1046 1445; x_wconf 76' lang='lat' dir='ltr'><strong>ORATIO.</strong></span> 
     </span>
    </p>
   </div>
   <div class='ocr_carea' id='block_1_2' title="bbox 300 1564 1739 4540">
    <p class='ocr_par' dir='ltr' id='par_1_2' title="bbox 300 1564 1739 4540">
     <span class='ocr_line' id='line_1_2' title="bbox 422 1564 1682 1650; baseline 0 -24"><span class='ocrx_word' id='word_1_2' title='bbox 422 1564 550 1630; x_wconf 76' lang='lat' dir='ltr'>Venimus</span> <span class='ocrx_word' id='word_1_3' title='bbox 578 1592 592 1629; x_wconf 93' lang='lat' dir='ltr'>a</span> <span class='ocrx_word' id='word_1_4' title='bbox 621 1591 686 1650; x_wconf 87' lang='lat' dir='ltr'>rege</span> <span class='ocrx_word' id='word_1_5' title='bbox 716 1585 828 1636; x_wconf 82' lang='lat' dir='ltr'>nostro,</span> <span class='ocrx_word' id='word_1_6' title='bbox 858 1575 1039 1631; x_wconf 76' lang='lat' dir='ltr'><strong>sacratissime</strong></span> <span class='ocrx_word' id='word_1_7' title='bbox 1069 1574 1231 1649; x_wconf 86' lang='lat' dir='ltr'>imperator,</span> <span class='ocrx_word' id='word_1_8' title='bbox 1261 1573 1293 1628; x_wconf 86' lang='lat' dir='ltr'>ad</span> <span class='ocrx_word' id='word_1_9' title='bbox 1322 1573 1394 1629; x_wconf 84' lang='lat' dir='ltr'>liuuc</span> <span class='ocrx_word' id='word_1_10' title='bbox 1420 1570 1626 1630; x_wconf 88' lang='lat' dir='ltr'>celeberrimum</span> <span class='ocrx_word' id='word_1_11' title='bbox 1637 1582 1682 1632; x_wconf 78' lang='lat' dir='ltr'>§.t</span> 
     </span>
     <span class='ocr_line' id='line_1_3' title="bbox 334 1658 1631 1733; baseline 0 -18"><span class='ocrx_word' id='word_1_12' title='bbox 334 1666 514 1721; x_wconf 78' lang='lat' dir='ltr'>conventum,</span> <span class='ocrx_word' id='word_1_13' title='bbox 543 1676 622 1732; x_wconf 88' lang='lat' dir='ltr'>quem</span> <span class='ocrx_word' id='word_1_14' title='bbox 652 1658 732 1716; x_wconf 89' lang='lat' dir='ltr'>solita</span> <span class='ocrx_word' id='word_1_15' title='bbox 756 1660 894 1732; x_wconf 84' lang='lat' dir='ltr'>vigilantia</span> <span class='ocrx_word' id='word_1_16' title='bbox 918 1668 964 1715; x_wconf 91' lang='lat' dir='ltr'>tna</span> <span class='ocrx_word' id='word_1_17' title='bbox 986 1677 1036 1733; x_wconf 92' lang='lat' dir='ltr'>pro</span> <span class='ocrx_word' id='word_1_18' title='bbox 1060 1659 1147 1714; x_wconf 89' lang='lat' dir='ltr'>salute</span> <span class='ocrx_word' id='word_1_19' title='bbox 1169 1658 1314 1714; x_wconf 79' lang='lat' dir='ltr'>Christiani</span> <span class='ocrx_word' id='word_1_20' title='bbox 1343 1665 1431 1714; x_wconf 89' lang='lat' dir='ltr'>status</span> <span class='ocrx_word' id='word_1_21' title='bbox 1459 1676 1536 1733; x_wconf 66' lang='lat' dir='ltr'>aeque</span> <span class='ocrx_word' id='word_1_22' title='bbox 1558 1676 1631 1717; x_wconf 92' lang='lat' dir='ltr'>com·</span> 
     </span>
     <span class='ocr_line' id='line_1_4' title="bbox 335 1742 1630 1819; baseline -0.001 -19"><span class='ocrx_word' id='word_1_23' title='bbox 335 1743 461 1800; x_wconf 88' lang='lat' dir='ltr'>mendate</span> <span class='ocrx_word' id='word_1_24' title='bbox 484 1753 514 1798; x_wconf 92' lang='lat' dir='ltr'>nt</span> <span class='ocrx_word' id='word_1_25' title='bbox 538 1751 673 1817; x_wconf 75' lang='lat' dir='ltr'>oportune</span> <span class='ocrx_word' id='word_1_26' title='bbox 696 1743 832 1800; x_wconf 90' lang='lat' dir='ltr'>hocloco</span> <span class='ocrx_word' id='word_1_27' title='bbox 855 1751 883 1799; x_wconf 90' lang='lat' dir='ltr'>et</span> <span class='ocrx_word' id='word_1_28' title='bbox 905 1753 1028 1819; x_wconf 89' lang='lat' dir='ltr'>tempore</span> <span class='ocrx_word' id='word_1_29' title='bbox 1052 1744 1196 1799; x_wconf 67' lang='lat' dir='ltr'>instituere</span> <span class='ocrx_word' id='word_1_30' title='bbox 1218 1743 1333 1805; x_wconf 89' lang='lat' dir='ltr'>curasti,</span> <span class='ocrx_word' id='word_1_31' title='bbox 1354 1742 1449 1799; x_wconf 80' lang='lat' dir='ltr'>acturi</span> <span class='ocrx_word' id='word_1_32' title='bbox 1480 1744 1630 1799; x_wconf 90' lang='lat' dir='ltr'>maiestatis</span> 
     </span>
     <span class='ocr_line' id='line_1_5' title="bbox 314 1827 1631 1903; baseline 0 -19"><span class='ocrx_word' id='word_1_33' title='bbox 314 1828 424 1902; x_wconf 77' lang='lat' dir='ltr'>aregiae</span> <span class='ocrx_word' id='word_1_34' title='bbox 447 1837 475 1885; x_wconf 84' lang='lat' dir='ltr'>et</span> <span class='ocrx_word' id='word_1_35' title='bbox 498 1827 726 1902; x_wconf 85' lang='lat' dir='ltr'>amplissimorum</span> <span class='ocrx_word' id='word_1_36' title='bbox 749 1830 807 1884; x_wconf 91' lang='lat' dir='ltr'>eius</span> <span class='ocrx_word' id='word_1_37' title='bbox 829 1829 1011 1885; x_wconf 83' lang='lat' dir='ltr'>dominiorum</span> <span class='ocrx_word' id='word_1_38' title='bbox 1033 1829 1142 1885; x_wconf 90' lang='lat' dir='ltr'>nomine</span> <span class='ocrx_word' id='word_1_39' title='bbox 1166 1846 1227 1902; x_wconf 86' lang='lat' dir='ltr'>qnae</span> <span class='ocrx_word' id='word_1_40' title='bbox 1250 1828 1282 1884; x_wconf 88' lang='lat' dir='ltr'>ad</span> <span class='ocrx_word' id='word_1_41' title='bbox 1298 1836 1417 1884; x_wconf 86' lang='lat' dir='ltr'>sanctam</span> <span class='ocrx_word' id='word_1_42' title='bbox 1432 1829 1631 1903; x_wconf 81' lang='lat' dir='ltr'>expeditionem</span> 
     </span>
     <span class='ocr_line' id='line_1_6' title="bbox 334 1912 1628 1988; baseline 0 -19"><span class='ocrx_word' id='word_1_43' title='bbox 334 1912 493 1988; x_wconf 77' lang='lat' dir='ltr'>generalem</span> <span class='ocrx_word' id='word_1_44' title='bbox 514 1923 610 1969; x_wconf 89' lang='lat' dir='ltr'>contra</span> <span class='ocrx_word' id='word_1_45' title='bbox 632 1913 841 1970; x_wconf 88' lang='lat' dir='ltr'>immanissimos</span> <span class='ocrx_word' id='word_1_46' title='bbox 857 1914 975 1971; x_wconf 79' lang='lat' dir='ltr'>Thomas</span> <span class='ocrx_word' id='word_1_47' title='bbox 998 1915 1100 1970; x_wconf 88' lang='lat' dir='ltr'>totiens</span> <span class='ocrx_word' id='word_1_48' title='bbox 1121 1917 1290 1988; x_wconf 88' lang='lat' dir='ltr'>propositam</span> <span class='ocrx_word' id='word_1_49' title='bbox 1312 1913 1453 1969; x_wconf 87' lang='lat' dir='ltr'>commode</span> <span class='ocrx_word' id='word_1_50' title='bbox 1466 1912 1628 1969; x_wconf 80' lang='lat' dir='ltr'>attinebant.</span> 
     </span>
     <span class='ocr_line' id='line_1_7' title="bbox 335 1996 1684 2074; baseline 0.001 -20"><span class='ocrx_word' id='word_1_51' title='bbox 335 1996 472 2066; x_wconf 81' lang='lat' dir='ltr'>Quantum</span> <span class='ocrx_word' id='word_1_52' title='bbox 495 2016 559 2054; x_wconf 84' lang='lat' dir='ltr'>reru</span> <span class='ocrx_word' id='word_1_53' title='bbox 581 1999 742 2055; x_wconf 77' lang='lat' dir='ltr'>necessariae</span> <span class='ocrx_word' id='word_1_54' title='bbox 764 1999 820 2054; x_wconf 91' lang='lat' dir='ltr'>siut</span> <span class='ocrx_word' id='word_1_55' title='bbox 842 1999 977 2074; x_wconf 92' lang='lat' dir='ltr'>simulque</span> <span class='ocrx_word' id='word_1_56' title='bbox 1000 2017 1061 2055; x_wconf 90' lang='lat' dir='ltr'>cum</span> <span class='ocrx_word' id='word_1_57' title='bbox 1084 1999 1136 2053; x_wconf 89' lang='lat' dir='ltr'>vita</span> <span class='ocrx_word' id='word_1_58' title='bbox 1160 1997 1280 2055; x_wconf 88' lang='lat' dir='ltr'>omnium</span> <span class='ocrx_word' id='word_1_59' title='bbox 1303 2006 1428 2053; x_wconf 90' lang='lat' dir='ltr'>nostrum</span> <span class='ocrx_word' id='word_1_60' title='bbox 1456 1998 1684 2057; x_wconf 75' lang='lat' dir='ltr'>desideratis-tr.</span> 
     </span>
     <span class='ocr_line' id='line_1_8' title="bbox 335 2072 1630 2158; baseline 0 -20"><span class='ocrx_word' id='word_1_61' title='bbox 335 2083 413 2139; x_wconf 77' lang='lat' dir='ltr'>simae</span> <span class='ocrx_word' id='word_1_62' title='bbox 435 2083 651 2158; x_wconf 70' lang='lat' dir='ltr'>praeparationes</span> <span class='ocrx_word' id='word_1_63' title='bbox 675 2083 734 2139; x_wconf 87' lang='lat' dir='ltr'>istae</span> <span class='ocrx_word' id='word_1_64' title='bbox 758 2072 974 2140; x_wconf 83' lang='lat' dir='ltr'>Christianorum</span> <span class='ocrx_word' id='word_1_65' title='bbox 996 2083 1155 2140; x_wconf 87' lang='lat' dir='ltr'>coadunatis</span> <span class='ocrx_word' id='word_1_66' title='bbox 1177 2082 1295 2145; x_wconf 85' lang='lat' dir='ltr'>viribus.</span> <span class='ocrx_word' id='word_1_67' title='bbox 1325 2082 1413 2138; x_wconf 87' lang='lat' dir='ltr'>hostis</span> <span class='ocrx_word' id='word_1_68' title='bbox 1435 2090 1512 2139; x_wconf 89' lang='lat' dir='ltr'>aucta</span> <span class='ocrx_word' id='word_1_69' title='bbox 1534 2091 1630 2157; x_wconf 91' lang='lat' dir='ltr'>poten·</span> 
     </span>
     <span class='ocr_line' id='line_1_9' title="bbox 336 2166 1630 2243; baseline 0 -20"><span class='ocrx_word' id='word_1_70' title='bbox 336 2168 374 2224; x_wconf 91' lang='lat' dir='ltr'>tia</span> <span class='ocrx_word' id='word_1_71' title='bbox 399 2175 526 2223; x_wconf 90' lang='lat' dir='ltr'>testatur.</span> <span class='ocrx_word' id='word_1_72' title='bbox 571 2168 624 2223; x_wconf 89' lang='lat' dir='ltr'>lam</span> <span class='ocrx_word' id='word_1_73' title='bbox 647 2185 733 2224; x_wconf 89' lang='lat' dir='ltr'>annos</span> <span class='ocrx_word' id='word_1_74' title='bbox 755 2169 866 2224; x_wconf 90' lang='lat' dir='ltr'>circiter</span> <span class='ocrx_word' id='word_1_75' title='bbox 887 2169 1062 2243; x_wconf 81' lang='lat' dir='ltr'>septuaginta</span> <span class='ocrx_word' id='word_1_76' title='bbox 1084 2176 1149 2243; x_wconf 94' lang='lat' dir='ltr'>post</span> <span class='ocrx_word' id='word_1_77' title='bbox 1173 2166 1317 2224; x_wconf 80' lang='lat' dir='ltr'>inimlicem</span> <span class='ocrx_word' id='word_1_78' title='bbox 1340 2175 1368 2222; x_wconf 92' lang='lat' dir='ltr'>et</span> <span class='ocrx_word' id='word_1_79' title='bbox 1389 2167 1573 2223; x_wconf 79' lang='lat' dir='ltr'>calamitosam</span> <span class='ocrx_word' id='word_1_80' title='bbox 1589 2167 1630 2222; x_wconf 86' lang='lat' dir='ltr'>lli·</span> 
     </span>
     <span class='ocr_line' id='line_1_10' title="bbox 304 2251 1631 2327; baseline -0.002 -17"><span class='ocrx_word' id='word_1_81' title='bbox 304 2251 420 2318; x_wconf 85' lang='lat' dir='ltr'>tosantii</span> <span class='ocrx_word' id='word_1_82' title='bbox 442 2253 610 2327; x_wconf 87' lang='lat' dir='ltr'>captionem.</span> <span class='ocrx_word' id='word_1_83' title='bbox 634 2270 695 2326; x_wconf 82' lang='lat' dir='ltr'>quae</span> <span class='ocrx_word' id='word_1_84' title='bbox 717 2252 836 2327; x_wconf 87' lang='lat' dir='ltr'>patulam</span> <span class='ocrx_word' id='word_1_85' title='bbox 859 2253 891 2309; x_wconf 90' lang='lat' dir='ltr'>ad</span> <span class='ocrx_word' id='word_1_86' title='bbox 914 2271 965 2309; x_wconf 91' lang='lat' dir='ltr'>nos</span> <span class='ocrx_word' id='word_1_87' title='bbox 987 2253 1114 2309; x_wconf 86' lang='lat' dir='ltr'>hostibus</span> <span class='ocrx_word' id='word_1_88' title='bbox 1137 2253 1243 2310; x_wconf 89' lang='lat' dir='ltr'>ianuam</span> <span class='ocrx_word' id='word_1_89' title='bbox 1265 2251 1390 2326; x_wconf 85' lang='lat' dir='ltr'>praebuit,</span> <span class='ocrx_word' id='word_1_90' title='bbox 1412 2251 1481 2308; x_wconf 91' lang='lat' dir='ltr'>nihil</span> <span class='ocrx_word' id='word_1_91' title='bbox 1496 2252 1568 2309; x_wconf 89' lang='lat' dir='ltr'>aliud</span> <span class='ocrx_word' id='word_1_92' title='bbox 1584 2269 1631 2308; x_wconf 93' lang='lat' dir='ltr'>au-</span> 
     </span>
     <span class='ocr_line' id='line_1_11' title="bbox 333 2336 1630 2411; baseline 0 -18"><span class='ocrx_word' id='word_1_93' title='bbox 333 2337 426 2393; x_wconf 89' lang='lat' dir='ltr'>dimus</span> <span class='ocrx_word' id='word_1_94' title='bbox 457 2354 537 2411; x_wconf 87' lang='lat' dir='ltr'>quam</span> <span class='ocrx_word' id='word_1_95' title='bbox 565 2336 655 2394; x_wconf 87' lang='lat' dir='ltr'>clades</span> <span class='ocrx_word' id='word_1_96' title='bbox 685 2346 767 2410; x_wconf 83' lang='lat' dir='ltr'>atque</span> <span class='ocrx_word' id='word_1_97' title='bbox 795 2337 897 2394; x_wconf 80' lang='lat' dir='ltr'>excidia</span> <span class='ocrx_word' id='word_1_98' title='bbox 920 2339 1049 2395; x_wconf 90' lang='lat' dir='ltr'>continua</span> <span class='ocrx_word' id='word_1_99' title='bbox 1071 2338 1287 2393; x_wconf 88' lang='lat' dir='ltr'>Christianorum</span> <span class='ocrx_word' id='word_1_100' title='bbox 1315 2356 1330 2392; x_wconf 90' lang='lat' dir='ltr'>a</span> <span class='ocrx_word' id='word_1_101' title='bbox 1354 2337 1483 2401; x_wconf 84' lang='lat' dir='ltr'>&#39;lhureis;</span> <span class='ocrx_word' id='word_1_102' title='bbox 1510 2346 1538 2393; x_wconf 89' lang='lat' dir='ltr'>et</span> <span class='ocrx_word' id='word_1_103' title='bbox 1567 2337 1630 2394; x_wconf 87' lang='lat' dir='ltr'>dum</span> 
     </span>
     <span class='ocr_line' id='line_1_12' title="bbox 334 2421 1631 2497; baseline -0.001 -18"><span class='ocrx_word' id='word_1_104' title='bbox 334 2438 433 2479; x_wconf 90' lang='lat' dir='ltr'>omnes</span> <span class='ocrx_word' id='word_1_105' title='bbox 455 2422 488 2478; x_wconf 90' lang='lat' dir='ltr'>ad</span> <span class='ocrx_word' id='word_1_106' title='bbox 511 2422 706 2484; x_wconf 83' lang='lat' dir='ltr'>resistendum,</span> <span class='ocrx_word' id='word_1_107' title='bbox 732 2430 761 2478; x_wconf 92' lang='lat' dir='ltr'>ut</span> <span class='ocrx_word' id='word_1_108' title='bbox 784 2440 834 2496; x_wconf 90' lang='lat' dir='ltr'>par</span> <span class='ocrx_word' id='word_1_109' title='bbox 855 2431 942 2485; x_wconf 89' lang='lat' dir='ltr'>esset.</span> <span class='ocrx_word' id='word_1_110' title='bbox 966 2440 1133 2496; x_wconf 82' lang='lat' dir='ltr'>consurgere</span> <span class='ocrx_word' id='word_1_111' title='bbox 1156 2422 1337 2495; x_wconf 85' lang='lat' dir='ltr'>negligimus.</span> <span class='ocrx_word' id='word_1_112' title='bbox 1361 2430 1403 2478; x_wconf 94' lang='lat' dir='ltr'>tot</span> <span class='ocrx_word' id='word_1_113' title='bbox 1417 2421 1555 2497; x_wconf 88' lang='lat' dir='ltr'>principes</span> <span class='ocrx_word' id='word_1_114' title='bbox 1570 2440 1631 2479; x_wconf 90' lang='lat' dir='ltr'>eum</span> 
     </span>
     <span class='ocr_line' id='line_1_13' title="bbox 335 2506 1631 2583; baseline 0.001 -22"><span class='ocrx_word' id='word_1_115' title='bbox 335 2507 455 2564; x_wconf 84' lang='lat' dir='ltr'>subditis</span> <span class='ocrx_word' id='word_1_116' title='bbox 478 2506 552 2568; x_wconf 90' lang='lat' dir='ltr'>suis.</span> <span class='ocrx_word' id='word_1_117' title='bbox 582 2513 624 2563; x_wconf 91' lang='lat' dir='ltr'>tot</span> <span class='ocrx_word' id='word_1_118' title='bbox 647 2525 727 2580; x_wconf 91' lang='lat' dir='ltr'>reges</span> <span class='ocrx_word' id='word_1_119' title='bbox 749 2525 809 2564; x_wconf 90' lang='lat' dir='ltr'>eum</span> <span class='ocrx_word' id='word_1_120' title='bbox 833 2525 927 2563; x_wconf 89' lang='lat' dir='ltr'>eorum</span> <span class='ocrx_word' id='word_1_121' title='bbox 950 2507 1075 2583; x_wconf 86' lang='lat' dir='ltr'>populis,</span> <span class='ocrx_word' id='word_1_122' title='bbox 1109 2515 1150 2563; x_wconf 93' lang='lat' dir='ltr'>tot</span> <span class='ocrx_word' id='word_1_123' title='bbox 1171 2507 1287 2580; x_wconf 87' lang='lat' dir='ltr'>denique</span> <span class='ocrx_word' id='word_1_124' title='bbox 1311 2524 1393 2580; x_wconf 91' lang='lat' dir='ltr'>regna</span> <span class='ocrx_word' id='word_1_125' title='bbox 1414 2507 1547 2563; x_wconf 90' lang='lat' dir='ltr'>ditissima</span> <span class='ocrx_word' id='word_1_126' title='bbox 1569 2525 1631 2563; x_wconf 90' lang='lat' dir='ltr'>cum</span> 
     </span>
     <span class='ocr_line' id='line_1_14' title="bbox 335 2588 1631 2666; baseline 0.001 -19"><span class='ocrx_word' id='word_1_127' title='bbox 335 2608 435 2666; x_wconf 81' lang='lat' dir='ltr'>magna</span> <span class='ocrx_word' id='word_1_128' title='bbox 457 2590 556 2648; x_wconf 90' lang='lat' dir='ltr'>iniuria</span> <span class='ocrx_word' id='word_1_129' title='bbox 579 2590 720 2666; x_wconf 85' lang='lat' dir='ltr'>religionis</span> <span class='ocrx_word' id='word_1_130' title='bbox 744 2601 845 2650; x_wconf 77' lang='lat' dir='ltr'>nostrae</span> <span class='ocrx_word' id='word_1_131' title='bbox 868 2601 895 2648; x_wconf 91' lang='lat' dir='ltr'>et</span> <span class='ocrx_word' id='word_1_132' title='bbox 918 2593 1032 2649; x_wconf 81' lang='lat' dir='ltr'>maxima</span> <span class='ocrx_word' id='word_1_133' title='bbox 1054 2592 1216 2666; x_wconf 82' lang='lat' dir='ltr'>indignitate</span> <span class='ocrx_word' id='word_1_134' title='bbox 1239 2591 1384 2646; x_wconf 86' lang='lat' dir='ltr'>Christiani</span> <span class='ocrx_word' id='word_1_135' title='bbox 1414 2588 1520 2666; x_wconf 90' lang='lat' dir='ltr'>imperii</span> <span class='ocrx_word' id='word_1_136' title='bbox 1550 2593 1631 2648; x_wconf 89' lang='lat' dir='ltr'>mise·</span> 
     </span>
     <span class='ocr_line' id='line_1_15' title="bbox 336 2675 1686 2751; baseline 0 -18"><span class='ocrx_word' id='word_1_137' title='bbox 336 2675 463 2733; x_wconf 77' lang='lat' dir='ltr'>rabiliter</span> <span class='ocrx_word' id='word_1_138' title='bbox 483 2675 572 2732; x_wconf 89' lang='lat' dir='ltr'>deleta</span> <span class='ocrx_word' id='word_1_139' title='bbox 596 2685 668 2732; x_wconf 88' lang='lat' dir='ltr'>sunt.</span> <span class='ocrx_word' id='word_1_140' title='bbox 714 2695 773 2751; x_wconf 77' lang='lat' dir='ltr'>quae</span> <span class='ocrx_word' id='word_1_141' title='bbox 796 2676 954 2751; x_wconf 80' lang='lat' dir='ltr'>singillatim</span> <span class='ocrx_word' id='word_1_142' title='bbox 977 2694 1135 2733; x_wconf 89' lang='lat' dir='ltr'>enumerare</span> <span class='ocrx_word' id='word_1_143' title='bbox 1157 2676 1238 2732; x_wconf 76' lang='lat' dir='ltr'>‹lohir</span> <span class='ocrx_word' id='word_1_144' title='bbox 1260 2677 1385 2750; x_wconf 89' lang='lat' dir='ltr'>prolecto</span> <span class='ocrx_word' id='word_1_145' title='bbox 1401 2694 1518 2732; x_wconf 79' lang='lat' dir='ltr'>moerore</span> <span class='ocrx_word' id='word_1_146' title='bbox 1533 2677 1630 2750; x_wconf 91' lang='lat' dir='ltr'>plenus</span> <span class='ocrx_word' id='word_1_147' title='bbox 1641 2687 1686 2738; x_wconf 75' lang='lat' dir='ltr'>ta.</span> 
     </span>
     <span class='ocr_line' id='line_1_16' title="bbox 304 2752 1633 2836; baseline 0 -19"><span class='ocrx_word' id='word_1_148' title='bbox 304 2760 481 2835; x_wconf 79' lang='lat' dir='ltr'>¹⁵prohihet.</span> <span class='ocrx_word' id='word_1_149' title='bbox 505 2761 723 2836; x_wconf 86' lang='lat' dir='ltr'>quandoquidem</span> <span class='ocrx_word' id='word_1_150' title='bbox 738 2779 825 2836; x_wconf 85' lang='lat' dir='ltr'>neque</span> <span class='ocrx_word' id='word_1_151' title='bbox 841 2782 870 2818; x_wconf 90' lang='lat' dir='ltr'>ea</span> <span class='ocrx_word' id='word_1_152' title='bbox 886 2780 928 2818; x_wconf 90' lang='lat' dir='ltr'>me</span> <span class='ocrx_word' id='word_1_153' title='bbox 945 2765 1047 2819; x_wconf 85' lang='lat' dir='ltr'>reterre</span> <span class='ocrx_word' id='word_1_154' title='bbox 1063 2752 1161 2836; x_wconf 85' lang='lat' dir='ltr'>neque</span> <span class='ocrx_word' id='word_1_155' title='bbox 1173 2780 1220 2815; x_wconf 61' lang='lat' dir='ltr'>vars</span> <span class='ocrx_word' id='word_1_156' title='bbox 1243 2761 1335 2817; x_wconf 90' lang='lat' dir='ltr'>audire</span> <span class='ocrx_word' id='word_1_157' title='bbox 1358 2762 1437 2817; x_wconf 91' lang='lat' dir='ltr'>siccis</span> <span class='ocrx_word' id='word_1_158' title='bbox 1460 2761 1555 2833; x_wconf 89' lang='lat' dir='ltr'>oculis</span> <span class='ocrx_word' id='word_1_159' title='bbox 1567 2762 1633 2817; x_wconf 86' lang='lat' dir='ltr'>lice·</span> 
     </span>
     <span class='ocr_line' id='line_1_17' title="bbox 336 2846 1632 2921; baseline -0.002 -18"><span class='ocrx_word' id='word_1_160' title='bbox 336 2855 393 2903; x_wconf 84' lang='lat' dir='ltr'>ret:</span> <span class='ocrx_word' id='word_1_161' title='bbox 417 2847 506 2921; x_wconf 89' lang='lat' dir='ltr'>capita</span> <span class='ocrx_word' id='word_1_162' title='bbox 530 2854 667 2920; x_wconf 87' lang='lat' dir='ltr'>utcunque</span> <span class='ocrx_word' id='word_1_163' title='bbox 689 2847 848 2921; x_wconf 85' lang='lat' dir='ltr'>decerpam:</span> <span class='ocrx_word' id='word_1_164' title='bbox 872 2865 961 2903; x_wconf 90' lang='lat' dir='ltr'>nonne</span> <span class='ocrx_word' id='word_1_165' title='bbox 983 2847 1104 2903; x_wconf 87' lang='lat' dir='ltr'>videmus</span> <span class='ocrx_word' id='word_1_166' title='bbox 1119 2847 1209 2902; x_wconf 73' lang='lat' dir='ltr'>Asiam</span> <span class='ocrx_word' id='word_1_167' title='bbox 1232 2847 1399 2909; x_wconf 84' lang='lat' dir='ltr'>uniuersam.</span> <span class='ocrx_word' id='word_1_168' title='bbox 1423 2863 1483 2919; x_wconf 78' lang='lat' dir='ltr'>quae</span> <span class='ocrx_word' id='word_1_169' title='bbox 1506 2863 1521 2901; x_wconf 91' lang='grc' dir='ltr'>ι</span> <span class='ocrx_word' id='word_1_170' title='bbox 1544 2846 1632 2902; x_wconf 89' lang='lat' dir='ltr'>trihus</span> 
     </span>
     <span class='ocr_line' id='line_1_18' title="bbox 323 2914 1632 3006; baseline -0.001 -19"><span class='ocrx_word' id='word_1_171' title='bbox 323 2930 413 2987; x_wconf 81' lang='lat' dir='ltr'>&#39;orhis</span> <span class='ocrx_word' id='word_1_172' title='bbox 436 2931 581 3004; x_wconf 88' lang='lat' dir='ltr'>triangulis</span> <span class='ocrx_word' id='word_1_173' title='bbox 603 2931 690 2989; x_wconf 89' lang='lat' dir='ltr'>maior</span> <span class='ocrx_word' id='word_1_174' title='bbox 711 2941 766 2995; x_wconf 82' lang='lat' dir='ltr'>est,</span> <span class='ocrx_word' id='word_1_175' title='bbox 795 2931 849 2988; x_wconf 91' lang='lat' dir='ltr'>hiis</span> <span class='ocrx_word' id='word_1_176' title='bbox 878 2914 906 2987; x_wconf 85' lang='lat' dir='ltr'>el</span> <span class='ocrx_word' id='word_1_177' title='bbox 934 2931 995 2988; x_wconf 94' lang='lat' dir='ltr'>aliis</span> <span class='ocrx_word' id='word_1_178' title='bbox 1018 2931 1172 2988; x_wconf 84' lang='lat' dir='ltr'>infidelibus</span> <span class='ocrx_word' id='word_1_179' title='bbox 1200 2931 1374 3006; x_wconf 85' lang='lat' dir='ltr'>occupatam?</span> <span class='ocrx_word' id='word_1_180' title='bbox 1403 2931 1547 3006; x_wconf 76' lang='lat' dir='ltr'>hphrieam</span> <span class='ocrx_word' id='word_1_181' title='bbox 1576 2932 1632 2987; x_wconf 87' lang='lat' dir='ltr'>iere</span> 
     </span>
     <span class='ocr_line' id='line_1_19' title="bbox 337 3014 1729 3091; baseline -0.001 -19"><span class='ocrx_word' id='word_1_182' title='bbox 337 3017 424 3073; x_wconf 87' lang='lat' dir='ltr'>totam</span> <span class='ocrx_word' id='word_1_183' title='bbox 447 3014 537 3090; x_wconf 92' lang='lat' dir='ltr'>impiis</span> <span class='ocrx_word' id='word_1_184' title='bbox 561 3035 591 3072; x_wconf 91' lang='lat' dir='ltr'>ac</span> <span class='ocrx_word' id='word_1_185' title='bbox 613 3015 754 3073; x_wconf 87' lang='lat' dir='ltr'>sceleratis</span> <span class='ocrx_word' id='word_1_186' title='bbox 777 3033 872 3072; x_wconf 90' lang='lat' dir='ltr'>eorum</span> <span class='ocrx_word' id='word_1_187' title='bbox 895 3017 1018 3073; x_wconf 90' lang='lat' dir='ltr'>mauihus</span> <span class='ocrx_word' id='word_1_188' title='bbox 1040 3016 1208 3073; x_wconf 76' lang='lat' dir='ltr'>desolatam?</span> <span class='ocrx_word' id='word_1_189' title='bbox 1237 3015 1351 3091; x_wconf 76' lang='lat' dir='ltr'>Europae</span> <span class='ocrx_word' id='word_1_190' title='bbox 1380 3032 1504 3088; x_wconf 85' lang='lat' dir='ltr'>magnam</span> <span class='ocrx_word' id='word_1_191' title='bbox 1527 3022 1631 3090; x_wconf 90' lang='lat' dir='ltr'>partem</span> <span class='ocrx_word' id='word_1_192' title='bbox 1727 3032 1729 3034; x_wconf 86' lang='grc'><em>·</em></span> 
     </span>
     <span class='ocr_line' id='line_1_20' title="bbox 337 3100 1630 3174; baseline -0.002 -18"><span class='ocrx_word' id='word_1_193' title='bbox 337 3108 380 3156; x_wconf 89' lang='lat' dir='ltr'>tot</span> <span class='ocrx_word' id='word_1_194' title='bbox 409 3100 542 3157; x_wconf 89' lang='lat' dir='ltr'>incendiis</span> <span class='ocrx_word' id='word_1_195' title='bbox 568 3109 597 3157; x_wconf 93' lang='lat' dir='ltr'>et</span> <span class='ocrx_word' id='word_1_196' title='bbox 624 3100 742 3157; x_wconf 89' lang='lat' dir='ltr'>assiduis</span> <span class='ocrx_word' id='word_1_197' title='bbox 764 3101 962 3158; x_wconf 87' lang='lat' dir='ltr'>vastationibus</span> <span class='ocrx_word' id='word_1_198' title='bbox 984 3101 1171 3158; x_wconf 81' lang='lat' dir='ltr'>debilitatam?</span> <span class='ocrx_word' id='word_1_199' title='bbox 1200 3100 1232 3156; x_wconf 83' lang='lat' dir='ltr'>Et</span> <span class='ocrx_word' id='word_1_200' title='bbox 1255 3102 1394 3174; x_wconf 88' lang='lat' dir='ltr'>hucusque</span> <span class='ocrx_word' id='word_1_201' title='bbox 1416 3100 1630 3157; x_wconf 88' lang='lat' dir='ltr'>dormitarimus.</span> 
     </span>
     <span class='ocr_line' id='line_1_21' title="bbox 300 3185 1687 3260; baseline 0.001 -19"><span class='ocrx_word' id='word_1_202' title='bbox 300 3185 391 3241; x_wconf 76' lang='lat' dir='ltr'>²⁰Sod</span> <span class='ocrx_word' id='word_1_203' title='bbox 412 3201 464 3243; x_wconf 89' lang='lat' dir='ltr'>nec</span> <span class='ocrx_word' id='word_1_204' title='bbox 485 3185 539 3241; x_wconf 90' lang='lat' dir='ltr'>hiis</span> <span class='ocrx_word' id='word_1_205' title='bbox 560 3194 705 3242; x_wconf 90' lang='lat' dir='ltr'>contentus</span> <span class='ocrx_word' id='word_1_206' title='bbox 727 3187 829 3250; x_wconf 85' lang='lat' dir='ltr'>hostis,</span> <span class='ocrx_word' id='word_1_207' title='bbox 853 3194 883 3242; x_wconf 94' lang='lat' dir='ltr'>ut</span> <span class='ocrx_word' id='word_1_208' title='bbox 905 3187 1005 3244; x_wconf 86' lang='lat' dir='ltr'>sortior</span> <span class='ocrx_word' id='word_1_209' title='bbox 1027 3187 1117 3248; x_wconf 87' lang='lat' dir='ltr'>lieret.</span> <span class='ocrx_word' id='word_1_210' title='bbox 1140 3186 1239 3260; x_wconf 85' lang='lat' dir='ltr'>Egypti</span> <span class='ocrx_word' id='word_1_211' title='bbox 1262 3193 1289 3242; x_wconf 92' lang='lat' dir='ltr'>et</span> <span class='ocrx_word' id='word_1_212' title='bbox 1312 3185 1397 3260; x_wconf 76' lang='lat' dir='ltr'>Syrte</span> <span class='ocrx_word' id='word_1_213' title='bbox 1420 3203 1526 3258; x_wconf 84' lang='lat' dir='ltr'>regem,</span> <span class='ocrx_word' id='word_1_214' title='bbox 1549 3198 1687 3260; x_wconf 65' lang='lat' dir='ltr'>quernei.</span> 
     </span>
     <span class='ocr_line' id='line_1_22' title="bbox 334 3269 1632 3346; baseline 0.002 -21"><span class='ocrx_word' id='word_1_215' title='bbox 334 3269 497 3327; x_wconf 85' lang='lat' dir='ltr'>Solthauum</span> <span class='ocrx_word' id='word_1_216' title='bbox 520 3270 621 3334; x_wconf 85' lang='lat' dir='ltr'>dicunt,</span> <span class='ocrx_word' id='word_1_217' title='bbox 644 3288 791 3344; x_wconf 91' lang='lat' dir='ltr'>aggressus</span> <span class='ocrx_word' id='word_1_218' title='bbox 814 3272 951 3346; x_wconf 87' lang='lat' dir='ltr'>superavit</span> <span class='ocrx_word' id='word_1_219' title='bbox 973 3273 1114 3346; x_wconf 90' lang='lat' dir='ltr'>totiusque</span> <span class='ocrx_word' id='word_1_220' title='bbox 1130 3271 1215 3346; x_wconf 76' lang='lat' dir='ltr'>Syriae</span> <span class='ocrx_word' id='word_1_221' title='bbox 1229 3280 1258 3327; x_wconf 91' lang='lat' dir='ltr'>et</span> <span class='ocrx_word' id='word_1_222' title='bbox 1272 3270 1384 3345; x_wconf 82' lang='lat' dir='ltr'>AEgypti</span> <span class='ocrx_word' id='word_1_223' title='bbox 1401 3288 1431 3326; x_wconf 91' lang='lat' dir='ltr'>ea</span> <span class='ocrx_word' id='word_1_224' title='bbox 1446 3271 1558 3327; x_wconf 81' lang='lat' dir='ltr'>uictoria</span> <span class='ocrx_word' id='word_1_225' title='bbox 1574 3269 1632 3342; x_wconf 86' lang='lat' dir='ltr'>(sed</span> 
     </span>
     <span class='ocr_line' id='line_1_23' title="bbox 335 3354 1633 3430; baseline 0.002 -20"><span class='ocrx_word' id='word_1_226' title='bbox 335 3364 365 3410; x_wconf 88' lang='lat' dir='ltr'>et</span> <span class='ocrx_word' id='word_1_227' title='bbox 386 3354 598 3430; x_wconf 83' lang='lat' dir='ltr'>llierosolymae,</span> <span class='ocrx_word' id='word_1_228' title='bbox 626 3355 721 3413; x_wconf 90' lang='lat' dir='ltr'>matris</span> <span class='ocrx_word' id='word_1_229' title='bbox 746 3364 862 3418; x_wconf 79' lang='lat' dir='ltr'>nostrae,</span> <span class='ocrx_word' id='word_1_230' title='bbox 893 3357 938 3412; x_wconf 91' lang='lat' dir='ltr'>uhi</span> <span class='ocrx_word' id='word_1_231' title='bbox 962 3357 1036 3414; x_wconf 91' lang='lat' dir='ltr'>salus</span> <span class='ocrx_word' id='word_1_232' title='bbox 1059 3366 1120 3413; x_wconf 92' lang='lat' dir='ltr'>orta</span> <span class='ocrx_word' id='word_1_233' title='bbox 1142 3356 1194 3428; x_wconf 88' lang='lat' dir='ltr'>est)</span> <span class='ocrx_word' id='word_1_234' title='bbox 1223 3357 1333 3412; x_wconf 91' lang='lat' dir='ltr'>unicum</span> <span class='ocrx_word' id='word_1_235' title='bbox 1355 3372 1385 3411; x_wconf 88' lang='lat' dir='ltr'>se</span> <span class='ocrx_word' id='word_1_236' title='bbox 1406 3356 1546 3412; x_wconf 86' lang='lat' dir='ltr'>domiuum</span> <span class='ocrx_word' id='word_1_237' title='bbox 1567 3373 1633 3412; x_wconf 89' lang='lat' dir='ltr'>con·</span> 
     </span>
     <span class='ocr_line' id='line_1_24' title="bbox 336 3438 1632 3516; baseline 0 -21"><span class='ocrx_word' id='word_1_238' title='bbox 336 3441 442 3503; x_wconf 87' lang='lat' dir='ltr'>stituit,</span> <span class='ocrx_word' id='word_1_239' title='bbox 473 3448 501 3496; x_wconf 91' lang='lat' dir='ltr'>et</span> <span class='ocrx_word' id='word_1_240' title='bbox 530 3439 616 3497; x_wconf 92' lang='lat' dir='ltr'>altero</span> <span class='ocrx_word' id='word_1_241' title='bbox 645 3441 702 3497; x_wconf 88' lang='lat' dir='ltr'>lere</span> <span class='ocrx_word' id='word_1_242' title='bbox 725 3442 839 3515; x_wconf 91' lang='lat' dir='ltr'>imperio</span> <span class='ocrx_word' id='word_1_243' title='bbox 862 3441 944 3515; x_wconf 90' lang='lat' dir='ltr'>longo</span> <span class='ocrx_word' id='word_1_244' title='bbox 966 3450 1028 3498; x_wconf 91' lang='lat' dir='ltr'>ante</span> <span class='ocrx_word' id='word_1_245' title='bbox 1051 3438 1250 3498; x_wconf 83' lang='lat' dir='ltr'>formidahilem</span> <span class='ocrx_word' id='word_1_246' title='bbox 1278 3440 1427 3516; x_wconf 88' lang='lat' dir='ltr'>potentiam</span> <span class='ocrx_word' id='word_1_247' title='bbox 1450 3458 1526 3497; x_wconf 88' lang='lat' dir='ltr'>suam</span> <span class='ocrx_word' id='word_1_248' title='bbox 1550 3440 1632 3497; x_wconf 83' lang='lat' dir='ltr'>auxit.</span> 
     </span>
     <span class='ocr_line' id='line_1_25' title="bbox 338 3525 1632 3602; baseline 0.001 -23"><span class='ocrx_word' id='word_1_249' title='bbox 338 3541 388 3581; x_wconf 89' lang='lat' dir='ltr'>uos</span> <span class='ocrx_word' id='word_1_250' title='bbox 410 3541 474 3581; x_wconf 88' lang='lat' dir='ltr'>vero</span> <span class='ocrx_word' id='word_1_251' title='bbox 499 3533 656 3599; x_wconf 88' lang='lat' dir='ltr'>torpemus,</span> <span class='ocrx_word' id='word_1_252' title='bbox 687 3533 714 3582; x_wconf 91' lang='lat' dir='ltr'>et</span> <span class='ocrx_word' id='word_1_253' title='bbox 744 3525 824 3582; x_wconf 90' lang='lat' dir='ltr'>hellis</span> <span class='ocrx_word' id='word_1_254' title='bbox 848 3527 984 3583; x_wconf 90' lang='lat' dir='ltr'>intestinis</span> <span class='ocrx_word' id='word_1_255' title='bbox 1006 3526 1068 3602; x_wconf 90' lang='lat' dir='ltr'>plus</span> <span class='ocrx_word' id='word_1_256' title='bbox 1091 3525 1242 3582; x_wconf 92' lang='lat' dir='ltr'>insolenter</span> <span class='ocrx_word' id='word_1_257' title='bbox 1264 3543 1344 3600; x_wconf 92' lang='lat' dir='ltr'>quam</span> <span class='ocrx_word' id='word_1_258' title='bbox 1367 3527 1519 3582; x_wconf 88' lang='lat' dir='ltr'>necessario</span> <span class='ocrx_word' id='word_1_259' title='bbox 1542 3526 1632 3599; x_wconf 82' lang='lat' dir='ltr'>exagi-</span> 
     </span>
     <span class='ocr_line' id='line_1_26' title="bbox 303 3607 1633 3686; baseline 0.002 -22"><span class='ocrx_word' id='word_1_260' title='bbox 303 3617 329 3655; x_wconf 69' lang='grc' dir='ltr'>ιι</span> <span class='ocrx_word' id='word_1_261' title='bbox 338 3609 386 3664; x_wconf 91' lang='lat' dir='ltr'>tati</span> <span class='ocrx_word' id='word_1_262' title='bbox 408 3607 507 3683; x_wconf 89' lang='lat' dir='ltr'>gladiis</span> <span class='ocrx_word' id='word_1_263' title='bbox 529 3610 632 3666; x_wconf 88' lang='lat' dir='ltr'>nostris</span> <span class='ocrx_word' id='word_1_264' title='bbox 654 3611 819 3667; x_wconf 91' lang='lat' dir='ltr'>domesticos</span> <span class='ocrx_word' id='word_1_265' title='bbox 842 3610 903 3667; x_wconf 88' lang='lat' dir='ltr'>hdei</span> <span class='ocrx_word' id='word_1_266' title='bbox 932 3621 979 3668; x_wconf 89' lang='lat' dir='ltr'>aut</span> <span class='ocrx_word' id='word_1_267' title='bbox 999 3612 1092 3686; x_wconf 90' lang='lat' dir='ltr'>potins</span> <span class='ocrx_word' id='word_1_268' title='bbox 1122 3612 1250 3686; x_wconf 88' lang='lat' dir='ltr'>nosipsos</span> <span class='ocrx_word' id='word_1_269' title='bbox 1278 3611 1436 3667; x_wconf 89' lang='lat' dir='ltr'>detestanda</span> <span class='ocrx_word' id='word_1_270' title='bbox 1465 3608 1633 3685; x_wconf 88' lang='lat' dir='ltr'>malignitate</span> 
     </span>
     <span class='ocr_line' id='line_1_27' title="bbox 337 3695 1634 3771; baseline 0.001 -22"><span class='ocrx_word' id='word_1_271' title='bbox 337 3695 525 3759; x_wconf 69' lang='lat' dir='ltr'>confodimus:</span> <span class='ocrx_word' id='word_1_272' title='bbox 548 3712 598 3751; x_wconf 91' lang='lat' dir='ltr'>nec</span> <span class='ocrx_word' id='word_1_273' title='bbox 619 3695 761 3770; x_wconf 78' lang='lat' dir='ltr'>prophetae</span> <span class='ocrx_word' id='word_1_274' title='bbox 784 3695 915 3770; x_wconf 91' lang='lat' dir='ltr'>sapientis</span> <span class='ocrx_word' id='word_1_275' title='bbox 937 3696 1031 3759; x_wconf 81' lang='lat' dir='ltr'>recha,</span> <span class='ocrx_word' id='word_1_276' title='bbox 1055 3714 1118 3771; x_wconf 84' lang='lat' dir='ltr'>quae</span> <span class='ocrx_word' id='word_1_277' title='bbox 1140 3696 1269 3752; x_wconf 88' lang='lat' dir='ltr'>adversus</span> <span class='ocrx_word' id='word_1_278' title='bbox 1292 3713 1342 3752; x_wconf 89' lang='lat' dir='ltr'>uos</span> <span class='ocrx_word' id='word_1_279' title='bbox 1365 3704 1492 3770; x_wconf 88' lang='lat' dir='ltr'>tanquam</span> <span class='ocrx_word' id='word_1_280' title='bbox 1509 3695 1634 3751; x_wconf 86' lang='lat' dir='ltr'>ethnicos</span> 
     </span>
     <span class='ocr_line' id='line_1_28' title="bbox 337 3777 1634 3856; baseline 0 -21"><span class='ocrx_word' id='word_1_281' title='bbox 337 3777 490 3842; x_wconf 85' lang='lat' dir='ltr'>clamitant,</span> <span class='ocrx_word' id='word_1_282' title='bbox 525 3779 717 3843; x_wconf 87' lang='lat' dir='ltr'>attenduntur,</span> <span class='ocrx_word' id='word_1_283' title='bbox 750 3780 885 3855; x_wconf 85' lang='lat' dir='ltr'>dignaque</span> <span class='ocrx_word' id='word_1_284' title='bbox 914 3781 1028 3837; x_wconf 77' lang='lat' dir='ltr'>facinori</span> <span class='ocrx_word' id='word_1_285' title='bbox 1055 3781 1190 3856; x_wconf 90' lang='lat' dir='ltr'>supplicia</span> <span class='ocrx_word' id='word_1_286' title='bbox 1225 3782 1403 3838; x_wconf 89' lang='lat' dir='ltr'>annunciant:</span> <span class='ocrx_word' id='word_1_287' title='bbox 1439 3780 1510 3856; x_wconf 74' lang='lat' dir='ltr'>‘ipsi&#39;</span> <span class='ocrx_word' id='word_1_288' title='bbox 1543 3781 1634 3855; x_wconf 86' lang='lat' dir='ltr'>inquit</span> 
     </span>
     <span class='ocr_line' id='line_1_29' title="bbox 337 3864 1631 3940; baseline 0 -20"><span class='ocrx_word' id='word_1_289' title='bbox 337 3872 441 3921; x_wconf 90' lang='lat' dir='ltr'>‘contra</span> <span class='ocrx_word' id='word_1_290' title='bbox 463 3865 623 3938; x_wconf 89' lang='lat' dir='ltr'>sanguinem</span> <span class='ocrx_word' id='word_1_291' title='bbox 645 3882 724 3921; x_wconf 89' lang='lat' dir='ltr'>suum</span> <span class='ocrx_word' id='word_1_292' title='bbox 747 3864 925 3928; x_wconf 69' lang='lat' dir='ltr'>insidiantur,</span> <span class='ocrx_word' id='word_1_293' title='bbox 948 3875 975 3922; x_wconf 93' lang='lat' dir='ltr'>et</span> <span class='ocrx_word' id='word_1_294' title='bbox 998 3867 1082 3923; x_wconf 86' lang='lat' dir='ltr'>inira:</span> <span class='ocrx_word' id='word_1_295' title='bbox 1107 3875 1169 3940; x_wconf 87' lang='lat' dir='ltr'>‘ego</span> <span class='ocrx_word' id='word_1_296' title='bbox 1192 3884 1264 3927; x_wconf 90' lang='lat' dir='ltr'>vero.</span> <span class='ocrx_word' id='word_1_297' title='bbox 1287 3867 1350 3922; x_wconf 84' lang='lat' dir='ltr'>dum</span> <span class='ocrx_word' id='word_1_298' title='bbox 1373 3867 1413 3922; x_wconf 93' lang='lat' dir='ltr'>eis</span> <span class='ocrx_word' id='word_1_299' title='bbox 1434 3865 1575 3940; x_wconf 89' lang='lat' dir='ltr'>repentina</span> <span class='ocrx_word' id='word_1_300' title='bbox 1590 3866 1631 3921; x_wconf 93' lang='lat' dir='ltr'>in·</span> 
     </span>
     <span class='ocr_line' id='line_1_30' title="bbox 338 3950 1688 4025; baseline 0.003 -20"><span class='ocrx_word' id='word_1_301' title='bbox 338 3951 442 4022; x_wconf 88' lang='lat' dir='ltr'>gruerit</span> <span class='ocrx_word' id='word_1_302' title='bbox 472 3950 624 4013; x_wconf 87' lang='lat' dir='ltr'>calamitas,</span> <span class='ocrx_word' id='word_1_303' title='bbox 656 3966 713 4006; x_wconf 89' lang='lat' dir='ltr'>nou</span> <span class='ocrx_word' id='word_1_304' title='bbox 741 3950 899 4007; x_wconf 69' lang='lat' dir='ltr'>exaudiam!</span> <span class='ocrx_word' id='word_1_305' title='bbox 941 3952 1022 4008; x_wconf 89' lang='lat' dir='ltr'>Parat</span> <span class='ocrx_word' id='word_1_306' title='bbox 1049 3969 1121 4008; x_wconf 90' lang='lat' dir='ltr'>nune</span> <span class='ocrx_word' id='word_1_307' title='bbox 1151 3952 1178 4007; x_wconf 90' lang='lat' dir='ltr'>in</span> <span class='ocrx_word' id='word_1_308' title='bbox 1206 3951 1374 4008; x_wconf 80' lang='lat' dir='ltr'>Christianos</span> <span class='ocrx_word' id='word_1_309' title='bbox 1403 3960 1477 4007; x_wconf 87' lang='lat' dir='ltr'>terra</span> <span class='ocrx_word' id='word_1_310' title='bbox 1510 3951 1631 4025; x_wconf 87' lang='lat' dir='ltr'>marique</span> <span class='ocrx_word' id='word_1_311' title='bbox 1641 3961 1688 4012; x_wconf 68' lang='lat' dir='ltr'>§.a</span> 
     </span>
     <span class='ocr_line' id='line_1_31' title="bbox 305 4033 1632 4111; baseline 0 -21"><span class='ocrx_word' id='word_1_312' title='bbox 305 4041 411 4091; x_wconf 69' lang='lat' dir='ltr'>ttarnm</span> <span class='ocrx_word' id='word_1_313' title='bbox 434 4053 497 4097; x_wconf 87' lang='lat' dir='ltr'>sua,</span> <span class='ocrx_word' id='word_1_314' title='bbox 528 4035 611 4090; x_wconf 92' lang='lat' dir='ltr'>instat</span> <span class='ocrx_word' id='word_1_315' title='bbox 634 4034 801 4092; x_wconf 79' lang='lat' dir='ltr'>lurcharum</span> <span class='ocrx_word' id='word_1_316' title='bbox 831 4035 931 4092; x_wconf 82' lang='lat' dir='ltr'>framea</span> <span class='ocrx_word' id='word_1_317' title='bbox 959 4036 1040 4111; x_wconf 89' lang='lat' dir='ltr'>capiti</span> <span class='ocrx_word' id='word_1_318' title='bbox 1068 4044 1096 4092; x_wconf 89' lang='lat' dir='ltr'>et</span> <span class='ocrx_word' id='word_1_319' title='bbox 1123 4035 1202 4092; x_wconf 91' lang='lat' dir='ltr'>collis</span> <span class='ocrx_word' id='word_1_320' title='bbox 1231 4033 1346 4099; x_wconf 83' lang='lat' dir='ltr'>uostris,</span> <span class='ocrx_word' id='word_1_321' title='bbox 1375 4045 1403 4091; x_wconf 91' lang='lat' dir='ltr'>et</span> <span class='ocrx_word' id='word_1_322' title='bbox 1425 4036 1511 4092; x_wconf 89' lang='lat' dir='ltr'>adhuc</span> <span class='ocrx_word' id='word_1_323' title='bbox 1534 4036 1632 4092; x_wconf 87' lang='lat' dir='ltr'>oscita-</span> 
     </span>
     <span class='ocr_line' id='line_1_32' title="bbox 337 4111 1631 4195; baseline 0 -20"><span class='ocrx_word' id='word_1_324' title='bbox 337 4137 411 4185; x_wconf 81' lang='lat' dir='ltr'>mus,</span> <span class='ocrx_word' id='word_1_325' title='bbox 435 4119 532 4193; x_wconf 77' lang='lat' dir='ltr'>virque</span> <span class='ocrx_word' id='word_1_326' title='bbox 555 4120 587 4175; x_wconf 92' lang='lat' dir='ltr'>ad</span> <span class='ocrx_word' id='word_1_327' title='bbox 608 4136 701 4194; x_wconf 86' lang='lat' dir='ltr'>pacem</span> <span class='ocrx_word' id='word_1_328' title='bbox 725 4111 826 4177; x_wconf 34' lang='lat' dir='ltr'>mutuo*</span> <span class='ocrx_word' id='word_1_329' title='bbox 843 4121 1053 4195; x_wconf 88' lang='lat' dir='ltr'>amplectendam</span> <span class='ocrx_word' id='word_1_330' title='bbox 1079 4129 1150 4177; x_wconf 87' lang='lat' dir='ltr'>tauta</span> <span class='ocrx_word' id='word_1_331' title='bbox 1173 4120 1286 4195; x_wconf 88' lang='lat' dir='ltr'>periculi</span> <span class='ocrx_word' id='word_1_332' title='bbox 1310 4120 1494 4194; x_wconf 86' lang='lat' dir='ltr'>magnitudine</span> <span class='ocrx_word' id='word_1_333' title='bbox 1517 4129 1631 4194; x_wconf 91' lang='lat' dir='ltr'>urgente</span> 
     </span>
     <span class='ocr_line' id='line_1_33' title="bbox 338 4203 1633 4279; baseline -0.001 -19"><span class='ocrx_word' id='word_1_334' title='bbox 338 4213 441 4260; x_wconf 87' lang='lat' dir='ltr'>mentes</span> <span class='ocrx_word' id='word_1_335' title='bbox 464 4221 628 4278; x_wconf 89' lang='lat' dir='ltr'>componere</span> <span class='ocrx_word' id='word_1_336' title='bbox 651 4203 789 4267; x_wconf 85' lang='lat' dir='ltr'>volumus,</span> <span class='ocrx_word' id='word_1_337' title='bbox 813 4203 901 4262; x_wconf 89' lang='lat' dir='ltr'>Leone</span> <span class='ocrx_word' id='word_1_338' title='bbox 925 4207 1096 4263; x_wconf 89' lang='lat' dir='ltr'>sanctissimo</span> <span class='ocrx_word' id='word_1_339' title='bbox 1120 4206 1145 4260; x_wconf 93' lang='lat' dir='ltr'>id</span> <span class='ocrx_word' id='word_1_340' title='bbox 1168 4206 1226 4260; x_wconf 87' lang='lat' dir='ltr'>dies</span> <span class='ocrx_word' id='word_1_341' title='bbox 1248 4214 1398 4279; x_wconf 86' lang='lat' dir='ltr'>noctesque</span> <span class='ocrx_word' id='word_1_342' title='bbox 1420 4213 1547 4268; x_wconf 87' lang='lat' dir='ltr'>curante;</span> <span class='ocrx_word' id='word_1_343' title='bbox 1570 4205 1633 4260; x_wconf 92' lang='lat' dir='ltr'>hor·</span> 
     </span>
     <span class='ocr_line' id='line_1_34' title="bbox 338 4288 1633 4364; baseline 0.001 -20"><span class='ocrx_word' id='word_1_344' title='bbox 338 4297 411 4344; x_wconf 87' lang='lat' dir='ltr'>tatur</span> <span class='ocrx_word' id='word_1_345' title='bbox 438 4305 490 4345; x_wconf 91' lang='lat' dir='ltr'>nos</span> <span class='ocrx_word' id='word_1_346' title='bbox 520 4288 625 4351; x_wconf 87' lang='lat' dir='ltr'>hostis.</span> <span class='ocrx_word' id='word_1_347' title='bbox 661 4289 760 4345; x_wconf 81' lang='lat' dir='ltr'>excitat</span> <span class='ocrx_word' id='word_1_348' title='bbox 788 4307 802 4344; x_wconf 90' lang='lat' dir='ltr'>a</span> <span class='ocrx_word' id='word_1_349' title='bbox 831 4307 943 4353; x_wconf 86' lang='lat' dir='ltr'>somno,</span> <span class='ocrx_word' id='word_1_350' title='bbox 980 4291 1189 4348; x_wconf 81' lang='lat' dir='ltr'>commonefacit</span> <span class='ocrx_word' id='word_1_351' title='bbox 1217 4289 1338 4353; x_wconf 89' lang='lat' dir='ltr'>desides,</span> <span class='ocrx_word' id='word_1_352' title='bbox 1370 4298 1511 4364; x_wconf 90' lang='lat' dir='ltr'>torpentes</span> <span class='ocrx_word' id='word_1_353' title='bbox 1540 4297 1633 4352; x_wconf 89' lang='lat' dir='ltr'>terret,</span> 
     </span>
     <span class='ocr_line' id='line_1_35' title="bbox 338 4373 1633 4450; baseline -0.001 -20"><span class='ocrx_word' id='word_1_354' title='bbox 338 4373 402 4430; x_wconf 90' lang='lat' dir='ltr'>dum</span> <span class='ocrx_word' id='word_1_355' title='bbox 424 4373 587 4450; x_wconf 88' lang='lat' dir='ltr'>iampridem</span> <span class='ocrx_word' id='word_1_356' title='bbox 610 4373 643 4429; x_wconf 94' lang='lat' dir='ltr'>ad</span> <span class='ocrx_word' id='word_1_357' title='bbox 665 4373 756 4430; x_wconf 91' lang='lat' dir='ltr'>hostia</span> <span class='ocrx_word' id='word_1_358' title='bbox 779 4373 919 4437; x_wconf 84' lang='lat' dir='ltr'>Tiberina.</span> <span class='ocrx_word' id='word_1_359' title='bbox 942 4392 1013 4432; x_wconf 90' lang='lat' dir='ltr'>nunc</span> <span class='ocrx_word' id='word_1_360' title='bbox 1032 4393 1100 4432; x_wconf 83' lang='lat' dir='ltr'>vero</span> <span class='ocrx_word' id='word_1_361' title='bbox 1123 4384 1185 4430; x_wconf 90' lang='lat' dir='ltr'>ante</span> <span class='ocrx_word' id='word_1_362' title='bbox 1207 4391 1309 4448; x_wconf 86' lang='lat' dir='ltr'>paucos</span> <span class='ocrx_word' id='word_1_363' title='bbox 1332 4392 1439 4432; x_wconf 90' lang='lat' dir='ltr'>menses</span> <span class='ocrx_word' id='word_1_364' title='bbox 1461 4375 1562 4431; x_wconf 89' lang='lat' dir='ltr'>circum</span> <span class='ocrx_word' id='word_1_365' title='bbox 1583 4374 1633 4430; x_wconf 84' lang='lat' dir='ltr'>lta·</span> 
     </span>
     <span class='ocr_line' id='line_1_36' title="bbox 305 4458 1739 4540; baseline -0.001 -24"><span class='ocrx_word' id='word_1_366' title='bbox 305 4458 446 4516; x_wconf 68' lang='lat' dir='ltr'>othmari</span> <span class='ocrx_word' id='word_1_367' title='bbox 469 4459 580 4540; x_wconf 74' lang='lat' dir='ltr'>mpenia.</span> <span class='ocrx_word' id='word_1_368' title='bbox 605 4466 633 4514; x_wconf 87' lang='lat' dir='ltr'>et</span> <span class='ocrx_word' id='word_1_369' title='bbox 654 4458 728 4515; x_wconf 87' lang='lat' dir='ltr'>hisce</span> <span class='ocrx_word' id='word_1_370' title='bbox 751 4459 801 4514; x_wconf 87' lang='lat' dir='ltr'>iarn</span> <span class='ocrx_word' id='word_1_371' title='bbox 823 4459 933 4523; x_wconf 86' lang='lat' dir='ltr'>diebus,</span> <span class='ocrx_word' id='word_1_372' title='bbox 956 4460 1021 4517; x_wconf 92' lang='lat' dir='ltr'>dum</span> <span class='ocrx_word' id='word_1_373' title='bbox 1042 4461 1087 4518; x_wconf 88' lang='lat' dir='ltr'>hio</span> <span class='ocrx_word' id='word_1_374' title='bbox 1108 4460 1227 4534; x_wconf 88' lang='lat' dir='ltr'>agimus,</span> <span class='ocrx_word' id='word_1_375' title='bbox 1256 4463 1355 4516; x_wconf 92' lang='lat' dir='ltr'>iterum</span> <span class='ocrx_word' id='word_1_376' title='bbox 1378 4462 1410 4517; x_wconf 91' lang='lat' dir='ltr'>ad</span> <span class='ocrx_word' id='word_1_377' title='bbox 1433 4459 1515 4516; x_wconf 85' lang='lat' dir='ltr'>Ostiae</span> <span class='ocrx_word' id='word_1_378' title='bbox 1537 4468 1634 4534; x_wconf 84' lang='lat' dir='ltr'>portus</span> <span class='ocrx_word' id='word_1_379' title='bbox 1737 4531 1739 4536; x_wconf 21' lang='grc' dir='ltr'>Ι</span> 
     </span>
    </p>
   </div>
   <div class='ocr_carea' id='block_1_3' title="bbox 336 4673 1632 5073">
    <p class='ocr_par' dir='ltr' id='par_1_3' title="bbox 336 4673 1632 5073">
     <span class='ocr_line' id='line_1_37' title="bbox 382 4673 1632 4745; baseline 0.002 -20"><span class='ocrx_word' id='word_1_380' title='bbox 382 4674 616 4741; x_wconf 77' lang='lat' dir='ltr'>¹lnseriptionem</span> <span class='ocrx_word' id='word_1_381' title='bbox 628 4678 791 4726; x_wconf 70' lang='lat' dir='ltr'>matavita.</span> <span class='ocrx_word' id='word_1_382' title='bbox 826 4673 911 4740; x_wconf 68' lang='lat' dir='ltr'>‘opp</span> <span class='ocrx_word' id='word_1_383' title='bbox 924 4679 957 4725; x_wconf 80' lang='lat' dir='ltr'>n.</span> <span class='ocrx_word' id='word_1_384' title='bbox 997 4677 1164 4744; x_wconf 75' lang='lat' dir='ltr'>Mogestatis</span> <span class='ocrx_word' id='word_1_385' title='bbox 1173 4679 1233 4741; x_wconf 82' lang='lat' dir='ltr'>sere</span> <span class='ocrx_word' id='word_1_386' title='bbox 1245 4678 1311 4745; x_wconf 79' lang='lat' dir='ltr'>uhiq.</span> <span class='ocrx_word' id='word_1_387' title='bbox 1319 4682 1343 4729; x_wconf 87' lang='lat'>1.</span> <span class='ocrx_word' id='word_1_388' title='bbox 1379 4678 1632 4744; x_wconf 62' lang='lat' dir='ltr'>‘rutenorum</span> 
     </span>
     <span class='ocr_line' id='line_1_38' title="bbox 337 4757 1632 4829; baseline 0.001 -18"><span class='ocrx_word' id='word_1_389' title='bbox 337 4761 420 4812; x_wconf 81' lang='lat' dir='ltr'>toties</span> <span class='ocrx_word' id='word_1_390' title='bbox 437 4765 472 4811; x_wconf 74' lang='lat' dir='ltr'>B.</span> <span class='ocrx_word' id='word_1_391' title='bbox 519 4758 561 4793; x_wconf 65' lang='lat'>²¹⁰</span> <span class='ocrx_word' id='word_1_392' title='bbox 579 4760 706 4824; x_wconf 74' lang='lat' dir='ltr'>Byzantii</span> <span class='ocrx_word' id='word_1_393' title='bbox 723 4766 755 4811; x_wconf 64' lang='lat' dir='ltr'>lh</span> <span class='ocrx_word' id='word_1_394' title='bbox 803 4757 857 4792; x_wconf 59' lang='lat'>¹⁸⁴²</span> <span class='ocrx_word' id='word_1_395' title='bbox 874 4765 892 4810; x_wconf 85' lang='lat' dir='ltr'>t.</span> <span class='ocrx_word' id='word_1_396' title='bbox 905 4775 928 4809; x_wconf 87' lang='lat' dir='ltr'>e.</span> <span class='ocrx_word' id='word_1_397' title='bbox 942 4761 1024 4812; x_wconf 85' lang='lat' dir='ltr'>trium</span> <span class='ocrx_word' id='word_1_398' title='bbox 1041 4761 1240 4829; x_wconf 75' lang='lat' dir='ltr'>triangulorum</span> <span class='ocrx_word' id='word_1_399' title='bbox 1253 4763 1373 4812; x_wconf 76' lang='lat' dir='ltr'>maxima</span> <span class='ocrx_word' id='word_1_400' title='bbox 1386 4767 1438 4813; x_wconf 83' lang='lat' dir='ltr'>est.</span> <span class='ocrx_word' id='word_1_401' title='bbox 1456 4765 1567 4816; x_wconf 77' lang='lat' dir='ltr'>Potomia</span> <span class='ocrx_word' id='word_1_402' title='bbox 1579 4764 1632 4812; x_wconf 85' lang='lat' dir='ltr'>La·</span> 
     </span>
     <span class='ocr_line' id='line_1_39' title="bbox 336 4842 1632 4917; baseline 0.002 -21"><span class='ocrx_word' id='word_1_403' title='bbox 336 4850 388 4896; x_wconf 75' lang='lat' dir='ltr'>tlue</span> <span class='ocrx_word' id='word_1_404' title='bbox 405 4847 528 4913; x_wconf 64' lang='lat' dir='ltr'>loquimar.</span> <span class='ocrx_word' id='word_1_405' title='bbox 563 4842 585 4876; x_wconf 72' lang='lat'>¹¹</span> <span class='ocrx_word' id='word_1_406' title='bbox 602 4843 645 4896; x_wconf 81' lang='lat' dir='ltr'>his</span> <span class='ocrx_word' id='word_1_407' title='bbox 656 4842 769 4915; x_wconf 71' lang='lat' dir='ltr'>l2.&#39;ubdq.</span> <span class='ocrx_word' id='word_1_408' title='bbox 816 4843 920 4894; x_wconf 62' lang='lat' dir='ltr'>utrm.</span> <span class='ocrx_word' id='word_1_409' title='bbox 957 4843 977 4875; x_wconf 83' lang='lat'>¹⁰</span> <span class='ocrx_word' id='word_1_410' title='bbox 997 4842 1036 4910; x_wconf 88' lang='lat' dir='ltr'>et]</span> <span class='ocrx_word' id='word_1_411' title='bbox 1055 4851 1135 4897; x_wconf 66' lang='lat' dir='ltr'>oon.</span> <span class='ocrx_word' id='word_1_412' title='bbox 1169 4845 1359 4914; x_wconf 67' lang='lat' dir='ltr'>”AEgyptire</span> <span class='ocrx_word' id='word_1_413' title='bbox 1394 4845 1418 4879; x_wconf 79' lang='lat'>²⁸</span> <span class='ocrx_word' id='word_1_414' title='bbox 1434 4855 1585 4917; x_wconf 77' lang='lat' dir='ltr'>suompot.</span> <span class='ocrx_word' id='word_1_415' title='bbox 1598 4854 1632 4913; x_wconf 62' lang='lat' dir='ltr'>B,</span> 
     </span>
     <span class='ocr_line' id='line_1_40' title="bbox 336 4922 1632 5000; baseline 0.006 -19"><span class='ocrx_word' id='word_1_416' title='bbox 336 4925 359 4961; x_wconf 73' lang='lat'>¹⁷</span> <span class='ocrx_word' id='word_1_417' title='bbox 376 4928 644 4981; x_wconf 83' lang='lat' dir='ltr'>Proverbior.1.18.</span> <span class='ocrx_word' id='word_1_418' title='bbox 695 4922 717 4961; x_wconf 73' lang='lat'>¹⁸</span> <span class='ocrx_word' id='word_1_419' title='bbox 735 4929 820 4989; x_wconf 78' lang='lat' dir='ltr'>iutro]</span> <span class='ocrx_word' id='word_1_420' title='bbox 841 4930 906 4979; x_wconf 88' lang='lat' dir='ltr'>ibid.</span> <span class='ocrx_word' id='word_1_421' title='bbox 920 4945 944 4979; x_wconf 88' lang='lat' dir='ltr'>v.</span> <span class='ocrx_word' id='word_1_422' title='bbox 959 4929 1000 4979; x_wconf 76' lang='lat'>27.</span> <span class='ocrx_word' id='word_1_423' title='bbox 1048 4945 1104 4995; x_wconf 82' lang='lat' dir='ltr'>rep.</span> <span class='ocrx_word' id='word_1_424' title='bbox 1119 4932 1205 4982; x_wconf 67' lang='lat' dir='ltr'>aisn.</span> <span class='ocrx_word' id='word_1_425' title='bbox 1250 4929 1272 4964; x_wconf 75' lang='lat'>⁸¹</span> <span class='ocrx_word' id='word_1_426' title='bbox 1288 4936 1356 4985; x_wconf 71' lang='lat' dir='ltr'>ostia</span> <span class='ocrx_word' id='word_1_427' title='bbox 1371 4938 1404 4982; x_wconf 73' lang='lat' dir='ltr'>R.</span> <span class='ocrx_word' id='word_1_428' title='bbox 1441 4934 1582 5000; x_wconf 78' lang='lat' dir='ltr'>Tyberiue</span> <span class='ocrx_word' id='word_1_429' title='bbox 1598 4941 1632 4989; x_wconf 81' lang='lat' dir='ltr'>rt.</span> 
     </span>
     <span class='ocr_line' id='line_1_41' title="bbox 337 5009 1029 5073; baseline 0 -9"><span class='ocrx_word' id='word_1_430' title='bbox 337 5009 388 5045; x_wconf 68' lang='lat'>⁸⁴⁸⁸</span> <span class='ocrx_word' id='word_1_431' title='bbox 405 5011 577 5073; x_wconf 76' lang='lat' dir='ltr'>Roehsnati]</span> <span class='ocrx_word' id='word_1_432' title='bbox 595 5012 653 5064; x_wconf 84' lang='lat' dir='ltr'>dod.</span> <span class='ocrx_word' id='word_1_433' title='bbox 667 5012 800 5064; x_wconf 69' lang='lat' dir='ltr'>decantati.</span> <span class='ocrx_word' id='word_1_434' title='bbox 852 5010 874 5044; x_wconf 70' lang='lat'>⁸⁵</span> <span class='ocrx_word' id='word_1_435' title='bbox 887 5014 986 5064; x_wconf 76' lang='lat' dir='ltr'>maenis</span> <span class='ocrx_word' id='word_1_436' title='bbox 1006 5020 1029 5064; x_wconf 81' lang='lat'>1.</span> 
     </span>
    </p>
   </div>
   <div class='ocr_carea' id='block_1_4' title="bbox 0 0 2181 6052">
    <p class='ocr_par' dir='ltr' id='par_1_4' title="bbox 0 0 2181 6052">
     <span class='ocr_line' id='line_1_42' title="bbox 0 0 2181 6052; baseline 0 0"><span class='ocrx_word' id='word_1_437' title='bbox 0 0 2181 6052; x_wconf 95' lang='lat' dir='ltr'> </span> 
     </span>
    </p>
   </div>
  </div>
 </body>
</html>
