4300 6059
390 692 462 764 33⁰
499 724 599 758 usonts
614 724 637 757 1·
652 724 760 758 conant
775 725 924 759 lah'TllSlthl
939 726 1027 760 urunt
1042 726 1105 760 ΜΤ.
1121 719 1216 761 ΙΜῊΙ.
1231 726 1256 761 Α.
1267 721 1323 760 1520.
1338 727 1353 760 C
1378 726 1500 761 llh'TTElil
1515 726 1606 762 norm.

267 898 269 910 ¹
383 881 550 959 publicari,
580 885 668 955 ntqrte
689 880 779 954 ashpi
796 881 903 962 [liciat.
948 882 1266 944 ‘Eucomtnnnicamns
1287 899 1402 960 quaque
1425 888 1455 942 et
1474 855 1676 944 anathemati-

387 1001 492 1044 zamus
515 999 613 1042 omnes
631 991 660 1041 et
679 985 811 1056 stupidas
830 985 1029 1058 cuiuscunque
1048 993 1157 1056 status,
1176 986 1302 1060 prodas,
1322 985 1510 1060 conditionis,
1527 989 1677 1060 praeemi-

387 1090 508 1159 nentioe,
531 1087 697 1159 dipnitatim
721 1093 774 1145 ant
793 1087 978 1145 eccellentiae
997 1086 1126 1159 suerint,
1151 1091 1204 1161 qui
1219 1089 1373 1162 quominus
1386 1096 1552 1162 proeserues
1570 1090 1675 1162 literae,

387 1193 433 1250 uel
449 1205 552 1249 earum
571 1194 769 1266 transumpta,
792 1190 896 1263 capite,
914 1204 966 1248 seu
979 1191 1168 1264 exemplaria
1184 1192 1214 1247 in
1229 1193 1290 1248 suis
1305 1192 1394 1248 terris
1411 1197 1440 1249 et
1456 1190 1592 1250 dominiis
1607 1193 1675 1265 lepi,

386 1291 491 1367 affipi,
515 1297 545 1349 et
558 1290 712 1366 publicari
728 1293 858 1366 possint,
877 1290 1020 1363 fecerint,
1043 1293 1089 1349 uel
1108 1307 1224 1366 quoquo
1244 1293 1330 1351 mado
1342 1295 1589 1367 procurarerint,
1618 1311 1677 1369 per
1699 1309 1711 1347 s

384 1410 431 1466 se,
460 1396 505 1453 nel
524 1393 621 1452 'alium
650 1409 703 1451 scu
725 1394 814 1464 alios,
833 1394 953 1469 publice
981 1396 1026 1453 uel
1047 1398 1172 1466 occulte,
1198 1395 1309 1454 directe
1329 1397 1376 1454 ael
1400 1395 1559 1460 ardberto,
1589 1398 1677 1456 tacite

387 1498 440 1556 rtel'
451 1511 601 1571 expresse.
647 1494 814 1554 'Postrema
834 1498 905 1570 puin
925 1494 1050 1568 difficile
1069 1495 1154 1568 soret
1175 1504 1340 1572 praesentes
1365 1499 1468 1556 literas
1495 1499 1538 1556 ad
1557 1500 1677 1572 sinpula

386 1595 510 1674 quantae
532 1602 598 1657 loca
620 1596 751 1677 deferri,
780 1600 810 1656 in
834 1599 938 1672 quibus
955 1592 1154 1658 necessarium
1175 1599 1273 1672 soret:
1301 1602 1441 1676 uolumus,
1460 1608 1490 1658 et
1509 1600 1676 1676 Apostolica
1707 1674 1709 1678 Ι

387 1703 566 1762 authoritate
585 1701 786 1772 decernimus,
808 1701 1008 1776 quadrarum
1025 1704 1217 1777 transumptis
1235 1718 1326 1762 ntanu
1344 1702 1458 1777 publici
1470 1703 1582 1761 notarii
1599 1717 1676 1762 con-

384 1803 488 1882 sectis,
510 1811 541 1864 et
563 1804 749 1879 subsenptts,
771 1806 816 1863 uel
835 1807 865 1863 in
887 1807 969 1863 alma
990 1804 1063 1863 urbe
1084 1806 1245 1879 impressis,
1265 1811 1294 1864 et
1312 1807 1409 1878 sipillo
1430 1806 1557 1863 alicuius
1576 1807 1712 1864 eccleato

386 1907 499 1967 siastici
520 1909 648 1982 prcelati
672 1908 806 1982 munitis,
834 1907 939 1980 ubique
966 1913 1072 1982 stetur,
1101 1914 1130 1966 et
1150 1910 1245 1982 plenu
1270 1907 1347 1979 fides
1370 1907 1561 1983 adhibeatur,
1584 1913 1679 1982 praed

386 2010 578 2085 oripinalihus
598 2011 693 2069 literis
714 2015 845 2069 staretur
864 2018 898 2069 et
912 2009 1120 2080 adhiberetur,
1149 2011 1177 2067 si
1191 2008 1295 2081 forent
1322 2008 1462 2068 exhibitae
1478 2010 1524 2068 oel
1541 2015 1675 2068 ostensae.

386 2110 425 2171 Et
445 2129 482 2170 ne
502 2100 655 2186 prefatus
673 2111 825 2172 Martinus
846 2128 1002 2186 omnesque
1023 2114 1079 2171 alii
1097 2112 1278 2187 supradicti,
1306 2126 1379 2184 quas
1394 2118 1560 2185 praesentes
1580 2113 1678 2170 literae

386 2215 598 2290 quomodolibet
618 2222 815 2286 concernunt,
833 2216 1034 2288 ipnorantiam
1056 2214 1220 2273 earundem
1242 2215 1413 2285 literarum,
1434 2220 1467 2272 et
1486 2215 1516 2270 in
1537 2214 1579 2271 eis
1600 2228 1676 2272 con-

386 2324 529 2377 tentorum
550 2320 677 2376 omrtium
695 2324 724 2376 et
741 2319 924 2390 simpulorum
941 2317 1134 2393 praetendere
1154 2318 1285 2389 ualeant,
1308 2317 1412 2374 literas
1433 2317 1515 2389 ipsas
1537 2317 1568 2373 in
1589 2315 1674 2373 basi-
1688 2323 1713 2363 ¹⁵

385 2422 453 2480 tiele
473 2421 622 2496 principis
645 2420 864 2496 Apostolorum,
891 2427 921 2479 et
947 2421 1141 2479 cancellariae
1163 2420 1347 2493 apostolicae,
1376 2433 1488 2477 necnon
1510 2417 1678 2475 cathedra-

344 2561 346 2567 ·
385 2524 457 2580 lium
479 2523 670 2581 ecclesiarum
690 2522 985 2596 Brundeburpeusis,
1007 2521 1179 2589 Misnensis,
1202 2507 1486 2596 et'Mb'rsperpensis
1507 2521 1599 2578 ualuis
1619 2519 1678 2591 as-

382 2626 440 2699 ttpi
451 2629 481 2683 et
493 2623 647 2698 publicari
666 2625 772 2683 debere
795 2627 945 2686 noluimus.
988 2625 1200 2695 Dementes,
1227 2623 1308 2696 quoa
1331 2623 1494 2681 earundem
1521 2623 1678 2681 literarum

380 2726 547 2802 publicatio
573 2728 616 2786 sic
642 2725 747 2797 facta,
780 2728 985 2802 supradictum
1006 2727 1184 2796 Martinum,
1213 2741 1369 2798 omnesque
1397 2727 1472 2784 alias
1493 2730 1522 2784 ct
1547 2726 1679 2797 stapulas

379 2831 628 2906 praenominatas,
650 2844 721 2903 quos
740 2830 836 2889 literae
851 2830 1020 2889 huiusmodi
1036 2828 1248 2903 quomodolibet
1267 2834 1462 2899 concernunt,
1476 2827 1607 2903 perinde
1619 2843 1677 2885 ar·
1687 2836 1713 2875 ²⁰

385 2937 464 2992 ctent
485 2933 550 2991 acsi
573 2933 668 2991 literae
690 2933 767 3007 ipsae
784 2932 832 2991 die
849 2932 1005 3004 affinitatis
1025 2938 1054 2990 ct
1068 2931 1281 3006 publicationis
1299 2930 1480 3001 huiusmodi,
1510 2931 1552 2989 eis
1566 2942 1679 3005 perso-

386 3036 495 3094 naliter
517 3037 602 3094 lcetoe
629 3040 658 3094 et
686 3036 828 3094 intimntoe
846 3034 958 3106 forent.
1006 3034 1099 3105 mum
1114 3049 1172 3092 non
1195 3034 1234 3092 sit
1254 3034 1425 3106 uerisimile,
1454 3033 1534 3106 quod
1551 3047 1589 3091 ea
1610 3047 1680 3105 quoe

387 3147 446 3198 tum
464 3144 604 3215 patenter
621 3139 712 3209 siunt,
736 3137 861 3196 &beant
881 3137 966 3214 apud
985 3153 1034 3196 eos
1052 3137 1219 3209 'incopnita
1240 3151 1405 3194 remanere.
1449 3131 1534 3193 ¹’h'on
1555 3134 1679 3193 obstan-

387 3242 462 3301 tibus
483 3239 749 3308 constitutionibus,
770 3246 799 3298 et
818 3239 1053 3299 ordinationibus
1072 3239 1250 3313 apostolicis,
1271 3255 1322 3298 seu
1345 3237 1526 3313 utmadictis
1545 3235 1680 3296 omnibus

386 3351 415 3405 et
434 3345 573 3418 simpulis,
601 3343 647 3403 ael
673 3356 776 3401 corum
800 3344 907 3418 alicui,
935 3350 987 3401 aut
1014 3341 1161 3416 quihusu's
1188 3342 1257 3401 aliis
1276 3356 1295 3398 a
1317 3340 1387 3399 sede
1407 3341 1567 3415 apostolica
1587 3351 1715 3416 prce-²⁵

387 3449 477 3518 dicta,
500 3448 546 3504 uel
567 3446 606 3504 ab
627 3460 664 3504 ea
682 3450 852 3519 patestatem
872 3444 1052 3515 habentibus,
1076 3444 1131 3504 suh
1144 3445 1249 3520 quavis
1267 3442 1380 3518 suma,
1402 3444 1490 3500 etiam
1512 3441 1680 3515 consessu-

388 3649 466 3710 libus
488 3625 586 3709 autem
609 3647 659 3708 (lat
681 3648 816 3725 gratiam.
893 3647 1041 3708 'Tandem
1071 3647 1106 3707 ad
1139 3646 1275 3706 ultimum
1306 3648 1401 3707 eradit
1428 3645 1544 3707 leonina
1568 3646 1680 3707 feritas.

388 3751 444 3814 Ubi
467 3754 491 3812 si
521 3753 549 3811 in
578 3751 634 3811 isto
664 3751 842 3811 musicorum
873 3757 991 3811 tuorum
1020 3752 1143 3829 strepitu
1173 3750 1242 3809 licet
1270 3748 1372 3810 audire
1394 3749 1468 3818 tibi,
1496 3750 1571 3816 Leo,
1602 3750 1680 3808 scire

389 3856 492 3935 cupio.
521 3871 578 3934 qua
601 3852 776 3914 confidentia
799 3854 856 3914 hoc
879 3871 957 3930 agas.
1003 3854 1132 3915 Putasne
1154 3854 1184 3912 in
1212 3860 1261 3912 tua
1285 3869 1351 3914 esse
1380 3860 1536 3931 potestate,
1565 3852 1679 3912 interti-

331 3996 338 4008 ·
389 3976 457 4021 cere
481 3957 607 4023 animas,
629 3973 703 4041 'quae
731 3973 791 4016 nau
813 3956 995 4024 moriuntur,
1026 3963 1055 4016 et
1084 3954 1230 4015 vivificare
1258 3972 1323 4033 quae
1345 3972 1405 4015 non
1428 3955 1543 4016 vivunt?
1577 3953 1715 4026 Quaren

389 4067 488 4122 autem
511 4058 644 4119 mentiris
666 4056 776 4136 populo
799 4057 845 4119 dei
869 4058 1000 4120 credenti
1023 4056 1202 4118 mendaciis?
1224 4057 1266 4115 An
1292 4056 1373 4117 nefas
1389 4064 1467 4118 esset
1481 4057 1553 4125 hoc,
1577 4057 1678 4117 sinon

389 4161 485 4230 solum
508 4159 681 4222 sceleratam
705 4160 783 4220 hanc
805 4181 821 4221 a
845 4160 932 4221 nobis
954 4159 1080 4229 bullam,
1105 4167 1133 4219 et
1155 4175 1259 4218 omnes
1280 4158 1350 4219 huic
1372 4159 1483 4221 similes
1497 4159 1615 4219 fortiter
1630 4176 1678 4218 ar·

390 4281 541 4331 ceremus,
572 4261 623 4323 sed
653 4268 682 4321 el
703 4263 783 4340 ipsos
804 4262 1010 4326 occideremus
1033 4261 1150 4341 publice
1173 4259 1322 4322 bullarum
1344 4263 1511 4343 caupones?
1585 4259 1680 4322 ‘Huic

392 4364 553 4430 difficultati
576 4362 782 4426 subvenientes
805 4364 902 4425 lenna
926 4364 1069 4424 edendam
1086 4364 1261 4424 curavimus.
1285 4363 1407 4424 multum
1424 4366 1502 4426 ennn
1517 4371 1618 4423 nostra
1634 4365 1679 4424 in·

390 4474 495 4537 teresi.
527 4465 616 4527 talem
645 4474 724 4527 tuam
753 4475 812 4527 tam
841 4465 1024 4544 splendidam
1053 4464 1168 4526 Bullam
1197 4464 1337 4527 latissime
1366 4467 1560 4528 circumferri.
1626 4467 1713 4526 ‘htss

390 4571 613 4650 cognoscimus
648 4569 699 4629 sed
733 4587 792 4628 nan
825 4569 1021 4645 agnoscimus.
1066 4567 1130 4628 haec
1162 4568 1280 4628 laudem
1314 4577 1358 4630 est
1388 4567 1537 4630 hebetudo
1566 4574 1678 4628 trustra.

389 4672 511 4734 ¹'Omnia
535 4672 704 4750 perrumpit
725 4671 782 4730 hoc
805 4669 932 4736 lulmeu,
963 4669 1074 4729 etiarnsi
1098 4670 1291 4749 apostolicum
1314 4678 1482 4749 opponatur
1504 4671 1583 4749 quid.
1629 4672 1679 4730 tt-

390 4794 448 4855 que
471 4775 509 4834 ita
533 4770 691 4832 Sathenam
715 4770 832 4850 expellit
854 4770 1011 4840 Sathenas‚
1034 4779 1067 4831 nt
1089 4790 1157 4850 spes
1179 4774 1231 4842 sil,
1254 4772 1376 4834 divisum
1400 4775 1463 4833 eius
1486 4774 1561 4832 intra
1583 4791 1616 4832 se
1630 4790 1679 4833 re·
1750 4766 1760 4792 '⁸

390 4889 593 4904 ----—-

458 4959 479 4993 ¹⁷
497 4961 599 5025 Mb'rsp·
613 4959 629 5006 i.
640 4973 663 5006 e.
677 4956 922 5021 niemburgensis.
986 4954 1040 4991 Μ
1058 4958 1159 5009 Enoch.
1173 4959 1249 5008 1111.
1265 4957 1304 5007 te.
1324 4959 1361 5008 ef.
1375 4959 1423 5009 lob
1436 4959 1511 5009 x111.
1528 4958 1567 5008 ll.
1580 4959 1679 5009 leuem.

390 5044 517 5097 xxvffl.
533 5043 572 5093 15.
