4300 6059
1059 1366 1062 1371 ·
1125 1324 1214 1432 uu.

808 1475 1042 1559 uturuuu'm
1063 1497 1084 1558 r.
1108 1496 1359 1562 ruemtrours
1379 1496 1536 1561 uvousrr

869 1598 1089 1659 morosum
1108 1610 1158 1660 DE
1175 1608 1297 1688 BELLO
1315 1606 1475 1659 TVROIOO
1533 1675 1537 1683 ι
1635 1685 1638 1692 .

752 1712 795 1752 ar>
811 1710 983 1756 peruenere
999 1715 1040 1755 ur
1057 1714 1197 1774 osorum
1214 1713 1309 1755 secer
1325 1713 1449 1756 eouaur
1465 1712 1592 1755 uranu
1637 1707 1640 1715 ·
1658 1718 1662 1724 ¹

593 1812 695 1884 PAC‘l'A
712 1814 744 1857 ln
762 1813 907 1858 cornuue
923 1814 1079 1858 AVGVSTAE
1095 1815 1339 1860 VINDBLICORVH
1354 1815 1485 1858 HABl‘l'lS
1501 1815 1588 1857 Anno
1604 1815 1744 1859 unxvut.
1823 1825 1835 1862 5

503 1928 519 1973 ¹·
596 1933 758 2008 Frequentia
781 1943 885 1998 vestra,
913 1945 941 1992 et
963 1955 1024 2010 quae
1045 1938 1243 2015 lroetempore
1265 1938 1401 2011 precipue
1423 1936 1572 1993 necessaria
1595 1944 1638 1992 est
1658 1934 1815 2009 reipublice
1843 1952 1847 1958 ·

531 2026 559 2074 et
581 2019 645 2075 milri
667 2028 808 2094 pergrata,
836 2038 891 2078 uon
920 2020 1034 2078 obscure
1057 2018 1156 2079 imlicat
1176 2022 1341 2079 voluntatem
1363 2030 1480 2079 vestram
1501 2030 1529 2077 et
1551 2022 1638 2078 studia
1661 2038 1726 2095 erga
1748 2021 1816 2078 hauc

529 2112 788 2178 caussampropter
809 2116 889 2181 quam
910 2107 991 2164 domo
1020 2109 1100 2164 exciti
1128 2108 1204 2164 estis.
1248 2125 1309 2164 cum
1338 2108 1408 2164 enim
1438 2115 1490 2163 tam
1519 2106 1615 2180 cupide
1642 2107 1789 2163 aelreueri'
1810 2098 1837 2135 '³
1854 2100 1874 2161 '52

529 2197 674 2263 postquam
698 2190 727 2266 iu
747 2184 834 2248 literis
856 2189 1002 2265 significavi
1025 2209 1075 2249 nos
1097 2193 1130 2248 de
1153 2191 1225 2249 bello
1248 2191 1362 2249 Turoico
1384 2199 1494 2249 acturos
1522 2208 1599 2259 esse,
1628 2190 1707 2249 laoile
1735 2116 1857 2288 inim!

421 2313 441 2328 .›
530 2272 585 2346 ligo
607 2290 656 2329 vos
679 2273 768 2347 ipsos,
792 2284 823 2332 ut
844 2276 922 2332 decet
944 2276 1080 2350 sapientes
1101 2277 1240 2351 Principes
1262 2284 1290 2333 et
1311 2277 1384 2333 viros
1407 2276 1586 2339 fortissimos,
1609 2283 1636 2332 et
1659 2275 1848 2351 intelligerem

530 2357 593 2430 quid
616 2375 630 2413 a
652 2358 728 2413 rolris
759 2353 834 2417 totu's
868 2360 944 2417 orbis
970 2369 1121 2423 terrarum,
1151 2362 1275 2418 universa
1302 2361 1400 2418 Christi
1429 2360 1560 2423 Ecclesia,
1589 2360 1707 2434 dignitas
1733 2360 1815 2418 huius

530 2441 635 2516 lmperii
656 2445 794 2516 requirat.
818 2454 845 2502 et
867 2446 971 2502 animos
993 2457 1100 2504 vestros
1122 2464 1153 2503 ea
1175 2447 1275 2503 virtute
1297 2465 1327 2504 ao
1349 2446 1509 2503 tortitudine
1532 2445 1662 2520 praeditos
1684 2463 1760 2511 esse,
1783 2448 1814 2502 ut

529 2526 630 2584 lrcllum
653 2528 772 2585 omnium
795 2548 855 2604 quae
878 2548 996 2605 unquam
1011 2533 1122 2590 luerunt
1144 2530 1426 2606 louge-iustissimum
1441 2539 1469 2587 et
1483 2530 1711 2604 gloriosissimum
1727 2532 1815 2588 omui·

529 2609 579 2667 bus
608 2613 677 2669 votis
706 2616 846 2689 expetatis.
891 2615 978 2684 Quare
1007 2618 1133 2677 existimo
1161 2617 1227 2673 milri
1249 2634 1303 2674 uon
1326 2616 1407 2691 longa
1430 2617 1554 2679 oratioue
1577 2615 1608 2671 ad
1632 2633 1679 2672 vos
1701 2617 1815 2673 incitau-

528 2696 578 2752 rlos
600 2714 669 2772 opus
691 2716 768 2762 esse,
799 2707 826 2758 et
848 2702 983 2776 expectari
1005 2720 1021 2759 a
1043 2720 1085 2758 me
1107 2703 1199 2778 potius
1220 2701 1362 2775 classicum
1384 2701 1416 2758 ad
1445 2700 1584 2757 inferenda
1612 2700 1702 2774 signa.
1731 2719 1812 2776 quam
1824 2722 1847 2763 rs

529 2781 597 2839 hane
619 2783 646 2837 irr
670 2791 732 2856 toga
754 2793 781 2840 et
805 2784 832 2841 in
854 2786 928 2844 curia
950 2786 1174 2845 adhortationem.
1218 2786 1269 2843 Sed
1293 2797 1381 2844 tamen
1404 2784 1468 2841 lrelli
1483 2784 1641 2860 magiritudo
1657 2793 1685 2843 et
1698 2785 1814 2845 dillicul·

529 2874 570 2920 tas
592 2867 708 2941 primum
730 2869 925 2928 deliberatione
948 2872 1061 2946 quadam
1085 2881 1161 2946 eget,
1185 2889 1243 2948 uon?
1256 2881 1345 2930 utrum
1361 2872 1397 2928 sit
1412 2871 1580 2927 inserendum
1604 2866 1745 2944 (sirpridem
1761 2857 1813 2927 e‘tsi

464 2945 466 2949 ’
527 2950 621 3008 lrostes
644 2969 694 3008 uos
717 2953 789 3010 hello
813 2973 867 3014 uon
890 2955 1067 3017 lacesserent.
1091 2970 1180 3031 neque
1202 2958 1230 3014 iu
1252 2955 1373 3013 finitimis
1396 2955 1463 3012 locis
1486 2973 1516 3012 ae
1538 2972 1608 3030 pene
1624 2956 1650 3011 in
1665 2965 1814 3030 conspectu

443 3064 448 3070 ·
528 3044 623 3093 nostro
645 3047 850 3111 grassarentur,
875 3049 962 3098 tamen
985 3043 1109 3116 oportuit
1131 3059 1181 3099 nos
1203 3041 1319 3102 lilrerare
1341 3041 1434 3098 orbem
1459 3050 1591 3097 terrarum
1614 3040 1663 3098 hac
1683 3040 1814 3097 crudelis-

527 3121 593 3177 sima
616 3130 697 3197 atquo
719 3124 799 3200 impia
823 3125 946 3183 barliarie
967 3135 995 3183 et
1017 3145 1049 3184 ex
1064 3128 1220 3184 miserrima
1243 3127 1372 3184 servitute
1396 3135 1437 3183 tot
1459 3126 1582 3182 nationes
1598 3142 1743 3200 oppressas
1758 3127 1848 3190 eri-20

527 3212 617 3280 pere).
639 3209 685 3264 sed
707 3208 773 3266 illud
795 3211 881 3285 magis
902 3210 1104 3275 deliberandum
1126 3230 1185 3269 esse
1207 3213 1324 3274 videtur,
1347 3217 1407 3267 cuui
1429 3220 1511 3267 tantm
1533 3211 1588 3267 sint
1610 3228 1676 3285 opes
1698 3228 1729 3268 ac
1744 3213 1815 3267 vires

527 3291 632 3348 'lurcici
655 3295 746 3368 regni,
775 3294 993 3354 oum'exercitus
1016 3297 1043 3354 iu
1066 3296 1231 3372 longinquas
1254 3297 1381 3370 regiones
1404 3296 1574 3358 traducendi,
1603 3313 1663 3350 oum
1687 3285 1814 3352 iort'assis

527 3376 651 3449 pluribus
675 3377 741 3435 locis
763 3389 791 3437 et
813 3380 898 3457 longo
922 3390 1044 3457 tempore
1065 3381 1167 3438 bellum
1190 3384 1310 3438 loturum
1338 3382 1388 3444 sit,
1417 3380 1526 3456 quantis
1554 3375 1624 3455 opus
1652 3380 1687 3436 sit
1715 3381 1812 3455 copiis.

528 3478 560 3517 au
589 3479 641 3518 una
664 3463 819 3522 Gennauica
847 3467 921 3523 natio
950 3475 1041 3524 tantos
1068 3462 1200 3525 conticere
1228 3468 1378 3530 exercitus,
1406 3465 1524 3523 tolerare
1552 3465 1700 3527 exereitus.
1731 3483 1812 3528 anua,

527 3563 627 3620 equos,
651 3549 798 3623 stipendia,
821 3561 986 3609 commeatus
1009 3552 1183 3628 suppeditare
1206 3553 1307 3627 possit;
1331 3552 1377 3626 qui
1400 3552 1500 3625 Reges.
1524 3546 1570 3624 ipui
1592 3549 1687 3626 populi
1710 3551 1743 3606 ad
1766 3569 1847 3613 sons

439 3619 451 3641 '
526 3631 651 3688 rietatem
674 3634 754 3690 liuius
777 3635 966 3710 pulcherrimae
989 3630 1093 3694 militiae
1108 3638 1217 3712 adiungi
1233 3637 1355 3712 possiut;
1378 3653 1412 3692 an
1427 3636 1464 3692 ita
1479 3636 1507 3692 in
1522 3634 1629 3710 Europa
1644 3652 1696 3710 pax
1710 3637 1813 3692 cousti-

529 3725 585 3772 tuta
608 3718 658 3780 sit.
681 3735 715 3774 ne
738 3738 780 3777 me
803 3729 831 3777 et
852 3740 901 3778 vos
923 3740 955 3779 es
978 3724 1066 3779 medio
1088 3741 1170 3779 cursu
1193 3731 1319 3780 revocent
1341 3721 1463 3778 hominos
1478 3719 1588 3796 perfidi,
1612 3721 1667 3796 qui,
1693 3727 1723 3776 ut
1738 3738 1813 3796 saepe

526 3809 603 3857 autea
626 3804 736 3866 accidit,
759 3805 800 3861 vel
822 3825 872 3881 per
893 3807 1062 3865 occasionem
1085 3826 1217 3883 occupare
1240 3816 1333 3865 nostra
1354 3805 1538 3868 conabuntur,
1562 3804 1603 3861 rel
1626 3805 1699 3878 turpi
1722 3804 1813 3879 aliqua

526 3904 586 3942 cum
609 3887 732 3945 hostibus
755 3893 880 3964 pactione
903 3894 972 3950 lacta
994 3903 1123 3956 metuent,
1147 3911 1180 3949 ue
1203 3894 1269 3950 dues
1284 3891 1389 3967 lmperii
1406 3892 1584 3966 proteramus.
1620 3890 1655 3947 lie
1672 3888 1714 3945 his
1730 3890 1813 3947 rebus

526 3989 583 4027 sero
606 3991 619 4027 a
642 3990 685 4030 me
707 3976 810 4049 requiri
833 3979 983 4036 orationem
1007 3999 1021 4035 a
1044 3979 1222 4054 prudentibus
1245 3977 1379 4034 omnibus.
1423 3994 1484 4044 pam
1514 3993 1556 4035 me
1579 3976 1685 4049 quidem
1709 3974 1736 4029 iu
1759 3974 1847 4034 lroeao

528 4058 635 4133 lurperii
658 4058 768 4137 fastigio
791 4080 846 4120 uon
869 4063 956 4122 solum
980 4065 1007 4121 in
1030 4066 1086 4123 acie
1101 4064 1165 4121 belli
1186 4065 1281 4121 ducem
1304 4071 1331 4119 et
1355 4064 1544 4137 imperatorem
1566 4078 1638 4125 esse,
1662 4059 1707 4118 sed
1724 4059 1812 4119 multo

528 4248 551 4298 1.
563 4263 597 4288 =
614 4246 674 4298 Nic.
688 4247 823 4299 Reueneri
841 4249 883 4299 De
903 4247 975 4314 bello
993 4248 1111 4299 Tuccico
1129 4250 1229 4300 verior.
1243 4253 1348 4298 auctor.
1361 4247 1415 4298 vol.
1429 4247 1450 4296 1.
1464 4263 1490 4312 p.
1503 4245 1601 4296 55...63
1623 4248 1812 4311 incriptioneu

525 4330 598 4379 dedet
612 4346 670 4382 rur.
683 4347 866 4384 uexrrrruuur
879 4348 1012 4384 cursuum
1026 4348 1143 4384 trever.
1157 4348 1268 4384 onemo.
1286 4333 1368 4400 ibique
1384 4332 1548 4398 praendttr'tur
1559 4330 1693 4381 Praet'etio
1705 4331 1738 4381 dc
1752 4332 1812 4381 vite

526 4421 553 4464 et
572 4417 652 4467 rebrrs
670 4418 756 4481 gestis
774 4419 958 4469 Maximilieui
976 4417 1110 4480 Cresurie,
1131 4424 1249 4468 auctore·
1262 4418 1382 4484 Georgio
1401 4415 1503 4467 Sabino
1526 4417 1566 4482 (p.
1579 4415 1621 4466 49.
1635 4415 1723 4481 sqq.)‚
1741 4422 1813 4467 cutus

524 4509 622 4566 partem
641 4503 677 4551 rid
692 4511 860 4568 orpumentum
878 4505 948 4554 dardis
965 4506 1090 4555 orationis
1106 4508 1261 4568 spectantem
1279 4493 1358 4553 eidem
1369 4501 1522 4551 redimemus.
1557 4502 1599 4551 Ex
1612 4501 1751 4554 Reuanero
1770 4518 1811 4552 re·

524 4589 607 4653 petiit
624 4590 775 4640 orationem
795 4590 951 4640 Caeeeream
986 4592 1011 4638 2.
1029 4608 1063 4634 =
1081 4587 1236 4650 Goldnetue‚
1256 4586 1370 4639 collect.
1385 4587 1611 4637 constitutionum
1627 4586 1811 4653 imperialium

524 4665 908 4727 condescendentem.
928 4674 975 4725 iol.
993 4689 1019 4739 p.
1031 4671 1171 4726 436..439.
1207 4675 1248 4725 Ex
1266 4673 1445 4725 Goldeetieno
1469 4670 1593 4738 exemplo
1612 4677 1743 4739 excerpta
1760 4688 1811 4724 aue
1843 4726 1845 4729 ,

763 4762 879 4826 sumpsit
896 4759 1054 4824 Reyualdus
1072 4759 1115 4810 ed.
1128 4760 1219 4809 Monoi
1237 4764 1302 4809 tom.
1321 4759 1383 4808 XII.
1395 4773 1422 4824 p.
1435 4755 1575 4808 eleeto.

592 4919 663 4966 2...5.
684 4932 715 4966 ex
728 4918 754 4966 2.
790 4917 930 4968 ⁸cerrsem
949 4920 975 4967 2.
987 4916 1076 4984 ubique
1094 4932 1174 4967 ranae
1209 4914 1230 4949 ¹⁴
1243 4915 1439 4981 expectatimt.
1474 4912 1573 4964 ”ente
1587 4915 1613 4962 2.
1647 4910 1668 4943 ⁸¹
1684 4911 1811 4966 siluati-

525 5000 601 5052 niani
614 5017 724 5071 prooem.
738 5000 960 5053 Institutionum.
