4300 6059
1492 551 1497 563 ‚
1522 526 1528 552 f

457 676 501 746 44
589 705 711 741 111’ΤΤΕ111
731 705 760 740 tu
779 705 872 740 DVGEM
892 704 1170 765 WlBssENPEBGENSEU
1188 704 1291 741 onemo
1311 707 1354 741 111.
1374 705 1486 740 laevam
1500 705 1526 740 Δ.
1541 700 1600 742 ibli-

455 862 705 944 Germaniadeos
727 859 831 928 habct;
861 878 920 920 nan
940 861 980 919 ita
1002 858 1083 938 leges
1106 862 1273 939 perierunt,
1304 864 1424 940 aequitas
1453 863 1580 924 extincta
1602 871 1661 933 est,
1692 866 1737 925 ius

456 963 597 1032 absoluit;
626 982 681 1022 nec
711 981 764 1023 nos
784 963 822 1021 ita
849 980 951 1022 sumus
973 955 1125 1042 imparati,
1155 965 1194 1023 ita
1215 964 1339 1033 incauti,
1368 972 1483 1024 utnon
1512 967 1610 1026 omnia
1633 974 1736 1027 contra

386 1078 444 1125 §.aa
455 1068 537 1127 istius
559 1067 714 1126 amentiam
739 1067 855 1142 provisa
874 1063 1044 1125 babeamus
1092 1066 1194 1146 Facite
1219 1072 1315 1125 tamen
1344 1085 1378 1126 co
1410 1069 1521 1128 venisse
1550 1086 1630 1136 rem,
1665 1070 1735 1145 quid

454 1168 531 1227 aliud
555 1175 655 1245 postca
674 1166 784 1243 ‘videbit
804 1168 960 1228 Germania
984 1187 1071 1246 qnam
1092 1188 1130 1252 se·
1147 1169 1334 1228 Germaniam
1357 1188 1420 1228 csse
1446 1169 1585 1230 desiisse?
1623 1168 1736 1231 Conce-

453 1270 519 1329 dam
544 1270 639 1328 omnia
661 1268 812 1336 omnibns,
836 1269 1025 1328 iustissimum
1048 1269 1180 1336 dolorem
1205 1268 1341 1346 frangere
1364 1289 1422 1329 non
1441 1279 1560 1349 potero,
1584 1289 1620 1330 ne
1636 1271 1756 1349 occari-⁵

453 1381 514 1433 tare
536 1371 665 1449 quidem.
710 1389 797 1449 qncnr
819 1371 896 1430 enim
920 1372 1065 1447 querendi
1085 1372 1172 1431 fmem
1193 1371 1290 1431 facere
1311 1373 1488 1449 qmtcrinms,
1516 1375 1539 1430 si
1558 1380 1616 1433 tam
1631 1374 1735 1433 iustam

452 1493 568 1536 causam
594 1490 654 1533 non
680 1472 856 1563 gravissimis
885 1473 989 1539 vestris
1015 1474 1183 1542 sententiis,
1213 1473 1265 1534 sed
1288 1472 1442 1565 levissimis
1463 1475 1588 1535 fortunae
1616 1476 1734 1535 casibus

451 1577 633 1638 subiiciatisl
656 1583 706 1635 aut
730 1592 882 1652 quousque
906 1575 1060 1635 interficiet
1083 1595 1136 1636 nos
1158 1577 1230 1637 iste‘l
1257 1575 1332 1646 Quid
1355 1577 1484 1654 iniquius
1510 1584 1737 1654 autcm,qnam

451 1698 517 1741 eum
540 1680 588 1756 qni
612 1684 723 1737 tautum
748 1677 860 1736 facirms
881 1677 1045 1746 admiserit,
1069 1697 1128 1737 aron
1152 1678 1239 1738 modo
1262 1695 1322 1738 non
1343 1679 1457 1754 puniri,
1478 1678 1529 1738 sed
1553 1680 1643 1739 armis
1661 1697 1734 1758 qno-

452 1799 508 1859 que
530 1787 558 1841 et
579 1780 673 1839 furori
694 1797 747 1839 suo
769 1777 914 1856 relinqui,
944 1780 1021 1839 unde
1048 1779 1185 1841 onmibus
1215 1780 1300 1839 bonis
1326 1782 1444 1857 semp'er
1473 1787 1584 1851 metas,
1614 1800 1732 1859 semper
1747 1791 1770 1830 ¹⁰

386 1881 616 1962 §.tapericulnm
640 1883 694 1942 siti
716 1882 839 1941 Possum
855 1879 918 1941 ¹lroc
941 1882 1020 1959 quod
1041 1900 1090 1950 res
1112 1884 1184 1960 petit
1207 1883 1308 1951 lateri,
1333 1881 1534 1959 poenitendum
1552 1882 1639 1943 nobis
1655 1884 1732 1960 quod

452 2004 586 2064 unquam
603 1985 818 2043 accusavimus:
841 1983 911 2061 quid
933 1985 1019 2055 enim,
1034 1985 1170 2045 effectum
1194 1983 1273 2045 aliud
1297 1990 1341 2058 est
1359 2001 1447 2061 qnam
1462 1991 1495 2043 ut
1509 1983 1565 2044 lroc
1581 2004 1631 2045 vos
1646 1983 1734 2045 silen-

453 2089 491 2147 tio
516 2086 643 2165 probare
665 2085 750 2144 istius
770 2081 867 2145 scelus
895 2085 1065 2154 videamini,
1096 2087 1159 2164 ipse
1183 2105 1215 2145 rc
1246 2087 1358 2163 integra
1385 2087 1411 2144 vi
1432 2104 1466 2145 ac
1488 2088 1577 2146 armis
1605 2105 1659 2146 nos
1681 2087 1734 2146 im-

379 2219 384 2230 ·
452 2192 550 2267 petat?
576 2187 632 2246 Per
654 2185 724 2246 deos
748 2185 928 2246 immortales
951 2186 1092 2257 obsecro,
1120 2188 1229 2257 videte,
1249 2189 1401 2257 Germani,
1424 2207 1510 2266 quam
1533 2190 1568 2249 sit
1584 2196 1669 2267 turpe
1685 2207 1745 2249 vo··

452 2289 498 2351 bis
519 2293 605 2350 istum
629 2287 705 2348 elabi
728 2307 827 2357 reum,
850 2290 900 2366 qui
922 2287 978 2348 froc
999 2289 1106 2349 iudicio
1127 2290 1311 2350 indemnatus
1329 2308 1388 2350 non
1405 2299 1465 2351 tam
1481 2291 1567 2351 nobis
1585 2289 1736 2350 insultabit
1747 2304 1769 2341 ¹⁵

385 2406 540 2471 §.acquam
564 2408 614 2451 vos
636 2408 752 2469 quoque
774 2409 929 2470 superasse
942 2380 1042 2451 'videri
1064 2389 1149 2452 volet.
1193 2392 1237 2451 Aa
1258 2391 1380 2452 alicuius
1404 2400 1532 2456 vestrum
1554 2393 1661 2453 indicio
1681 2395 1735 2452 mi·

452 2483 508 2555 ntis
529 2493 666 2553 hiereos
689 2509 776 2569 quam
798 2501 898 2553 nostra
920 2494 1107 2574 accusatione
1132 2494 1202 2553 tuit?
1231 2493 1281 2553 ubi
1304 2495 1394 2570 igitur
1416 2493 1472 2554 illae
1499 2513 1578 2554 nuuc
1604 2514 1734 2555 commo·

379 2595 381 2598 ’
451 2598 561 2664 tiones,
585 2593 626 2654 illi
650 2591 796 2663 fremitus,
815 2594 872 2671 ille
896 2595 1026 2656 vultuum
1050 2602 1215 2655 vestrorum
1237 2596 1486 2672 significationes?
1512 2597 1570 2656 boc
1592 2597 1629 2657 de
1651 2596 1735 2656 vobis

451 2696 582 2757 narrabit
604 2697 773 2774 quisquam,
793 2697 949 2758 iustissime
972 2697 1040 2758 hnic
1061 2699 1152 2758 iratos
1179 2698 1284 2767 fnisse,
1317 2697 1386 2756 nibil
1416 2701 1506 2760 iratos
1534 2699 1679 2777 potuisse,
1703 2707 1736 2759 nt

451 2799 634 2878 hicprimus
652 2800 681 2857 in
703 2800 859 2861 Germania
879 2799 1064 2878 tyrannidem
1094 2801 1240 2877 occupet?
1271 2800 1349 2878 quod
1372 2802 1449 2860 enim
1474 2799 1618 2861 libertatis
1643 2803 1768 2862 vesti-'20

452 2903 531 2980 glum
558 2900 721 2962 remanebit
743 2900 800 2959 lroc
815 2899 973 2961 incolnmil
997 2902 1075 2979 quod
1093 2901 1191 2979 legum
1209 2921 1242 2962 ac
1262 2902 1438 2962 iudiciorum
1455 2910 1645 2970 momentum,
1669 2920 1734 2980 quae

452 3011 555 3065 vestra
577 3004 752 3080 integritatis
771 3003 926 3081 'persuasio
950 2994 1027 3082 apud
1050 3005 1234 3082 quenquam?
1263 3011 1292 3064 at
1321 3012 1422 3064 contra
1452 3022 1516 3082 qum
1539 3023 1600 3064 non
1631 3006 1734 3070 incoa-

351 3146 353 3151 -
383 3108 565 3173 §.testantia
587 3123 621 3165 ao
643 3106 756 3165 timoris
776 3105 903 3181 suspicio
929 3107 959 3164 iu
983 3124 1033 3165 vos
1054 3108 1214 3183 congruet?
1237 3107 1351 3167 Utinam
1371 3113 1420 3166 aut
1440 3124 1588 3185 nunquam
1608 3108 1650 3167 sic
1673 3126 1734 3166 ma·

450 3209 555 3270 nifeste
575 3205 683 3284 singuli
706 3206 913 3275 damnassetis,
937 3214 987 3266 aut
1009 3225 1067 3267 noa
1090 3215 1148 3268 tam
1172 3210 1297 3286 turpiter
1313 3211 1343 3267 in
1365 3208 1488 3269 dicenda
1506 3211 1648 3269 sententia
1663 3208 1734 3269 sub·
1812 3272 1816 3287 1

449 3311 599 3374 sisteretis,
644 3307 688 3368 Dli
711 3306 904 3378 immortales,
928 3316 1067 3387 quantum
1091 3312 1188 3370 onmia
1210 3329 1279 3371 casn
1308 3329 1342 3370 ac
1372 3308 1553 3387 temporibus
1575 3313 1767 3370 immutata-as

449 3422 512 3475 tur:
544 3430 641 3491 nuper
662 3411 716 3468 iste
738 3427 790 3470 sua
812 3412 941 3492 primum
964 3412 1159 3482 conscicntia,
1194 3412 1299 3472 deinde
1331 3411 1429 3489 legum
1458 3431 1493 3471 ac
1521 3412 1592 3473 iuris
1619 3421 1731 3482 aratura,

448 3523 598 3594 postremo
621 3494 752 3572 omnium
775 3509 928 3572 hominum
950 3513 1058 3573 iudicio
1079 3532 1138 3573 non
1155 3512 1370 3574 dissimulanter
1385 3515 1462 3574 edite
1476 3514 1531 3584 scd
1548 3513 1733 3575 confessione

450 3617 558 3696 passim
576 3615 813 3676 manifestissima
840 3613 1012 3693 pervulgato
1040 3617 1157 3675 sancius
1187 3634 1220 3675 ac
1248 3616 1413 3684 confectus,
1442 3615 1519 3675 naalia
1550 3614 1651 3675 salutis
1680 3634 1733 3694 spe

449 3719 601 3798 praeditus,
626 3717 677 3776 sed
700 3714 802 3777 ultima
823 3715 1028 3794 desperatione
1052 3717 1184 3795 perditus
1207 3719 1338 3777 omnium
1361 3724 1552 3794 conspectum
1581 3718 1668 3794 fugit,
1697 3737 1733 3777 ex

450 3821 581 3890 omnium
604 3818 696 3879 oeulis
714 3838 745 3878 sc
766 3820 928 3897 proripuit,
960 3837 1043 3878 suam
1066 3819 1201 3888 domum,
1231 3837 1313 3879 snam
1342 3837 1404 3878 rem
1433 3818 1607 3881 familiarem
1634 3837 1769 3880 suam-ao

451 3941 508 4002 quc
530 3924 615 3982 istam
637 3920 821 4000 tyrannidem
843 3918 1013 3999 relinquens
1039 3937 1130 3997 vagus
1152 3939 1186 3980 ac
1213 3922 1326 3980 incerto
1348 3921 1454 3981 itinere
1476 3923 1621 4000 profugit:
1655 3940 1734 3982 caune

452 4024 606 4084 confestim
628 4041 663 4083 ac
685 4020 782 4082 subito
805 4024 887 4100 quasi
915 4022 1022 4083 infecta
1051 4023 1218 4092 laetasint,
1248 4028 1276 4082 ct
1299 4022 1452 4100 pecuniam
1476 4023 1579 4092 lrabet,
1606 4030 1635 4084 et
1663 4026 1734 4084 viris

381 4142 440 4193 §.aa
451 4127 592 4204 imperat,
616 4133 644 4185 et
660 4131 763 4189 eontra
779 4142 833 4184 nos
847 4122 952 4184 auxilia
969 4125 1101 4193 instruit,
1124 4131 1153 4184 et
1170 4125 1271 4201 patriae
1286 4125 1466 4184 eversionem
1483 4125 1612 4185 molitur.
1645 4125 1669 4185 0
1686 4146 1734 4187 vc·

449 4235 528 4290 teres
547 4227 710 4289 Germaniae
726 4223 838 4295 more's,
861 4227 968 4285 avitum
987 4225 1092 4294 decnS,
1111 4227 1236 4303 patriam
1257 4227 1406 4286 virtutem!
1430 4243 1516 4303 quem
1539 4245 1625 4287 nenro
1644 4228 1733 4306 paulo

450 4338 518 4390 ante
539 4344 715 4405 congressu,
748 4345 836 4388 aromo
864 4326 1000 4387 familiari
1022 4328 1155 4387 eratione
1183 4326 1376 4406 dignabatur,
1398 4329 1429 4387 in
1451 4345 1538 4405 quem
1557 4345 1660 4388 onmes
1681 4350 1730 4391 ex·
1743 4351 1768 4390 aa

450 4430 600 4510 puebant,
625 4430 671 4490 cui
692 4427 830 4489 omnibus
852 4430 919 4498 viis,
951 4429 1087 4490 omnibus
1109 4427 1228 4506 plateis,
1262 4431 1292 4488 in
1313 4432 1394 4490 omni
1414 4429 1566 4488 bominum
1588 4440 1733 4493 conventu

450 4531 694 4599 maledicebatur,
720 4549 807 4608 quem
830 4533 876 4590 sui
898 4515 1155 4607 derelinquebant,
1185 4528 1271 4591 alieni
1293 4530 1472 4610 impetebant
1494 4530 1684 4600 contumelia,
1708 4535 1734 4595 is

451 4652 530 4696 nuuc
554 4634 623 4693 viris
644 4652 679 4693 ac
709 4633 798 4691 armis
826 4632 1029 4709 circunseptus
1057 4639 1178 4710 recepto
1207 4651 1243 4692 ex
1274 4630 1428 4693 intervallo
1451 4630 1548 4692 animo
1572 4613 1732 4704 insolescit,

411 4781 415 4790 .
451 4737 593 4813 quasique
612 4735 742 4796 excussis
764 4730 885 4793 ricerdis
904 4731 1048 4811 profugus
1069 4731 1144 4793 latro
1167 4733 1290 4803 exultat,
1313 4733 1468 4794 adversum
1494 4751 1549 4793 nos
1579 4733 1658 4795 bello
1683 4756 1733 4797 ex·

450 4872 651 4881 ———.---—

517 4938 617 5004 ³quod
635 4942 659 4989 2.
679 4936 715 5005 qd
735 4940 757 4984 1.
810 4934 918 4984 ⁹avalim
937 4934 1056 4998 admisit,
1105 4934 1124 4967 ¹²
1143 4937 1364 4986 accusauerimns
1382 4939 1494 4984 coamfl.
1548 4936 1567 4967 Ν
1586 4938 1665 4987 deum
1683 4941 1732 4989 im·
1825 4943 1829 4951 '

451 5021 593 5072 mortalem
611 5038 679 5072 corr.
693 5025 721 5069 11.
773 5015 794 5051 ²⁸
813 5023 856 5079 ac]
877 5025 904 5069 et
921 5036 988 5070 corr.
1001 5024 1030 5071 n.
