4300 6059
416 710 540 767 ιινττιιᾳ
553 710 590 745 ιι)
603 710 888 745 catarinensem
900 708 1009 747 mnmru
1020 711 1119 746 'runcis
1134 711 1273 746 rarenter
1284 711 1509 745 exsecraretur.
1522 694 1608 761 lists.)
1630 682 1697 752 lll
1873 690 1882 716 ‘

416 866 572 927 Germanis
600 882 719 944 semper
747 863 854 942 aliquid
883 864 1007 943 pulchre
1037 866 1153 933 conari,
1183 881 1300 942 semper
1329 864 1364 923 ad
1396 862 1521 942 aliquam
1552 867 1702 944 respicere
1761 932 1769 945 ,

343 978 347 985 '
413 966 549 1035 landem,
578 965 699 1045 aliquod
728 965 801 1027 velle
834 967 924 1027 decus
950 985 1072 1045 parare,
1102 968 1133 1026 in
1160 973 1289 1026 merrtem
1312 975 1463 1034 revocate;
1499 974 1559 1027 tum
1587 968 1702 1046 imperii

413 1068 504 1130 buius
526 1087 614 1146 quam
637 1087 702 1131 esse
724 1066 807 1129 vobis
829 1086 931 1130 curam
954 1071 1123 1129 conveniat:
1153 1075 1250 1147 potest
1276 1069 1352 1127 eninr
1381 1069 1418 1128 ita
1446 1076 1575 1129 vestrum
1598 1069 1702 1147 aliquis

415 1171 513 1230 odisse
535 1169 659 1246 gloriam
682 1176 722 1235 ut,
741 1178 882 1246 augeatur
911 1189 947 1230 an
977 1172 1125 1231 minuatur
1154 1171 1309 1256 imperium
1339 1171 1417 1229 iuxta
1445 1172 1585 1231 astbnet‘t
1615 1171 1771 1235 visneto.

393 1274 559 1334 ³Germani
582 1273 666 1341 estis,
689 1279 776 1350 atque
798 1278 831 1332 ut
852 1270 940 1333 buius
962 1273 1103 1352 temporis
1124 1289 1184 1331 tion
1213 1272 1249 1332 sit
1278 1272 1334 1331 rim
1362 1291 1396 1331 ac
1418 1272 1553 1332 iniuriam
1577 1273 1702 1334 bostium

414 1392 432 1434 e
456 1373 538 1435 robis
560 1391 680 1443 arcere,
704 1381 848 1453 perpetuo
870 1373 1091 1452 tamengloriae
1113 1373 1241 1434 studium
1264 1370 1362 1433 colere
1385 1373 1506 1434 debetis.
1544 1368 1702 1450 Atneees-

413 1477 487 1565 sitas
509 1477 596 1537 etiam
618 1474 756 1553 gerente
778 1476 822 1535 rei
844 1475 999 1545 incumbit,
1023 1493 1138 1536 summa
1159 1463 1273 1553 imperii
1289 1475 1398 1550 agitur,
1422 1477 1607 1536 consternata
1622 1486 1702 1537 rnetu

358 1620 362 1626 -
414 1577 497 1638 ltalia
520 1585 578 1646 est,
603 1595 657 1654 per
679 1577 859 1655 ilungariam
881 1596 972 1656 paror
994 1579 1112 1655 ingens,
1136 1576 1221 1637 uobis
1244 1579 1374 1643 vastitas.
1399 1575 1484 1637 nobis
1508 1580 1625 1638 exitium
1648 1578 1702 1640 im·

415 1682 523 1740 minet:
548 1677 631 1740 vultis
652 1679 700 1739 bis
721 1679 751 1738 in
773 1679 889 1740 casibus
911 1681 1068 1759 quicquam
1091 1697 1180 1757 agere
1202 1679 1300 1757 potius
1323 1696 1411 1757 quam
1440 1678 1595 1740 celerrime
1618 1699 1702 1741 exer·
1772 1752 1774 1755 Ι
1802 1701 1804 1704 ’

383 1795 407 1836 n
418 1782 495 1840 citus
516 1779 721 1850 conscribere,
755 1799 852 1852 arnta,
887 1782 964 1842 viros
992 1790 1021 1842 et
1048 1801 1155 1860 equos,
1190 1781 1315 1858 denique
1344 1799 1469 1858 quorum
1499 1800 1568 1842 usus
1596 1791 1640 1843 est
1666 1783 1702 1842 ad

415 1880 527 1952 ΙιιΗιιιιι
550 1899 700 1961 quaerere,
731 1889 760 1943 et
787 1885 871 1962 prius
893 1885 989 1944 omnia
1013 1892 1114 1961 parata
1136 1882 1247 1944 babere
1270 1900 1357 1961 quam
1381 1881 1429 1941 ille
1452 1901 1502 1943 ros
1532 1887 1703 1962 repentinus
1777 1876 1785 1893 ¹

413 1983 505 2044 turbo
527 1985 664 2062 impetat,
688 1983 735 2045 illa
758 1987 788 2045 in
811 2003 862 2046 vos
884 1987 965 2045 omni
988 1986 1164 2074 cogitatione
1187 1983 1315 2047 velocior
1335 1983 1466 2062 procella
1488 1992 1571 2063 ruat?
1598 1989 1640 2047 dc
1662 1988 1769 2051 ri·t.ao.

413 2085 483 2146 dete
512 2104 550 2146 ne
578 2104 653 2164 quos
682 2086 745 2148 aliis
772 2086 911 2148 auxilium
940 2088 1018 2149 lerre
1045 2089 1169 2166 piguit‚,
1188 2086 1219 2146 bi
1248 2086 1335 2146 nimis
1364 2087 1445 2147 tarde
1473 2081 1590 2166 imperii
1618 2088 1704 2150 buius

414 2186 557 2266 reliquias
585 2189 777 2250 conservandi
807 2208 842 2249 ac
871 2189 987 2250 tuendae
1017 2191 1182 2251 Germania
1210 2187 1363 2248 consibum
1391 2190 1511 2250 ineatis:
1542 2209 1609 2250 tiam
1638 2210 1704 2270 (qnae

383 2297 486 2349 insunt
508 2307 634 2368 usquam
656 2291 846 2361 munitiones
869 2309 923 2369 per
946 2309 1020 2369 quas
1042 2289 1090 2365 ille
1112 2293 1154 2352 sic
1177 2299 1312 2369 paratus,
1336 2292 1378 2349 sic
1400 2293 1549 2350 aeemctus
1572 2292 1665 2359 bostis
1679 2295 1703 2354 si

415 2392 505 2453 bodie
527 2390 595 2452 velit
616 2409 676 2451 non
699 2394 857 2470 irrumpat,
891 2399 943 2453 aut
968 2411 1034 2469 qum
1063 2401 1163 2470 parata
1191 2393 1343 2471 praesidia,
1378 2391 1484 2470 quibus
1513 2395 1537 2453 si
1563 2394 1727 2474 irruperit

415 2492 599 2573 expellatur?
626 2493 662 2553 Et
685 2494 829 2556 lacessant
851 2494 898 2556 bic
921 2494 992 2555 mibi
1015 2495 1133 2574 quidam
1156 2512 1191 2554 en
1219 2495 1325 2554 intimis
1355 2496 1457 2555 restris
1485 2496 1703 2557 consultoribus
1713 2513 1771 2562 §.co

382 2641 384 2644 ι
416 2596 558 2676 quasdam
581 2594 689 2676 sylvas,
714 2597 1113 2679 quosdamcommemorare
1135 2604 1263 2665 montes,
1294 2596 1435 2673 quasdam
1458 2596 1594 2674 paludes:
1624 2600 1704 2676 igna-

417 2717 520 2758 vorum
543 2704 612 2758 sunt
634 2691 705 2768 ista,
727 2716 786 2759 non
809 2688 953 2769 fortium,
978 2698 1075 2777 lugam
1105 2699 1325 2765 meditantium,
1358 2716 1417 2757 riou
1441 2717 1585 2777 pugnam,
1615 2699 1704 2762 latro·

381 2819 506 2869 sonum,
530 2818 590 2860 nou
613 2798 804 2861 bellatorum:
828 2800 935 2880 quibus
957 2819 1028 2879 ego,
1052 2801 1289 2880 quandoquidem
1312 2802 1431 2859 omuino
1446 2805 1515 2860 sunt
1530 2801 1636 2876 quibus
1650 2804 1705 2863 ista

416 2901 527 2963 insedit
547 2901 890 2980 turpitudo,¹meliorem
913 2923 929 2963 a
953 2904 1007 2964 diis
1029 2902 1245 2964 immortalibus
1268 2910 1412 2973 triennem,
1436 2904 1526 2962 atitsi
1548 2903 1634 2964 buius
1657 2924 1704 2964 ca-

416 3000 506 3084 paces
528 3021 588 3064 non
611 3011 695 3072 sunt,
719 3002 843 3083 aliquam
867 3024 974 3091 precor
997 3005 1125 3066 subitam
1141 3012 1283 3074 tinortem,
1308 3024 1344 3065 ne
1360 3006 1488 3082 supersit
1503 3007 1587 3063 ‹tttlus
1601 3006 1705 3082 ignavo

417 3104 542 3166 consilio
565 3122 614 3166 res
636 3105 721 3166 rtobis
743 3105 942 3186 pulcherrima
964 3110 1186 3176 intervertatur,
1215 3126 1249 3166 ac
1272 3109 1324 3166 ista
1354 3107 1421 3166 bule
1449 3108 1560 3166 nationi
1588 3126 1705 3167 succre-

417 3216 482 3270 seat
501 3207 622 3267 infantia
645 3215 678 3267 ut
698 3207 776 3268 aliud
799 3209 936 3271 maluisse
964 3211 1096 3271 dicamur
1126 3228 1212 3287 qnam
1241 3208 1366 3276 bellum,
1391 3216 1419 3268 et
1441 3217 1562 3285 repente
1584 3208 1704 3278 bellum,
1827 3288 1832 3298 ,

381 3329 453 3370 isac
475 3316 578 3388 aperte
598 3307 717 3372 bellum
761 3311 889 3372 Proinde
912 3312 1047 3373 desinant
1069 3311 1203 3388 quidam,
1226 3312 1250 3370 si
1267 3314 1308 3370 sic
1325 3311 1424 3378 caelat,
1449 3311 1546 3387 lugam
1562 3311 1617 3370 sibi
1632 3325 1772 3389 pro-§.en

417 3412 549 3490 spicere:
573 3411 708 3473 desinant
729 3414 782 3473 ista
807 3415 937 3491 cogitare
960 3412 1095 3474 latibula:
1124 3412 1226 3473 eadem
1256 3411 1331 3471 tnatla
1358 3416 1458 3491 etqui
1481 3411 1655 3489 pugnabunt
1678 3422 1707 3473 et

417 3515 468 3593 qui
490 3514 605 3590 lugient
625 3515 775 3593 proposita
798 3514 854 3574 sibi
876 3517 1080 3583 meminerint,
1108 3532 1166 3573 non
1197 3515 1298 3574 eadem
1328 3514 1420 3575 bona:
1450 3532 1617 3592 qumquam
1645 3533 1705 3573 aron

418 3616 522 3677 eadem
545 3617 631 3675 etiam
655 3615 745 3676 ntala:
768 3635 836 3677 nam
860 3625 891 3676 ut
913 3616 977 3678 illos
999 3637 1051 3678 sua
1075 3634 1193 3694 semper
1215 3616 1307 3694 gloria
1337 3618 1476 3695 excipiet,
1506 3619 1593 3676 etiam
1616 3616 1704 3685 salus,

417 3720 441 3777 si
463 3735 520 3779 nos
541 3719 705 3795 respexerit
727 3717 815 3788 deus,
838 3720 877 3779 ita
898 3718 954 3778 bos
976 3721 1152 3795 ignominia,
1177 3720 1305 3780 dedecus
1321 3727 1350 3778 et
1364 3720 1483 3777 inlamia
1499 3727 1704 3796 prosequetur,

384 3821 499 3880 aneos
520 3837 562 3879 ac·
578 3828 725 3890 moruros,
754 3827 783 3880 et
804 3823 971 3898 quicunque
989 3829 1122 3882 ‘eventus
1150 3822 1254 3889 luerit,
1284 3822 1403 3881 ‹luriora
1432 3822 1544 3888 otrtnia,
1574 3821 1706 3897 turpiora

418 3940 452 3982 ac
474 3921 551 3982 tuedo
575 3922 675 4000 magis.
721 3931 801 3984 certe
824 3941 960 4001 magnam
983 3924 1110 3983 miseriae
1131 3930 1246 4001 partem
1269 3924 1382 3983 auleret
1404 3922 1451 3982 illa
1475 3924 1587 3983 virtutis
1602 3938 1773 3988 recor-§.oa

417 4024 511 4092 datio,
533 4041 633 4101 neque
656 4023 750 4085 deerit
772 4016 841 4085 lorti
864 4027 1017 4104 cuiquam,
1046 4025 1071 4084 si
1093 4025 1247 4094 ceciderit,
1276 4045 1334 4104 quo
1358 4027 1394 4086 'se
1424 4024 1607 4085 coreoletnr:
1640 4043 1705 4084 nam

341 4168 354 4200 .
418 4132 448 4186 et
468 4126 613 4186 restitisse
636 4133 665 4186 et
686 4143 832 4205 pugnasse
856 4135 885 4188 ct
906 4147 961 4206 pro
984 4129 1076 4205 patria
1100 4147 1262 4206 pugnasse,
1292 4136 1321 4188 et
1348 4146 1408 4186 tion
1437 4127 1629 4187 succubuisse
1651 4146 1706 4186 nec

418 4227 508 4288 ubam
532 4226 633 4288 tulisse
656 4227 872 4306 indignitatem,
903 4232 990 4291 etiam
1013 4230 1123 4308 aliquid
1148 4231 1223 4291 lorte
1246 4231 1368 4308 dignum
1397 4231 1556 4299 memoria,
1585 4232 1705 4306 «lignum

384 4327 504 4402 salande
527 4330 724 4398 commisisse,
757 4349 791 4391 ac
818 4339 958 4411 quantum
988 4333 1017 4391 in
1047 4351 1079 4396 se
1102 4335 1191 4393 luerit
1212 4323 1367 4409 superasse
1389 4331 1542 4409 gaudebit,
1574 4340 1606 4391 nt
1627 4331 1705 4410 quod

416 4437 537 4491 accuset
558 4438 666 4508 praeter
689 4433 835 4492 loctunam
857 4433 929 4493 nttnt
952 4434 1072 4494 babeat:
1102 4451 1219 4511 semper
1242 4435 1320 4493 enirn
1343 4443 1485 4495 strennue
1507 4436 1649 4512 pugnanti
1671 4441 1772 4495 utto-c

416 4534 547 4593 incertus
569 4535 744 4612 proponitur
768 4536 877 4604 exituS,
901 4537 939 4595 ito
962 4537 1102 4615 quicquid
1124 4535 1278 4604 acciderit,
1302 4543 1382 4596 corta
1401 4538 1515 4597 virtutis
1531 4536 1703 4596 existimatio

416 4654 451 4695 ac
473 4635 598 4713 propria
621 4636 753 4712 quaedam
776 4645 805 4697 et
826 4636 982 4716 peculiaris
1004 4638 1113 4714 gloria,
1136 4658 1203 4699 cum
1227 4639 1337 4700 interea
1358 4639 1492 4699 desertor
1508 4637 1572 4709 ille,
1594 4636 1704 4697 nullius

416 4737 474 4800 sibi
498 4736 570 4796 honi
593 4720 724 4808 consilli,
749 4737 855 4800 dubius
878 4738 950 4799 clari
974 4741 1112 4800 facinoris
1134 4742 1270 4803 conscius
1298 4739 1393 4801 simile
1415 4741 1553 4818 quiddam
1576 4741 1705 4818 patietur

448 4960 451 4964 ²
486 4939 506 4973 ¹¹
522 4948 551 4990 et
564 4932 694 4992 maci).
731 4941 834 4992 ¹⁸hiit.
868 4938 1704 5023 §.biblTepidosaetre'pidosmultosiuisseetiamllarthol.

416 5025 506 5076 deser.
520 5026 650 5077 ostendit.
687 5025 707 5056 ¹*
725 5027 847 5076 silvest.
884 5026 1063 5092 1ΨΡιιςςιιιιιΙΙ.
1110 5028 1129 5058 ²¹
1145 5029 1197 5077 diis
1211 5033 1284 5081 imm.
1298 5033 1354 5080 1.2.
1390 5030 1499 5081 Christo
1511 5030 1575 5095 Opt.
1588 5031 1660 5080 Max.
1674 5034 1703 5079 11.
