4300 6059
503 719 639 754 liclssliDi
654 719 826 755 nnnrtsottttt
839 719 874 752 ms
883 718 1033 788 ‘CONVENTY
1047 717 1219 752 nvot's'rttttst
1234 716 1409 751 nttsctttt’rw.
1424 715 1449 752 Α.
1464 710 1521 752 lm·
1578 683 1652 756 26⁷

368 876 499 952 templum
527 877 609 933 rebus
641 877 744 939 Caesar,
771 875 855 949 legati
882 893 912 933 ac
938 876 1021 935 ceteri
1044 877 1182 951 principes
1209 893 1308 950 magno
1335 876 1467 950 applausu
1489 873 1655 932 Cardinalem

368 961 555 1037 ilaguntinum
577 961 687 1020 domum
709 978 795 1036 usque
817 961 939 1017 comitati
967 968 1038 1016 sunt.
1083 961 1128 1017 ilie
1155 969 1245 1017 autern
1273 961 1511 1035 advesperascente
1535 959 1721 1027 flumen-ld*-

366 1047 405 1104 sis
426 1047 509 1104 duces
531 1047 647 1103 bavariae
670 1047 736 1103 treis
758 1045 976 1121 complureisque
999 1045 1067 1102 aiios
1091 1046 1226 1120 principes
1253 1045 1280 1102 in
1307 1063 1382 1102 omna
1404 1044 1512 1102 babuit:
1544 1043 1654 1120 epulum

369 1133 437 1189 satis
459 1130 565 1206 adipale
587 1130 755 1206 largiterque
778 1131 879 1187 datum.
923 1130 1052 1204 Sequenti
1076 1147 1140 1188 vero
1161 1131 1205 1187 die
1226 1148 1288 1187 cunr
1309 1131 1390 1187 etiam
1413 1131 1585 1188 inererensis
1604 1130 1655 1186 Ar·

340 1217 559 1292 subrepiscopus
580 1214 685 1274 elector
706 1216 889 1279 adventasset,
913 1216 940 1272 in
962 1215 1094 1272 urbanam
1115 1217 1216 1273 cumam
1239 1233 1347 1277 omnes,
1371 1225 1402 1272 ut
1422 1215 1531 1289 aliquod
1549 1215 1654 1271 tandem

367 1302 474 1359 initium
497 1301 580 1359 rebus
600 1302 726 1364 daretur,
747 1309 942 1358 convenerunt.
985 1301 1052 1358 ilum
1074 1300 1135 1357 bec
1155 1308 1321 1363 tractantur,
1350 1301 1420 1357 lama
1441 1299 1533 1357 attulit
1555 1299 1724 1381 princip-u·

366 1404 417 1462 pes
437 1387 586 1444 Pannoniis
608 1387 745 1444 intestinis
774 1386 844 1443 odiis
872 1403 927 1442 non
955 1387 1014 1442 sine
1043 1403 1142 1459 magno
1170 1385 1246 1459 regni
1274 1377 1657 1468 diseri·13,'¹„·,⁴,ff„'„¹;,¹,‘,”„⁰'ss¹f'

368 1472 440 1529 mine
462 1470 602 1529 laborare:
625 1489 686 1528 nam
708 1490 769 1529 cum
791 1472 870 1531 diaeta
899 1472 981 1527 etiarn
1002 1488 1017 1526 a
1039 1471 1112 1544 ilege
1140 1470 1237 1528 indicta
1267 1471 1378 1533 luisset,
1407 1479 1435 1526 et
1462 1471 1533 1526 inter
1559 1477 1658 1527 cetera

367 1556 522 1619 decretum,
554 1565 586 1613 ut
608 1555 759 1631 Episcopus
781 1555 979 1630 Vesprunensis
1009 1554 1042 1611 de
1071 1554 1189 1611 rebusa
1218 1573 1247 1611 se
1275 1564 1371 1612 cantra
1393 1556 1512 1612 Thnrcas
1538 1571 1589 1629 per
1615 1562 1659 1612 tot

334 1645 456 1699 warinus
478 1641 578 1715 gestis,
600 1639 689 1715 deque
711 1641 833 1715 pecorum
856 1641 892 1697 ob
914 1658 972 1697 enm
995 1658 1103 1696 causam
1124 1640 1256 1714 expositis
1278 1640 1410 1697 rationem
1432 1640 1571 1702 redderet,
1599 1638 1657 1714 ipse

367 1718 586 1802 indignabundus
607 1743 668 1783 cum
692 1725 777 1782 valida
799 1724 915 1782 militurn
937 1742 1018 1781 manu
1040 1726 1111 1782 unde
1132 1733 1242 1782 uenerat
1257 1743 1382 1782 reversus
1398 1734 1453 1787 est,
1476 1733 1505 1781 et
1519 1734 1550 1780 ut
1565 1724 1657 1799 regni-

365 1811 442 1869 colas
463 1811 574 1889 omnino
596 1809 769 1873 molestaret,
792 1811 915 1867 meditari
939 1819 1096 1886 acceperam
1119 1810 1266 1885 paulopost
1290 1820 1318 1866 et
1338 1809 1478 1867 Palatinus
1499 1809 1655 1873 ilannbiunn,

367 1895 558 1971 ignorantibus
579 1896 685 1953 cunctis
701 1914 756 1970 quo
771 1903 845 1953 esset
856 1896 1052 1970 proiecturus,
1075 1895 1190 1952 traiecit.
1227 1904 1373 1970 propterea
1388 1894 1500 1958 balbus,
1523 1895 1564 1951 vir
1577 1912 1656 1970 egre·
1666 1902 1725 1954 §.t-t.

369 1982 414 2055 gie
435 1981 547 2043 doctus,
569 1981 727 2038 Pannonum
750 1981 824 2054 regis
847 1989 954 2043 orator,
984 1981 1054 2057 apud
1078 1981 1209 2037 Caesarem
1233 1978 1363 2043 instabat,
1391 1990 1421 2037 ut
1449 1981 1529 2038 etiam
1551 1981 1656 2037 Panno·

331 2077 355 2117 m
368 2065 436 2122 uicis
458 2064 540 2123 rebus
562 2066 758 2140 componendis
781 2081 891 2140 operam
913 2066 1004 2127 daret.
1034 2065 1251 2140 hortabaturque
1272 2082 1323 2139 pro
1352 2064 1436 2129 uirili,
1465 2074 1496 2121 ut
1518 2065 1550 2122 ad
1572 2064 1657 2122 vicina

365 2151 512 2210 Pannonia
534 2150 593 2207 loca
616 2168 646 2207 se
669 2150 866 2225 quamprimum
889 2151 1041 2207 conlerret:
1061 2150 1125 2207 iare
1147 2158 1236 2206 antem
1258 2159 1290 2207 ut
1304 2149 1417 2208 casam
1437 2151 1552 2208 adventu
1567 2149 1657 2217 omia

369 2235 400 2291 in
421 2235 686 2294 melioremstatum
709 2235 906 2310 redigerentur.
943 2235 971 2290 in
987 2235 1128 2292 Germania
1150 2235 1259 2292 interim
1282 2235 1320 2291 nil
1342 2243 1432 2293 actum
1454 2244 1497 2292 est
1516 2235 1568 2293 nisi
1583 2235 1717 2309 quodi-tt

366 2320 490 2394 quaedam
519 2321 632 2396 priuatae
661 2319 877 2377 consultationes
904 2320 1005 2377 habitae
1034 2328 1112 2383 sunt:
1141 2319 1342 2377 illustrissimus
1370 2338 1435 2377 vero
1457 2320 1603 2379 Gurcensis
1629 2328 1658 2377 et

365 2403 516 2463 Cardinalis
537 2405 622 2464 sancti
646 2404 728 2468 Sinti,
752 2414 876 2462 oratores
900 2404 1034 2480 pontilicis
1056 2412 1085 2460 et
1100 2404 1192 2461 Galliae
1213 2404 1248 2461 de
1270 2405 1352 2461 rebus
1370 2406 1536 2463 ‘iburcarum
1560 2413 1656 2462 tracta·

328 2497 480 2553 noverunt:
502 2490 690 2565 pomeridiano
713 2498 801 2547 autern
825 2499 947 2565 ternpore
969 2498 1096 2547 renatum
1119 2490 1185 2545 itum
1208 2500 1258 2545 est.
1296 2489 1332 2546 Ex
1352 2490 1479 2565 Hispania
1501 2507 1565 2547 vero
1588 2497 1725 2550 nun-§.tu

364 2576 437 2632 cium
460 2575 613 2650 accepimus
634 2573 799 2638 Leonoram,
821 2574 948 2632 catholici
971 2575 1052 2648 liegis
1075 2591 1214 2637 sororem,
1237 2574 1349 2632 cesaris
1371 2583 1495 2650 neptem,
1517 2575 1584 2650 Regi
1605 2575 1657 2631 Ln-

364 2660 488 2722 sitauie,
511 2668 624 2717 maturae
645 2660 736 2716 aetatis
757 2661 831 2723 viro,
855 2661 881 2717 in
904 2659 1106 2725 matrimonium
1128 2659 1232 2722 datam;
1255 2677 1360 2717 necnon
1382 2668 1497 2734 propter
1517 2659 1657 2717 victoriam

363 2743 512 2819 pauioante
535 2745 563 2803 in
584 2745 700 2819 dpbrica
723 2745 843 2802 habitam
863 2746 1002 2804 decretum
1024 2744 1095 2801 diem
1117 2743 1212 2801 letitia
1235 2744 1382 2818 quotannis
1396 2744 1595 2802 celebrandurn.
1625 2745 1724 2806 lutto.

363 2829 520 2891 Germania,
549 2837 579 2886 ut
594 2832 731 2903 pontificii
751 2832 860 2895 tandem
882 2831 1060 2894 audirentur,
1089 2832 1118 2885 in
1139 2836 1236 2885 senatu
1255 2832 1416 2902 principum
1439 2836 1585 2886 conuentus
1605 2830 1657 2886 la·

327 2914 436 2970 abitur
456 2922 511 2975 estr
523 2909 630 2988 nepoti·
649 2915 746 2971 dende
767 2917 832 2972 illue
849 2915 973 2987 profecti
985 2921 1063 2977 sunt,
1086 2917 1198 2987 excepti
1211 2917 1239 2969 in
1253 2917 1366 2994 alterat
1388 2906 1658 2997 ssfflssffl‘g‘ffl‘fffl
1718 2953 1722 2961 ·

358 3006 448 3071 porta
475 3002 562 3056 euriae
589 3018 606 3054 o
629 2999 806 3073 Marqunrdo
833 3018 885 3057 oon
908 2992 1171 3071 Stain'Proeposito
1198 3000 1410 3072 Bamberqensi.
1441 3003 1500 3056 oiro
1525 3001 1607 3072 gravi
1633 3005 1659 3056 et

362 3084 491 3153 cordato,
514 3087 562 3157 qui
583 3085 703 3142 eurora
724 3087 811 3146 locum
833 3085 952 3148 tenebat,
981 3102 1000 3139 e
1022 3085 1167 3142 Cardinaii
1182 3083 1344 3158 Magnanimo
1366 3102 1401 3141 ae
1422 3086 1532 3141 caeteris
1548 3087 1656 3156 princi-

359 3169 450 3242 pibus.
485 3178 511 3225 et
529 3171 621 3241 primo
643 3172 730 3227 iiteroe
751 3178 777 3227 et
798 3171 948 3242 diplomata
970 3171 1120 3242 apostoliea
1142 3172 1271 3236 recitato,
1293 3170 1390 3242 quadus
1408 3171 1497 3242 ponti·
1520 3168 1528 3241 Ι
1550 3163 1650 3246 lm,
1666 3182 1723 3234 §.ra

360 3254 417 3328 fea:
437 3257 578 3312 mamimus
596 3256 772 3328 principibus
787 3256 933 3312 Germanis
953 3255 1139 3328 significabat,
1161 3272 1214 3328 quo
1228 3259 1256 3311 in
1267 3257 1393 3327 periculo
1408 3255 1564 3327 respublica
1578 3253 1658 3313 Citri-
1794 3252 1796 3255 ’

328 3341 457 3396 medana
474 3342 566 3412 ponta
588 3347 664 3404 erat,
692 3347 718 3396 et
739 3348 894 3413 propterea
916 3355 1066 3412 operasse
1086 3347 1227 3415 tonmrnm
1244 3342 1405 3413 principum
1433 3341 1547 3396 auxilio.
1591 3339 1656 3395 bor-

277 3481 280 3484 .
363 3423 475 3483 labatur
493 3431 635 3496 praeterea
656 3428 744 3498 ipsos,
766 3432 796 3481 ut
818 3442 880 3482 enm
902 3428 956 3481 sint
974 3428 1168 3498 potentissimi,
1198 3433 1224 3483 et
1244 3442 1345 3497 maeno
1367 3426 1401 3482 da
1423 3441 1517 3481 eorum
1533 3425 1658 3497 mamea

251 3557 259 3580 ,
361 3523 428 3582 spes
449 3510 484 3565 ab
504 3509 627 3566 omnibus
648 3517 780 3582 concepta
801 3513 848 3575 sit,
871 3513 952 3568 velint
972 3525 1051 3567 suam
1072 3513 1198 3582 ipsorum
1218 3512 1334 3583 gloriam
1355 3526 1391 3566 ac
1404 3512 1543 3566 adiiciam
1562 3511 1656 3582 reipu-

363 3594 441 3651 blicae
462 3593 627 3652 Christianae
649 3598 803 3667 respicere:
825 3596 963 3668 multaque
983 3611 1045 3652 cum
1066 3598 1095 3651 in
1116 3595 1191 3651 itanc
1212 3598 1371 3652 sennonem
1391 3597 1507 3650 recitata
1526 3594 1725 3667 [absentans.

364 3679 522 3750 Cardinalis
541 3682 632 3739 sancti
647 3679 722 3737 Sixti
733 3684 884 3737 orationem
902 3681 997 3737 babuit
1010 3682 1049 3735 od
1056 3683 1203 3752 principes
1216 3683 1284 3737 satis
1298 3683 1355 3737 eui·
1371 3687 1379 3760 Ι
1394 3672 1603 3762 Ὴζῇἱᾞωῴ
1612 3681 1657 3709 ·“·

332 3769 421 3820 sitam
443 3771 469 3820 et
488 3766 533 3820 rei
552 3766 773 3833 accomodatam,
801 3784 857 3838 qua
879 3767 986 3838 quidem
1008 3772 1121 3837 captata
1143 3769 1226 3837 prius
1247 3767 1283 3821 ab
1309 3769 1349 3821 eis
1374 3767 1565 3834 benimientia,
1593 3781 1656 3820 cum

364 3863 394 3905 se
414 3848 499 3906 moos
519 3852 635 3906 amotos
658 3850 725 3923 sore
746 3853 861 3919 diceret,
889 3866 1005 3905 causam
1033 3853 1163 3922 exposuit
1190 3851 1365 3922 quamobrem
1392 3852 1530 3918 emerint,
1558 3850 1660 3905 seilicet

364 3936 438 4007 quod
454 3926 612 4007 perieulum
633 3938 786 3992 immineret
805 3937 909 3992 nomini
929 3934 1100 3995 Cimetram
1127 3935 1253 4007 probarit
1279 3944 1369 3993 antem
1389 3954 1407 3990 a
1428 3937 1548 3992 oictorr'is
1568 3946 1659 4007 nuper

364 4021 550 4077 oaoemaima
577 4020 752 4077 Tburcarum
779 4028 859 4094 pente
884 4020 998 4079 bomin,-
1027 4028 1191 4092 argumenta
1219 4023 1299 4076 etiam
1325 4023 1443 4094 sumpsit
1468 4037 1487 4075 a
1513 4019 1659 4077 summm

363 4106 480 4174 nostrie,
508 4104 688 4178 hortatusque
714 4110 770 4176 est,
797 4114 826 4162 ut
855 4105 1054 4178 expeditionem
1082 4112 1179 4162 eontra
1204 4105 1272 4178 fidei
1294 4105 1385 4162 bosna
1409 4113 1562 4176 sumerent,
1592 4120 1658 4161 eum

430 4368 613 4422 ‘Richardns
631 4370 665 4421 de
684 4370 884 4422 Greiffenkiam
937 4371 1042 4423 ⁸dieta
1060 4374 1121 4424 edd.
1174 4371 1250 4423 ’oon
1273 4374 1399 4438 Vesprt'm.
1447 4370 1468 4405 ¹³
1486 4374 1658 4439 Hieronymus

363 4455 468 4506 Balbus.
489 4444 811 4521 cf.riot.1.p.185.§.8.
862 4456 884 4490 ²³
903 4455 1015 4519 ci.§.8.
1072 4454 1095 4488 ¹⁵
1113 4456 1198 4506 ilihuc
1218 4460 1306 4507 Lm.
1363 4456 1385 4489 ²⁸
1403 4458 1547 4522 Preposito
1565 4461 1656 4508 aad.

363 4539 384 4572 ⁸⁸
402 4540 555 4607 ‘Proposita
572 4545 739 4591 attractata
757 4541 850 4591 Romae
870 4557 887 4590 a
905 4542 1014 4592 Summo
1033 4539 1168 4590 Pontiflce
1187 4546 1216 4591 et
1233 4557 1314 4592 sacro
1333 4541 1521 4592 cardinalium
1539 4542 1656 4608 collegio

364 4626 393 4674 in
409 4623 666 4676 Consultationibus
684 4632 790 4677 sanclae
809 4626 1008 4691 expeditionis,
1028 4640 1089 4690 quae
1108 4625 1143 4674 ad
1161 4625 1306 4692 Principes
1324 4626 1438 4691 imperii
1450 4626 1584 4677 mittenda
1595 4628 1657 4677 vise

363 4714 439 4769 sunt,
457 4723 552 4760 eornm
569 4724 676 4776 quoque
693 4710 841 4776 prudentie
859 4714 887 4759 et
905 4710 1021 4760 consilio
1040 4710 1236 4773 examinanda3
1254 4710 1344 4776 siquid
1362 4710 1516 4761 addendum
1533 4711 1656 4762 minuen-

363 4793 461 4845 dumve
478 4794 620 4857 videatur,
646 4795 846 4861 corrigendum.
869 4794 924 4843 Die
943 4793 984 4844 12.
996 4796 1159 4846 Novembris
1175 4797 1254 4847 M.D,
1262 4795 1358 4845 xvl1.¹
1383 4809 1444 4859 qnae
1462 4810 1545 4862 snpra
1557 4812 1583 4861 p.
1598 4793 1654 4846 tto.

363 4894 421 4944 sqq.
434 4879 638 4945 repetitasnnt.
675 4881 776 4930 Literae
789 4877 1071 4946 Pontideisineolom
1085 4882 1275 4947 admerpinem.
1323 4878 1344 4912 ²³
1362 4879 1470 4930 laetitiae
1484 4883 1510 4931 3.
1562 4875 1655 4930 “ora-

362 4966 479 5026 tionem‚
497 4980 579 5029 supra
595 4982 622 5029 p.
638 4962 694 5014 162.
707 4966 915 5030 rqprepetitam,
934 4963 966 5012 In
984 4969 1096 5016 stemma
1112 4972 1151 5015 eat
1169 4968 1233 5016 boe:
1253 4963 1351 5015 Oratio
1364 4963 1522 5014 Cardinalis
1534 4962 1561 5015 S.
1574 4963 1654 5040 Sinti.

361 5047 385 5083 ⁸⁸
400 5051 553 5100 ancaram
570 5063 593 5101 a.
