4300 6059
483 673 555 744 322
593 702 693 737 LEONIS
706 703 736 740 X.
747 703 854 737 CONTRA
869 702 1019 736 LV'UOERVH
1034 703 1123 736 HVLLA
1136 703 1198 736 ΜΤ.
1214 697 1415 736 lb.1YN·A.l·‘›20.
1430 702 1455 735 C·
1468 701 1591 735 murrum
1607 700 1699 735 wilti.

481 862 604 930 occulte,
625 859 725 933 aaronis
744 860 867 930 atioesita
884 859 1001 930 inperito
1020 861 1065 916 net
1085 860 1196 924 colore,
1219 860 1306 918 territe
1321 840 1365 917 ael
1382 875 1522 932 expresse
1546 856 1667 929 ‘satem
1681 872 1771 930 prce-

481 969 607 1023 sumaat.
648 958 779 1034 Insuper
800 961 871 1033 auin
892 975 1011 1019 errares
1028 958 1172 1035 praefati,
1195 966 1223 1017 et
1239 963 1345 1035 plures
1366 963 1421 1019 alii
1435 961 1621 1019 continentur
1635 961 1666 1018 iu
1682 959 1770 1018 libel-

481 1065 517 1122 lis
538 1080 590 1121 seu
609 1062 727 1136 scriptis
750 1057 924 1121 dcuiusdam
947 1061 1075 1119 Martini
1096 1060 1222 1130 tritior,
1252 1063 1345 1122 dictos
1369 1063 1494 1138 libellos,
1522 1069 1550 1120 et
1577 1065 1675 1119 omnia
1698 1061 1773 1121 ducti

481 1165 609 1224 illortini
630 1166 759 1240 scripta,
782 1181 833 1222 seu
851 1164 1098 1238 praedicationes,
1122 1167 1152 1222 iu
1169 1166 1280 1233 latirur,¹
1302 1167 1346 1224 rel
1363 1180 1535 1238 numenque
1550 1165 1610 1227 alio
1630 1163 1771 1230 idiomate

480 1268 686 1341 reperiuntur,
710 1268 741 1324 ia
763 1266 866 1339 auibus
888 1267 961 1350 dicti
978 1283 1110 1339 errares,
1131 1284 1183 1326 sen
1204 1284 1304 1326 eorum
1323 1268 1431 1339 aliquis
1451 1267 1652 1336 emetirentur,
1680 1267 1791 1324 simi-⁵

480 1371 548 1427 liter
565 1368 757 1438 damnamus,
776 1367 986 1444 reprobamus,
1005 1376 1094 1442 atque
1111 1371 1227 1444 omnino
1242 1369 1404 1438 reiirimus,
1426 1376 1455 1426 et
1471 1383 1530 1441 pro
1543 1370 1662 1426 omniuo
1676 1367 1768 1427 dam-

481 1473 574 1541 natis,
596 1471 777 1544 reprobatis,
806 1487 844 1529 ac
869 1472 986 1530 reiectis
1009 1466 1055 1548 (ut
1075 1470 1260 1545 prefertur)
1283 1471 1389 1529 baberi
1408 1473 1551 1540 uiolamus,
1572 1469 1771 1528 ‘Mundaates

481 1576 512 1632 ia
535 1576 639 1632 turture
659 1579 772 1632 sauctae
794 1571 980 1641 obedientiae,
1005 1580 1035 1632 et
1058 1573 1112 1632 sub
1137 1577 1232 1647 partis
1253 1574 1413 1649 praedictis,
1430 1589 1464 1631 eo
1486 1574 1550 1647 ipso
1570 1571 1769 1642 incurrendis,

480 1675 611 1735 omnibus
632 1685 660 1733 et
680 1677 805 1748 m'rtpulis
827 1677 978 1748 utriusque
999 1692 1091 1734 serus
1113 1675 1353 1755 Cbristr'fidelibus
1374 1676 1510 1749 superius
1532 1675 1708 1732 nominatis:
1732 1688 1770 1731 ne

481 1777 648 1837 huiusmodi
668 1778 795 1851 scripte,
819 1777 943 1851 libellos,
961 1778 1206 1851 praedicationes,
1233 1794 1285 1836 seo
1306 1777 1479 1847 schedulas,
1507 1779 1554 1835 ael
1572 1778 1604 1835 iu
1626 1777 1669 1834 eis
1691 1789 1767 1833 caa-
1780 1784 1804 1824 ¹⁰

481 1890 561 1939 tenta
584 1881 733 1954 capitulo,
761 1893 893 1950 errares,
921 1885 975 1937 ma
999 1882 1142 1938 articulos
1170 1880 1358 1953 supradictos
1390 1886 1419 1937 et
1444 1880 1623 1937 coutinentia
1643 1879 1769 1950 'leaere

403 2043 409 2056 ,
482 1998 631 2054 asserere,
651 1981 839 2056 praedicare,
859 1980 1001 2052 laudare,
1030 1983 1213 2056 imprimere,
1234 1982 1390 2055 publicare
1412 1983 1472 2041 sine
1493 1978 1674 2052 defendere,
1696 1973 1771 2053 ”per

480 2102 527 2160 se,
550 2087 595 2143 vel
615 2085 722 2156 aliani,
743 2098 794 2140 seu
816 2084 904 2153 aluos,
927 2084 1038 2142 directe
1059 2086 1104 2142 nel
1125 2083 1282 2155 indirecte,
1307 2085 1394 2142 tacite
1416 2085 1461 2142 nel
1474 2099 1629 2156 expresse,
1649 2081 1771 2155 publice

480 2188 525 2245 nel
545 2189 671 2257 occulte,
691 2191 744 2242 aut
763 2185 808 2241 ‘in
829 2184 963 2243 domibus
981 2188 1056 2256 suis,
1079 2188 1139 2243 siue
1161 2188 1242 2257 ediis,
1263 2185 1390 2258 publicis
1413 2187 1457 2242 oel
1476 2186 1605 2258 privatis
1626 2185 1699 2242 locis
1722 2191 1770 2245 te-

480 2304 551 2346 nere
571 2302 685 2360 quoquo
707 2286 793 2344 ruodo
809 2295 1014 2360 praesamant:
1040 2289 1170 2360 quiriima
1191 2288 1245 2344 illa
1272 2288 1369 2344 statim
1392 2293 1459 2360 post
1489 2287 1597 2344 barum
1626 2285 1804 2359 publica-¹⁵

480 2392 585 2447 tionem
612 2387 776 2461 aebicuuque
799 2387 932 2460 suerint,
954 2405 1014 2462 per
1041 2389 1225 2456 ordinarios,
1252 2394 1281 2446 et
1306 2390 1381 2447 alios
1401 2387 1590 2463 supradictas
1611 2388 1772 2464 ddipeuter

479 2492 607 2563 quesita
623 2491 752 2565 publice,
774 2495 803 2560 et
818 2490 976 2548 soleriaiter
998 2491 1028 2548 in
1048 2493 1212 2565 praeseutia
1232 2492 1316 2561 cleri,
1334 2495 1363 2548 et
1378 2491 1493 2565 populi,
1515 2490 1569 2548 sub
1590 2489 1725 2549 omuibus
1741 2497 1773 2548 et

479 2593 605 2664 sinpulis
631 2591 811 2665 supradictis
834 2593 931 2667 pernis
951 2588 1151 2651 “comburant
1197 2591 1281 2663 Quod
1306 2608 1373 2650 nero
1400 2592 1443 2649 ad
1475 2593 1570 2665 ipsum
1604 2591 1781 2651 Martinam.

480 2696 595 2766 attinet,
622 2693 711 2750 ebone
732 2693 819 2766 deus,
843 2694 917 2766 aoid
933 2696 1191 2767 praetermisimus,
1212 2694 1285 2768 auid
1305 2711 1361 2752 raon
1375 2693 1517 2764 serimus,
1540 2693 1614 2766 quid
1628 2702 1771 2767 pateruae

479 2796 634 2854 cbarilotis
655 2797 819 2866 arrisimus,
850 2802 882 2854 ut
901 2812 967 2854 eum
988 2795 1026 2853 ab
1047 2795 1216 2855 huiusmodi
1241 2796 1393 2856 erroribus
1419 2791 1647 2854 revocaremus?
1680 2795 1803 2854 Post-²⁰

456 2892 565 2970 'quam
587 2898 665 2955 enim
684 2899 778 2972 ipsum
799 2899 967 2968 citavimus,
986 2892 1098 2957 ‘mitius
1119 2914 1186 2957 eum
1207 2914 1240 2957 eo
1256 2898 1422 2973 procedere
1444 2898 1582 2965 uolentes,
1610 2899 1695 2955 illum
1718 2897 1770 2954 irr-

478 2999 648 3068 uitarimns,
676 3005 764 3073 alasse
792 3005 852 3056 tam
877 3016 935 3072 per
963 2998 1093 3078 diuersos
1115 3006 1259 3059 tractatus
1282 3005 1364 3059 ‘eum
1385 2999 1497 3072 deputa
1523 2997 1768 3069 austronotius,

479 3117 568 3174 quam
587 3117 645 3175 per
667 3103 770 3160 literas
791 3108 908 3160 nostras
928 3100 1040 3158 bartoli
1061 3101 1193 3180 fuimus,
1222 3109 1254 3163 ul
1277 3120 1296 3160 a
1316 3101 1472 3176 predictis
1493 3099 1645 3159 erroribus
1667 3100 1768 3159 duee-

479 3202 577 3273 derct‚
601 3212 653 3261 aut
674 3203 803 3274 adrias,
826 3199 939 3262 hoblato
961 3205 1049 3262 etiam
1070 3207 1151 3265 salua
1171 3204 1332 3275 conducta,
1354 3200 1396 3262 iet
1413 3203 1542 3278 pecunia
1564 3201 1608 3259 ad
1635 3203 1691 3260 iter
1713 3218 1768 3261 ne-

478 3300 637 3372 cessaria&
670 3306 733 3364 sine
753 3312 844 3378 metu,
872 3306 935 3365 sine
961 3306 1063 3364 timore
1090 3308 1205 3382 aliano,
1233 3322 1318 3380 quem
1340 3303 1488 3380 ¹perfecta
1518 3304 1653 3364 ebaritas
1677 3304 1802 3376 forant

479 3505 586 3567 iudieat.
608 3505 745 3570 Ecclesia,
815 3507 927 3567 ‘Etiam
948 3508 978 3567 iu
1002 3507 1116 3568 favores
1138 3514 1254 3569 nostros
1276 3510 1321 3568 ius
1342 3507 1431 3568 habet
1452 3506 1499 3567 itte
1521 3524 1673 3567 serrorum
1699 3507 1768 3568 Se‘r·

480 3627 541 3667 sus.
607 3605 749 3668 “attente
774 3609 948 3686 emphasim!
1024 3609 1106 3669 ‘Nan
1130 3608 1259 3670 obtines:
1289 3613 1327 3671 ita
1350 3611 1428 3670 enim
1451 3608 1538 3669 altius
1560 3609 1675 3669 radices
1698 3628 1767 3689 ege·

415 3729 417 3735 ·
479 3716 562 3779 runt,
598 3726 685 3791 quam
719 3717 750 3770 ut
783 3710 866 3771 aselli
897 3710 950 3770 abs
983 3719 1011 3771 te
1046 3714 1215 3772 sustineant.
1301 3710 1442 3773 'attende
1470 3712 1582 3789 copiam
1610 3713 1766 3771 sermonis.

478 3809 589 3880 ''Quam
613 3811 712 3891 diserti
735 3819 803 3871 suut
825 3811 948 3872 Rotnani
970 3812 1117 3890 cupitae,
1147 3813 1293 3875 bullarum
1323 3812 1507 3874 conflatores
1571 3811 1668 3872 ‘Nihil
1691 3831 1766 3892 prae·

479 3915 555 3972 terit.
600 3915 694 3991 Atque
716 3912 789 3974 adea
813 3913 863 3974 ubi
886 3921 928 3974 est
953 3932 1008 3974 uua
1032 3915 1137 3975 rimula
1160 3915 1291 3976 nondum
1320 3915 1454 3993 expleta?
1483 3915 1545 3975 Hoc
1573 3915 1692 3976 tandem
1723 3923 1800 3976 estu

480 4023 626 4075 oratorem
657 4034 720 4074 esse
754 4022 782 4074 et
814 4014 924 4077 litteras
953 4016 1054 4077 Latine
1087 4015 1166 4096 loqui
1200 4019 1284 4078 seire.
1364 4015 1534 4078 ‘'Vixeruut.
1578 4019 1684 4078 Actum
1713 4025 1766 4079 est

479 4115 567 4176 strue
590 4116 852 4206 mansuetudinem.
890 4116 991 4195 Itaque
1013 4118 1153 4194 agninum
1175 4117 1255 4179 illum
1279 4118 1409 4180 tralatum
1432 4118 1563 4189 stmulat,
1587 4120 1637 4198 qui
1659 4122 1703 4181 sic
1725 4120 1767 4181 ie·

478 4219 586 4278 rariter
608 4216 742 4296 rugiebat
763 4219 866 4288 modo,
891 4227 922 4280 ut
943 4221 1053 4279 tonitru
1077 4222 1155 4279 sacis
1171 4239 1231 4280 sum
1246 4239 1348 4281 omnes
1364 4219 1560 4281 conterrebat.
1626 4218 1685 4281 ‘m
1703 4224 1767 4283 ‘mi-

479 4320 548 4378 tius!
573 4318 660 4388 Quasi
683 4319 787 4396 aliquis
810 4321 940 4396 ignoret,
964 4339 1022 4399 quo
1045 4338 1239 4397 processurus
1262 4322 1362 4383 tueris.
1427 4322 1536 4382 ‘Etiam
1553 4323 1683 4400 posthae,
1709 4325 1766 4385 Lu·

478 4418 577 4488 there,
608 4439 645 4481 ne
674 4420 778 4481 credas
807 4424 864 4491 eis,
894 4441 961 4482 cum
991 4421 1080 4482 locuti
1103 4423 1211 4483 luerint
1239 4422 1289 4483 tibi
1312 4422 1399 4484 bona.
1445 4422 1590 4484 liabitatio
1613 4427 1692 4486 euim
1715 4437 1799 4486 etr-³⁵

478 4541 544 4582 rum
567 4525 596 4583 iu
619 4522 716 4583 medio
740 4522 812 4593 alisii,
842 4532 869 4583 et
893 4523 1052 4602 loquuntur
1075 4523 1195 4602 quidem
1218 4543 1285 4584 sum
1309 4527 1442 4603 proximo
1465 4544 1518 4586 suo
1541 4543 1660 4604 paceni,
1689 4526 1765 4588 mala

478 4632 574 4684 autem
597 4627 626 4684 in
650 4622 915 4684 eordibusaarum.
980 4622 1297 4704 hFateturperieulum
1314 4629 1567 4693 esseinaeoessu.
1625 4625 1764 4689 ‘Scimus

479 4723 597 4812 amabas
626 4724 750 4784 bominis
773 4726 963 4802 sauguinem,
992 4734 1024 4786 ut
1051 4745 1106 4806 pro
1129 4726 1212 4790 libitu
1233 4735 1285 4789 tuo
1307 4728 1482 4790 effunderes.
1549 4723 1623 4789 ¹'‘Tu
1646 4731 1764 4810 (pridem

480 4825 549 4885 nihil
571 4805 738 4894 metuebas,
762 4827 817 4887 nisi
839 4825 895 4886 hoc
917 4827 996 4906 quod
1019 4829 1127 4899 evenit,
1151 4847 1208 4889 non
1224 4848 1412 4892 accusarum
1427 4849 1504 4892 eum.
1569 4829 1673 4904 'Nota,
1696 4850 1765 4912 per·

545 5010 555 5041 ⁸
575 5009 689 5076 cuiusd]
704 5010 1015 5077 ct.v01.1.p.3b5.v.3t.
1062 5012 1084 5046 ⁸⁵
1102 5017 1198 5066 lerum.
1213 5015 1411 5068 L11.3·2.1x·.o.
1464 5017 1485 5048 ³⁸
1503 5017 1604 5068 Psalm.
1617 5017 1762 5070 xxvmt.
