4300 6059
518 676 590 748 362
611 708 714 743 ouante
728 669 895 743 consultet!
908 709 1010 744 EVBVLI
1024 708 1180 744 uovuurtttt
1195 709 1230 743 DE
1244 707 1364 744 VIRTVTE
1377 708 1499 744 cbavtvu
1514 709 1547 743 ΕΤ
1561 709 1651 745 BVlM
1664 708 1767 745 bitom
1777 710 1804 745 Χ.

518 871 589 926 servi
611 869 767 933 hominum,
797 870 843 942 qui
865 886 917 925 nos
939 887 953 925 a
976 868 1075 923 Christi
1099 869 1230 924 servitute
1253 867 1368 924 avellere
1389 878 1536 926 conantur:
1559 868 1621 945 plus
1649 871 1700 927 cleo
1723 889 1804 945 qnam

448 954 671 1014 §.omonimum
693 953 829 1010 dehemus.
865 953 986 1027 Exurge,
1009 954 1131 1015 domine,
1155 953 1240 1010 iudica
1263 970 1371 1011 eausam
1395 961 1482 1010 tuam:
1504 963 1631 1029 pastores
1654 957 1693 1012 tni
1715 974 1804 1014 reces-

516 1048 713 1102 ceromate,
744 1056 807 1095 oves
835 1047 1018 1113 pascuatam
1041 1033 1165 1113 captivas'
1182 1039 1293 1096 ducunt.
1338 1056 1447 1095 oremus
1476 1040 1561 1113 igitur
1583 1057 1678 1097 omnes
1700 1042 1733 1096 acl
1754 1043 1804 1098 do·

515 1126 617 1181 minum
638 1124 716 1181 (leiim
739 1134 877 1186 nostrum,
906 1125 952 1197 qui
976 1141 1029 1180 uon
1052 1123 1164 1198 reliquit
1185 1133 1327 1198 sperantes
1348 1126 1374 1180 in
1399 1142 1441 1186 se.
1464 1133 1495 1180 ut
1508 1124 1563 1181 heo
1580 1125 1625 1182 ille
1641 1127 1752 1199 rugiens
1775 1128 1802 1183 in

515 1227 613 1285 agnum
636 1218 810 1267 convertetur
832 1209 1092 1272 mansuetissimum,
1121 1208 1255 1265 leoninam
1277 1218 1358 1266 exarat
1378 1209 1476 1284 pellem
1498 1218 1527 1266 et
1548 1213 1680 1273 animum,
1710 1212 1828 1270 inducta

514 1312 612 1352 norum
635 1295 784 1357 hominem,
808 1312 868 1350 sese
891 1302 1080 1368 recognoscat.
1117 1294 1209 1352 audiat
1230 1304 1396 1352 servatorem
1418 1303 1542 1352 nostrum
1566 1296 1697 1369 ‘Regnum
1712 1314 1803 1354 meum

515 1389 589 1455 ‘non’
601 1389 644 1436 est
665 1380 698 1438 ile
721 1381 772 1437 hcc
788 1380 911 1442 mundo:
933 1379 979 1435 det
994 1379 1091 1438 Caesari
1107 1379 1179 1453 qnotl
1196 1380 1308 1438 Caesaris
1323 1388 1378 1442 est,
1407 1380 1458 1436 cleo
1475 1381 1548 1453 quod
1563 1381 1605 1437 dei
1621 1390 1677 1445 est:
1700 1383 1802 1439 animas

514 1473 616 1540 pascat,
642 1483 705 1522 oves
720 1474 843 1522 errantes
858 1465 977 1527 reducat,
1000 1473 1153 1521 revertatur
1167 1465 1200 1521 ad
1215 1465 1351 1521 dominum
1373 1465 1452 1521 deum
1468 1482 1555 1529 suurn,
1577 1475 1608 1522 ut
1623 1483 1654 1522 er
1671 1466 1801 1540 operibns

513 1551 571 1607 snis
593 1549 777 1624 glorificemus
798 1559 902 1625 patrem
925 1550 972 1624 qni
995 1549 1021 1605 in
1044 1548 1120 1605 caelis
1143 1557 1198 1611 est,
1223 1550 1268 1623 qni
1291 1566 1345 1605 non
1368 1549 1426 1606 vult
1440 1558 1555 1606 mortem
1571 1552 1729 1624 peccatoris.
1753 1553 1800 1607 sed

514 1645 544 1692 ut
565 1644 741 1692 conmrtatnr
761 1643 789 1692 et
810 1638 893 1700 vivat;
915 1636 961 1691 det
982 1636 1006 1691 ei
1029 1634 1139 1691 anulum
1154 1634 1229 1697 tidei,
1253 1631 1438 1691 indumentum
1454 1636 1587 1709 nuptiale,
1609 1639 1834 1710 prapamtqnero

436 1756 438 1761 ·
513 1721 597 1796 perles
619 1721 651 1776 ad
674 1716 909 1795 evangelizandum
932 1730 1032 1778 aeterna
1055 1720 1125 1776 hona
1147 1729 1175 1776 et
1196 1736 1304 1794 pacem:
1326 1721 1446 1777 medicus
1462 1729 1562 1795 presto
1577 1729 1634 1784 est,
1657 1738 1708 1777 nee
1721 1721 1801 1778 deest

517 1806 606 1863 resina
628 1808 655 1863 in
677 1806 791 1864 Galaad:
820 1824 930 1864 errores
956 1823 1022 1862 suos
1052 1806 1266 1879 tirannidemque
1294 1805 1379 1862 sacris
1400 1804 1500 1862 litteris
1522 1806 1591 1862 male
1612 1807 1801 1881 interpretatis

516 1893 682 1948 communire
697 1901 800 1956 cessct;
823 1895 962 1971 veritatem
979 1891 1083 1953 andiat;
1106 1891 1210 1952 doctos,
1235 1890 1378 1952 honestos,
1402 1907 1463 1947 vere
1477 1891 1644 1949 Christianos
1659 1890 1800 1955 ambabus,

444 1992 502 2042 §.ra
516 1984 546 2033 nt
568 1979 657 2040 aiunt,
681 1976 804 2034 manibus
826 1977 1012 2053 amplectetur.
1050 1974 1128 2042 Quod
1150 1977 1173 2031 si
1195 1975 1304 2037 lecerit,
1328 1977 1450 2031 insontes
1472 1976 1659 2032 condemnabit
1682 1977 1800 2037 mininie,

511 2078 562 2118 nec
583 2070 713 2118 nocentes
734 2061 868 2119 liberabit.
906 2062 928 2117 si
950 2069 1014 2118 vero
1036 2061 1125 2116 faeere
1141 2061 1318 2122 recusaverit,
1341 2077 1510 2135 nequaqnam
1526 2061 1666 2123 audiatur,
1688 2062 1736 2118 sed
1751 2077 1836 2136 pota

513 2147 568 2203 tius
590 2146 750 2220 proiiciatur
772 2165 786 2203 a
808 2147 926 2204 fidelium
948 2146 1105 2208 consortio.
1134 2146 1221 2201 donec
1242 2147 1403 2219 resipuerit,
1431 2154 1459 2201 et
1480 2146 1604 2202 tradetur
1625 2145 1751 2203 Sathanae
1773 2147 1801 2202 in

513 2232 652 2288 interitum
675 2232 778 2295 carnis,
802 2240 832 2288 ut
854 2232 968 2306 spiritus
991 2230 1081 2288 salvus
1102 2230 1161 2293 liet,
1184 2239 1331 2305 vestroque
1352 2229 1465 2292 anxilio,
1489 2247 1506 2287 ο
1528 2248 1576 2287 ves
1598 2232 1744 2305 principes,
1767 2231 1803 2287 ab

513 2317 556 2372 his
585 2317 735 2373 liberemur
762 2316 853 2378 malis,
889 2325 919 2373 ut
946 2316 997 2373 deo
1026 2315 1206 2389 omnipotenti
1236 2317 1263 2373 in
1291 2316 1423 2374 charitate
1449 2317 1509 2380 lesu
1531 2316 1646 2377 Christi,
1682 2317 1709 2372 in
1739 2333 1803 2373 vera

513 2419 578 2475 paee
602 2402 764 2465 serviamus,
792 2402 937 2476 Evangelio
960 2409 1117 2457 renascente
1146 2397 1307 2475 simulatque
1330 2401 1451 2458 doctrina
1473 2417 1553 2468 sana,
1583 2401 1672 2457 etsie
1694 2401 1803 2459 demum

514 2494 637 2560 optatum
661 2486 831 2544 obtineamus
854 2486 942 2544 finem.
986 2485 1077 2542 Gratia
1100 2486 1200 2542 domini
1222 2487 1309 2543 nostri
1332 2487 1392 2543 lesu
1407 2485 1521 2549 Christi,
1543 2487 1587 2543 cni
1609 2485 1670 2543 laus
1692 2495 1720 2543 et
1741 2487 1839 2559 glo-ro

514 2572 554 2628 ria
575 2588 626 2646 per
649 2571 752 2629 infinita
774 2573 873 2629 secula.
916 2572 1010 2629 Amen.

1118 2670 1200 2712 nrxr.

518 2800 672 2871 [Epilogum
691 2807 738 2872 qui
755 2808 880 2873 sequitur
891 2807 921 2857 in
933 2806 1089 2858 novissimis
1101 2805 1207 2856 duabus
1220 2805 1338 2872 paginis,
1358 2806 1528 2858 exhibuimus
1546 2807 1600 2858 vol.
1613 2808 1636 2859 I.
1650 2826 1676 2876 p.
1688 2809 1748 2862 444.
1761 2825 1804 2875 sq.

1040 2907 1114 2943 num.
1127 2887 1277 2957 CCXIIIL]

584 3062 592 3095 ¹
612 3063 685 3114 serni
702 3058 785 3127 hom]
803 3061 883 3114 Paul.
897 3079 940 3128 ep.
954 3062 977 3112 I.
991 3062 1026 3113 nd
1038 3061 1102 3113 Cor.
1114 3063 1175 3113 Vll.
1188 3061 1229 3114 ²3.
1299 3061 1360 3113 Act.
1375 3079 1417 3128 ap.
1432 3063 1464 3112 V.
1477 3061 1519 3113 29.
1538 3062 1678 3123 „Obedire
1695 3069 1807 3130 oportet

515 3148 761 3214 ‹leomegisqnem
773 3147 939 3199 hominibus.
987 3147 1111 3198 ⁰lonnn.
1125 3148 1226 3198 XVlll.
1240 3146 1282 3198 36.
1328 3146 1673 3201 ⁷Matth.xxl1.2t.trc.
1722 3148 1743 3182 ¹²
1761 3166 1804 3201 re·

515 3231 580 3299 sim]
602 3234 747 3284 chloreus
761 3233 1002 3284 vunentanus
1018 3232 1058 3282 ll.
1126 3232 1317 3299 interpretatis
1335 3235 1359 3283 1.
1429 3231 1450 3265 ¹⁸
1467 3232 1538 3283 trad.
1599 3231 1703 3300 salvus]
1723 3234 1807 3286 Pauli

511 3325 558 3384 ep.
571 3319 592 3367 1.
607 3317 642 3367 sd
655 3317 716 3368 Cor.
729 3318 762 3368 V.
775 3318 800 3369 b.
