4300 6059
703 1622 920 1700 VLRICHI
956 1624 1027 1699 DE
1067 1625 1285 1699 HVT'PEN

827 1761 975 1824 sovrms
997 1762 1164 1812 osnussr

663 1863 702 1924 IN
730 1863 918 1926 vtttlcttvtt
946 1862 1326 1926 WlRTENPERGENSEll

827 1980 1161 2047 mmmmmms

319 2168 333 2205 ⁵
436 2156 572 2223 Poteras,
595 2172 660 2232 uuae
676 2161 724 2213 tua
743 2161 788 2219 est
803 2151 970 2220 clementia,
991 2152 1090 2212 Caesar
1104 2152 1312 2226 Maximillam,
1334 2161 1434 2214 oratus
1451 2153 1487 2213 oli
1502 2153 1560 2213 troc
1576 2171 1638 2223 reo,
1649 2173 1692 2223 er.

347 2259 372 2317 si
393 2276 454 2317 non
473 2256 509 2317 ad
531 2257 660 2323 reniam,
681 2256 717 2316 ad
733 2256 832 2315 mitius
845 2262 926 2315 certe
942 2252 1117 2332 supplicium
1136 2255 1230 2323 llecti,
1253 2256 1307 2316 nisi
1325 2254 1372 2314 ille
1392 2274 1467 2315 truso
1487 2262 1516 2316 ot
1536 2257 1638 2323 atroci,
1670 2236 1678 2277 ⁷

347 2357 426 2438 proh
442 2358 481 2418 dii
495 2356 689 2421 immortales.
713 2355 840 2424 scelere,
863 2356 958 2417 merliu
976 2355 1033 2416 hoc
1052 2354 1175 2425 iudicio,
1198 2359 1273 2418 intra
1288 2356 1387 2435 legum
1408 2376 1442 2417 ac
1461 2359 1532 2417 iuris
1547 2364 1639 2436 septa,

348 2463 378 2521 in
401 2461 466 2539 ipso
487 2478 562 2539 pene
584 2459 693 2519 luroris
714 2476 748 2518 ac
770 2456 979 2518 malevolentias
998 2476 1060 2518 sues
1081 2475 1202 2518 carcere
1223 2459 1398 2519 ostendisset
1420 2477 1507 2538 ipram
1530 2467 1559 2520 te
1582 2477 1640 2518 non

348 2570 478 2629 uretuat,
505 2562 658 2641 quamius
680 2560 781 2638 lasspue
805 2566 986 2625 contemnat.
1016 2577 1106 2636 qtram
1133 2567 1246 2619 mutere
1270 2560 1325 2620 hos
1351 2563 1450 2622 mores
1473 2579 1531 2621 nou
1562 2564 1641 2637 cogi-

314 2672 407 2724 ¹⁰tet:
437 2665 541 2741 utqui
564 2664 595 2723 in
612 2669 744 2722 extremo
765 2680 819 2722 suo
841 2660 988 2741 periculo,
1016 2664 1046 2721 in
1073 2664 1188 2722 summo
1210 2664 1427 2723 existimationis
1449 2682 1484 2723 ao
1507 2665 1638 2725 lortuna-
1654 2683 1700 2734 §.a

349 2784 418 2826 rum
440 2782 559 2825 suarum
579 2764 748 2845 discrimino
771 2764 898 2823 ferocire
916 2764 1047 2824 nuntium
1067 2762 1189 2831 destitit,
1212 2764 1263 2822 sed
1284 2783 1351 2823 rum
1371 2785 1404 2824 ea
1421 2768 1502 2843 prius
1523 2769 1552 2826 iu
1570 2767 1642 2826 alios

349 2869 559 2933 commisisset,
582 2883 709 2945 quorum
728 2883 745 2924 a
764 2864 844 2926 nullo
860 2864 955 2926 iudico
978 2867 1090 2926 reniam
1119 2867 1277 2943 impetrare
1301 2865 1420 2933 debuit,
1454 2869 1524 2928 tium
1542 2872 1641 2929 neseio

350 2988 410 3048 que
433 2967 553 3029 consilio
578 2967 635 3027 hoc
655 2965 793 3027 iudicium
816 2967 965 3033 dillertur,
989 2984 1078 3027 ausus
1093 2975 1137 3026 est
1153 2967 1182 3025 in
1197 2973 1263 3027 tuas
1284 2970 1536 3046 propinquitates,
1558 2978 1641 3031 tunm

350 3073 523 3150 sauguinem
544 3067 730 3130 truculentiae
751 3077 812 3129 sum
833 3068 889 3129 tela
917 3067 1047 3129 iaculari.
1091 3068 1234 3129 Omnibus
1256 3071 1333 3142 euim
1349 3072 1456 3148 passim
1476 3074 1641 3133 existiman·

316 3186 341 3225 ts
352 3172 431 3234 tibus
464 3179 637 3233 conaturum
673 3172 775 3239 istum,
809 3176 842 3230 ut
868 3169 975 3230 tielicto
1008 3172 1122 3230 veniam
1150 3178 1396 3249 consequeretur,
1429 3172 1517 3249 louge
1539 3182 1641 3235 contra

351 3275 462 3340 evenit,
486 3275 590 3333 utiam
607 3271 727 3351 planum
749 3273 800 3337 sit,
824 3273 937 3333 reniam
954 3291 1020 3351 quer
1042 3274 1152 3350 petenti
1174 3291 1292 3350 quoque
1313 3274 1436 3334 cotrcotli
1456 3277 1574 3336 minime
1593 3278 1642 3355 tle·

351 3376 430 3444 buit,
453 3393 491 3436 ne
512 3376 572 3455 peti
593 3374 726 3453 quidem,
755 3374 942 3434 etelieoturn
964 3382 997 3433 ut
1024 3373 1249 3434 emendaturum
1275 3376 1362 3435 istum
1391 3377 1554 3438 institutum
1579 3381 1643 3438 vitre

350 3494 446 3555 genus
466 3494 587 3556 sperare
613 3494 700 3537 nemo
728 3477 828 3554 possit.
872 3474 956 3544 Quod
984 3477 1062 3535 enim
1092 3473 1222 3535 melioris
1246 3477 1384 3536 indicium
1412 3478 1567 3539 voluntatis
1591 3488 1695 3554 autes

352 3580 431 3658 qrrod
453 3580 597 3639 immutati
618 3562 706 3641 alumi
727 3580 843 3654 signum
865 3576 985 3655 pratus
1006 3578 1056 3656 qui
1080 3576 1137 3636 hoc
1161 3595 1216 3637 suo
1246 3586 1305 3638 tam
1334 3582 1426 3640 atroci
1455 3583 1568 3659 rigente
1591 3602 1641 3661 pe·

316 3681 470 3747 sorirulo„
490 3687 520 3740 te
541 3682 713 3759 gravissime
735 3679 772 3740 ed
801 3681 949 3757 principes
976 3697 1011 3739 ac
1037 3678 1179 3758 populum
1207 3679 1372 3741 Gentianus
1398 3682 1435 3743 tle
1461 3684 1524 3744 eius
1549 3687 1643 3762 capite

351 3784 517 3851 referente,
541 3783 628 3843 uxori
649 3798 724 3850 sure,
754 3780 999 3857 nobilissimam
1027 3780 1223 3859 pudicissimos
1246 3780 1386 3851 tonitam,
1417 3792 1488 3854 tuto,
1519 3788 1644 3846 invictis-

352 3887 426 3951 sime
446 3884 558 3953 Caesar,
587 3885 683 3963 nepti,
712 3892 828 3951 rostrae,
858 3882 1044 3943 illustrissimi
1071 3883 1191 3949 Barari.
1226 3887 1337 3951 sorori,
1373 3905 1430 3946 mm
1453 3887 1645 3949 contumelias

353 3989 411 4048 iam
430 3994 481 4047 aut
502 3989 556 4047 ista
578 3993 687 4065 praeter
709 3985 796 4047 fidem
816 3985 946 4045 omnium
969 3985 1134 4054 horrenda,
1161 3992 1189 4045 et
1216 3986 1295 4047 ‹liotu
1326 4006 1442 4066 quoquo
1463 3993 1644 4069 pertimesci·

353 4088 435 4153 bilia.
459 4107 525 4167 opusc
549 4087 701 4149 decennali
723 4087 937 4149 consuetudine
959 4086 1079 4165 portulit
1100 4088 1179 4155 lraec,
1199 4087 1251 4147 sed
1274 4106 1377 4148 necem
1402 4091 1565 4161 intentavit:
1589 4113 1644 4154 nec

322 4193 394 4251 nite
417 4210 535 4260 necem,
556 4196 588 4251 ut
607 4192 851 4252 innocentissimas
871 4188 1001 4251 mulieris
1021 4197 1117 4250 ruorte
1140 4185 1295 4249 contentus
1317 4199 1409 4259 esset,
1436 4195 1490 4254 soll
1513 4199 1644 4275 turpissi-

921 4342 1072 4352 ψ-

683 4376 727 4427 Cf.
746 4393 800 4442 qua
818 4377 854 4428 sd
872 4382 941 4427 oret.
954 4378 976 4427 Ι.
995 4394 1021 4442 p.
1040 4376 1065 4425 3.
1090 4375 1224 4425 adnotate
1242 4382 1315 4426 stent.

1132 4442 1443 4458 -ῄῂᾕ

423 4530 430 4563 ¹
450 4530 590 4580 Huttenus
607 4530 680 4582 benc
698 4531 851 4581 orationem
869 4530 948 4595 qussi
968 4545 1002 4580 ee
1021 4530 1049 4578 iu
1067 4510 1171 4578 indicio
1189 4529 1342 4596 principum
1355 4535 1521 4598 presidente
1534 4536 1646 4587 (ln-sare

355 4617 379 4666 d.
393 4613 435 4665 ⁶20.
450 4614 605 4680 Septembri
625 4630 652 4665 e.
668 4610 741 4667 1516.
759 4617 891 4679 Augustus
914 4613 1121 4664 vindelicorum
1145 4614 1306 4677 bellaretur,
1331 4619 1462 4671 Bououim
1486 4623 1599 4672 ineunte
1619 4640 1644 4672 u.

359 4701 429 4752 1517.
450 4705 480 4750 ut
498 4699 607 4750 ridetur
625 4701 777 4766 conposuit.
809 4700 852 4749 cf.
867 4699 987 4749 Ooelrlui
1002 4715 1044 4763 ep.
1059 4700 1085 4748 d.
1098 4700 1140 4748 25.
1153 4700 1234 4752 Mart.
1247 4718 1272 4750 a.
1288 4701 1361 4753 1517.
1375 4705 1482 4768 (istem,
1496 4723 1578 4772 supra
1591 4709 1644 4758 vol.

356 4788 377 4837 Ι.
389 4803 416 4852 p.
432 4784 489 4836 132.
505 4785 666 4848 exhibitam,
680 4787 698 4838 i.
713 4783 1086 4836 s.et1‘iroktreimeriverba
1099 4784 1133 4833 nd
1151 4790 1221 4835 orat.
1235 4787 1256 4836 Ι.
1271 4787 1370 4842 reluta.
1424 4789 1445 4823 ¹⁰
1463 4828 1470 4853 ,
1485 4794 1569 4856 quir.
1589 4794 1647 4843 .Ul

357 4872 401 4938 qui
412 4877 443 4921 Η,
498 4867 848 4922 ttdegtiserit1,00rr,11,
901 4866 922 4900 ¹⁴
941 4869 1076 4918 eiaculari
1094 4876 1206 4920 eor-1211.
1260 4871 1280 4904 ¹⁵
1299 4882 1483 4940 consequntur
1497 4881 1520 4929 1.
1534 4895 1602 4929 corr.
1617 4886 1646 4931 11.

357 4955 376 4989 ¹⁸
394 4958 454 5008 ,Ut
469 4960 501 5007 ιι,
553 4953 608 4988 ¹¹⁴²
627 4955 808 5007 invictissime
827 4961 852 5004 et
870 4953 1047 5004 illustrissimi
1065 4955 1145 5011 deleo,
1159 4959 1189 5006 il.
1242 4954 1264 4987 ²⁸
1282 4955 1341 5008 haec
1361 4961 1440 5011 deleo.
1453 4969 1483 5011 11.
