4300 6059
380 1042 440 1093 §.lb

446 679 521 750 278
579 709 716 744 mettum
730 708 904 743 B'ssl'lwlildl
918 709 952 743 nt
966 708 1113 743 ΘΟΙΠΙΙΠὟ
1127 709 1300 743 AVOVSTEW
1314 709 1487 744 mensurno.
1502 707 1526 743 Δ.
1542 700 1598 744 1518.

446 868 512 925 mibi
536 866 777 923 reverendissimus
801 866 950 940 Episcopus
971 866 1123 926 Pleeensis.
1147 867 1216 941 apud
1240 867 1370 924 Caesarem
1392 866 1512 926 Poloaire
1542 868 1615 943 regis
1644 876 1736 924 ordo·
1775 895 1779 920 ι

448 970 505 1010 rem
528 969 624 1025 agens.
655 951 790 1011 recitavit.
821 951 860 1005 rir
888 951 1064 1024 gravissimus
1093 959 1119 1006 et
1148 950 1286 1013 literatus,
1317 961 1344 1007 et
1371 953 1427 1013 eui,
1457 953 1515 1008 sine
1542 952 1736 1012 conuenersia.

449 1038 515 1094 tides
537 1035 683 1092 adhibenda
706 1044 757 1092 est.
800 1035 865 1103 Quae
889 1035 996 1110 quidem
1024 1037 1112 1092 omnia
1141 1036 1256 1092 eum'in
1284 1036 1402 1092 comitiis
1428 1037 1580 1112 principum
1608 1037 1736 1096 ιιιιιιιὶιῑυ

448 1123 561 1180 Gaesarlb
584 1122 778 1183 recitarentur,
801 1119 884 1194 aliqui
907 1121 948 1176 vix
971 1122 1055 1177 risum
1078 1121 1208 1177 moderati
1232 1130 1312 1184 sunt,
1340 1137 1401 1178 cum
1429 1121 1511 1196 longe
1532 1122 1613 1180 aliter
1634 1122 1736 1198 laetum

449 1225 529 1282 quam
551 1207 639 1261 nostri
662 1206 835 1263 commentati
857 1206 979 1269 lucrant,
1003 1207 1049 1280 qui
1072 1224 1129 1262 rem
1152 1207 1219 1263 adeo
1242 1223 1349 1279 gravem
1372 1225 1403 1262 ae
1417 1207 1597 1281 periculosum
1614 1207 1757 1267 mnata

449 1292 482 1348 ab
505 1290 597 1352 initio.
620 1299 651 1346 ut
674 1308 767 1347 omnes
790 1290 876 1366 palam
899 1291 1033 1354 dicerent.
1064 1292 1206 1348 Pannonas
1229 1292 1349 1365 Regnum
1377 1300 1405 1348 et
1427 1309 1477 1349 uos
1499 1292 1667 1351 Germaniam
1690 1293 1739 1348 tri·

449 1378 503 1434 duo
531 1376 688 1432 amissuros.
733 1375 801 1444 Quid
831 1377 852 1430 si
882 1377 1047 1443 Thurcarum
1076 1377 1268 1450 Imperatorem
1297 1378 1441 1450 quaesitum
1469 1378 1517 1434 diu
1549 1387 1577 1437 et
1604 1394 1738 1453 nusquam

452 1462 582 1519 hactenus
604 1470 742 1534 repertum
764 1461 890 1523 dixerim.
914 1478 956 1517 me
978 1479 1012 1517 ue
1033 1461 1107 1518 diras
1129 1469 1274 1537 prepterea
1298 1462 1468 1519 incursurum
1492 1463 1653 1521 credendum
1676 1462 1739 1519 est?

382 1555 440 1606 §.m
453 1539 646 1628 fflffldbliffl
668 1544 676 1611 Ι
698 1547 773 1620 atqui
796 1546 889 1602 literas
911 1547 977 1609 vidi,
1000 1547 1064 1607 vidi.
1089 1547 1211 1620 inquam,
1234 1546 1340 1609 literae.
1364 1565 1425 1622 qum
1447 1564 1479 1602 ex
1500 1547 1630 1606 llahueia
1652 1563 1741 1622 nuper

387 2072 406 2123 §.
414 2073 447 2116 id.

388 2993 447 3045 §.Sil

390 4444 451 4495 §.82

451 1631 539 1689 allatae
561 1641 641 1694 suut,
670 1631 768 1704 quibus
790 1630 1008 1704 significabatur,
1036 1649 1090 1687 non
1120 1632 1200 1687 modo
1229 1632 1364 1689 'lhureum
1390 1632 1655 1708 Constantinopolim
1683 1645 1776 1688 ιιιιιιιι

452 1716 578 1777 rediisse,
601 1715 752 1772 sedetiam
775 1724 866 1772 utrum
887 1716 962 1772 virus
984 1719 1021 1772 sit
1043 1735 1076 1774 an
1099 1724 1237 1779 mortuus,
1260 1734 1275 1773 a
1298 1717 1436 1792 plerisque
1457 1718 1584 1775 dubitari.
1630 1717 1687 1792 Ego
1710 1716 1738 1773 in

454 1809 528 1858 tanta
549 1818 640 1857 rerum
664 1800 703 1856 vel
726 1803 818 1875 potius
841 1803 1040 1859 mendaciorum
1064 1803 1193 1858 varietate
1221 1819 1269 1859 nec
1294 1803 1410 1877 probare
1440 1821 1489 1860 uec
1518 1803 1642 1860 refellere
1665 1801 1741 1876 quic·

455 1903 533 1961 quam
557 1886 656 1943 audeo:
684 1886 780 1942 abeant
803 1886 916 1943 Tlrurcae
945 1888 971 1942 iu
995 1886 1139 1960 pessimam
1168 1889 1290 1942 erucem!
1321 1889 1343 1942 si
1371 1889 1536 1945 Pannoniam
1563 1887 1604 1946 vel
1633 1887 1741 1944 Germa-

455 1965 559 2045 ssgg'ffi
581 1975 588 2044 1
612 1972 681 2026 niam
703 1971 859 2044 attigerint,
883 1989 977 2046 spero.
1008 1972 1059 2026 nisi
1084 1970 1163 2027 nobis
1185 1972 1280 2028 deesse
1302 1973 1439 2034 volumus,
1472 1990 1526 2029 non
1550 1972 1741 2048 AEgpptiorum

457 2056 616 2116 molliciem.
640 2055 685 2110 sed
708 2055 781 2111 viros
804 2064 832 2111 et
852 2057 964 2112 duratos
987 2057 1051 2129 gelu
1072 2065 1100 2111 et
1122 2065 1247 2112 assuetos
1269 2058 1350 2113 arinis
1373 2067 1539 2132 reperturos.
1583 2057 1662 2114 Sexta
1679 2056 1741 2112 ldus
1754 2069 1778 2111 ιι

455 2140 621 2215 Septembris
642 2140 752 2197 comitia
775 2139 865 2196 habita
888 2149 966 2204 suut,
990 2143 1016 2195 in
1039 2141 1138 2215 quibus
1160 2142 1312 2216 Principes,
1343 2160 1403 2199 curn
1426 2144 1452 2198 iu
1474 2160 1554 2199 eausa
1576 2141 1655 2198 llueis
1669 2140 1744 2197 Wir·
1792 2200 1797 2210 ,

453 2225 644 2299 teuberqensis
664 2224 728 2282 binc
749 2225 810 2282 iude
833 2226 916 2281 multa
940 2227 1142 2292 tractavissent,
1165 2226 1262 2284 (laisari
1285 2222 1486 2302 supplicarunt.
1510 2237 1540 2284 ut
1561 2242 1622 2284 cum
1644 2245 1678 2283 eo
1693 2226 1743 2282 mi·

455 2311 510 2369 tius
530 2309 744 2384 clementiusque
766 2318 902 2384 ageretur.
946 2313 992 2384 qui
1022 2312 1058 2366 ita
1087 2312 1261 2385 respondisse
1290 2314 1390 2369 lentur:
1419 2312 1493 2375 „Etsi
1521 2329 1658 2388 nunqnam
1688 2312 1742 2367 ulla

455 2387 699 2474 fflffl'blffl
721 2403 729 2473 Ι
751 2412 820 2457 „uos
842 2396 973 2453 haetenus
996 2398 1079 2453 movit
1101 2414 1196 2458 eausa,
1222 2407 1366 2454 utcontra
1390 2407 1511 2455 naturam
1532 2406 1653 2454 uestram
1668 2397 1744 2471 quie·

455 2497 553 2553 „quam
581 2495 737 2553 ageremus.
766 2489 853 2536 tamen
883 2481 1025 2538 immatura
1054 2480 1171 2537 bominis
1203 2483 1283 2538 buius
1312 2484 1379 2539 lucta
1408 2484 1444 2538 ita
1473 2481 1590 2539 animum
1617 2488 1780 2538 nostrumne

455 2563 686 2634 „iudammarunt.
717 2573 747 2621 ut
774 2565 898 2621 rnalimus
926 2584 941 2622 a
968 2566 1164 2623 consuetudine
1192 2567 1341 2623 clementie
1370 2575 1472 2623 nostrae
1505 2566 1635 2625 decedere
1663 2582 1743 2640 quam

456 2648 590 2711 „ulterius
614 2648 768 2706 turbulenta
791 2651 850 2707 eius
872 2651 985 2708 consilia
1010 2652 1219 2724 immensamque
1242 2668 1306 2724 erga
1329 2653 1443 2727 domum
1460 2652 1577 2708 Austrioe
1599 2651 1745 2725 ingutitu·

456 2734 564 2797 ..dinem
586 2736 701 2809 perpeti.
746 2735 899 2806 deferrem,
924 2737 947 2791 si
970 2737 1028 2792 sine
1049 2736 1268 2809 exprobrationis
1292 2737 1360 2793 vicio
1382 2737 1441 2793 beri
1469 2745 1576 2811 posset,
1606 2744 1676 2810 quot
1697 2735 1746 2791 be·

455 2818 630 2882 ..deliciorum
653 2817 753 2894 genera
774 2839 788 2876 a
810 2821 957 2878 maioribus
980 2821 1082 2877 uostris
1104 2827 1132 2876 et
1154 2840 1168 2877 a
1191 2821 1270 2878 nobis
1286 2822 1313 2876 iu
1328 2821 1397 2878 bane
1413 2820 1540 2879 familiam
1553 2820 1651 2878 collata
1667 2820 1744 2883 sint;

458 2904 607 2967 ..referrem
635 2923 714 2978 quam
741 2915 836 2979 gratus
859 2908 925 2968 iste.
953 2915 1095 2980 antequam
1124 2925 1139 2962 a
1165 2906 1297 2962 maiorum
1325 2924 1437 2964 suorum
1465 2907 1564 2963 virtute
1585 2905 1781 2968 declinaretre

458 2988 555 3053 ..nubis
577 3007 685 3064 semper
707 2990 798 3048 luerit.
843 2991 893 3047 Sed
916 3008 994 3063 reque
1017 2999 1091 3046 eerte
1114 2992 1203 3046 auimo
1227 2991 1445 3048 toleravissemus
1467 2992 1570 3053 ernnia.
1593 2990 1646 3046 uisi
1668 2997 1696 3046 et
1712 3007 1747 3046 eo

457 3082 619 3150 „provectus
643 3075 754 3137 luisset,
779 3083 905 3150 tanquam
928 3084 1030 3132 nostrae
1058 3077 1167 3149 penitus
1192 3068 1332 3133 immemor
1353 3076 1555 3137 benivolentiae.
1584 3074 1747 3150 imperiique

457 3159 586 3224 „llomaui
608 3168 733 3234 spretor,
757 3169 787 3216 ut
809 3178 870 3218 sese
892 3179 963 3218 nune
985 3159 1083 3222 Gallis.
1113 3177 1184 3217 nuuc
1206 3160 1336 3218 llelreciis
1358 3161 1504 3235 aliquando
1528 3160 1652 3217 iunxerit.
1690 3159 1747 3215 uos

456 3253 566 3312 ,‚tnmeu
588 3244 696 3301 iureuili
719 3245 777 3302 eius
800 3245 990 3320 imprudentiae
1011 3254 1154 3320 parcentes
1182 3246 1310 3319 quasdam
1341 3247 1439 3305 luturae
1470 3245 1624 3303 concordiae
1653 3245 1747 3301 condi·

458 3330 571 3393 ..tiones
592 3347 653 3386 eum
675 3346 709 3386 eo
732 3330 898 3405 pepigimus;
921 3329 968 3387 sed
992 3331 1036 3387 ille
1060 3331 1172 3404 perinde
1194 3338 1276 3404 atque
1305 3348 1393 3404 equus
1415 3332 1460 3406 qui
1484 3332 1598 3396 limum
1621 3330 1679 3403 pati
1701 3346 1782 3390 nera

455 3414 542 3478 ..eeit,
566 3414 650 3489 fregit
672 3414 744 3472 illico
768 3415 871 3479 emula,
900 3425 928 3472 et
951 3415 1100 3472 iusiurandi
1128 3424 1156 3470 et
1178 3423 1281 3472 nostrae
1302 3416 1478 3473 authoritatis
1507 3433 1556 3490 per
1578 3414 1748 3471 reverendis·

456 3501 573 3563 ..simum
595 3499 757 3557 Gureensem
780 3501 949 3575 interposite
976 3493 1149 3574 contemptor
1171 3518 1245 3556 suam
1269 3501 1403 3558 feritatem
1425 3502 1507 3560 letius
1535 3499 1643 3574 evagari
1666 3516 1747 3574 quam
1816 3553 1820 3561 ,

456 3593 570 3649 „nostre
596 3585 695 3641 meruit
722 3585 865 3642 elementia
893 3604 990 3659 passus
1019 3593 1069 3641 est.
1115 3584 1247 3643 Caeterum
1277 3586 1299 3642 si
1328 3587 1355 3641 iu
1386 3603 1415 3642 re
1443 3585 1568 3660 quapiam
1597 3583 1658 3640 tadi
1681 3601 1748 3640 sea

457 3669 556 3733 „uobis
578 3676 670 3744 putat.
694 3677 740 3726 eut
763 3669 837 3744 quod
859 3671 949 3726 miuus
972 3671 1043 3726 iuste
1065 3687 1193 3743 agamus.
1217 3671 1301 3732 adsit,
1324 3688 1450 3728 securum
1472 3670 1701 3728 damusaditum:
1724 3669 1747 3724 ai

458 3755 504 3818 „in
525 3771 606 3812 eausa
629 3754 782 3828 superabit,
805 3754 984 3817 absolvimus,
1008 3755 1031 3810 si
1055 3756 1118 3812 laeti
1140 3773 1216 3812 reum
1239 3755 1443 3817 convincemus,
1472 3773 1565 3830 peenas
1587 3754 1653 3810 luat.
1691 3753 1784 3813 Cae-ae

459 3848 566 3918 ..terum
589 3839 697 3912 quando
720 3857 775 3897 sum
798 3840 986 3915 imprudentiae
1010 3840 1165 3914 penitebit,
1194 3840 1276 3915 ettad
1298 3858 1349 3896 uos
1372 3842 1485 3915 supplex
1508 3841 1627 3904 venerit,
1656 3838 1750 3895 habita

458 3924 505 3987 „io
528 3925 623 3999 primis
647 3924 679 3980 ab
702 3942 735 3982 eo
758 3925 792 3982 de
814 3925 862 3988 iis,
885 3942 955 3998 quos
977 3933 1073 3982 coutra
1096 3925 1256 3998 iustasque
1279 3925 1362 3987 laesit.
1386 3928 1506 3989 ratione,
1537 3923 1625 3982 solitae
1649 3925 1675 3980 iu
1700 3940 1749 3980 uo·

459 4009 520 4071 ..bis
542 4009 694 4066 clemeutim
715 4008 805 4067 lecum
826 4029 856 4066 se
880 4019 1051 4085 reperturum
1075 4027 1135 4065 esse
1157 4009 1343 4084 pollicemur''.
1387 4011 1415 4065 ln
1432 4011 1526 4066 iisdem
1541 4008 1661 4065 comitiis
1676 4026 1750 4083 quae·

455 4095 517 4153 uam
539 4093 622 4150 etde
645 4095 740 4151 ordine
762 4094 878 4154 Cameria
902 4093 949 4170 (ita
971 4095 1041 4151 enim
1065 4093 1274 4151 consultationis
1296 4112 1382 4169 genus
1411 4093 1559 4170 appellant)
1587 4101 1646 4151 acta
1668 4102 1749 4149 sunt.

456 4179 613 4253 lnsequenti
635 4179 677 4234 die
700 4181 834 4238 electores
855 4181 964 4237 comitia
987 4181 1058 4255 apud
1081 4182 1210 4238 (ὶωιιιιιιιι
1233 4179 1395 4237 babuerunt.
1438 4179 1528 4235 Pridie
1547 4178 1611 4234 ldus
1626 4178 1785 4252 Septem-ta

457 4264 514 4321 bris
536 4263 684 4321 Cardiualis
706 4266 793 4323 saneti
815 4265 897 4324 Sinti.
928 4273 1022 4322 orator
1050 4264 1157 4326 Galliae.
1190 4273 1315 4321 oratores
1342 4265 1416 4339 regis
1438 4264 1572 4331 Poloniae,
1603 4263 1750 4320 Cesariani

460 4349 541 4410 treis,
564 4357 596 4404 ut
618 4350 651 4406 de
674 4351 755 4407 rebus
771 4351 910 4408 'llrureicis
932 4351 1130 4424 disceptarent,
1153 4350 1225 4425 apud
1241 4351 1491 4407 reverendissimum
1507 4348 1671 4405 Gurreusem
1685 4365 1752 4404 cou-

462 4442 600 4491 venerunt.
655 4434 729 4492 xvtt.
745 4435 874 4494 lraleudas
897 4436 1021 4494 (lctobris
1044 4434 1183 4509 Principes
1205 4453 1266 4492 cum
1288 4436 1360 4492 serio
1384 4452 1544 4509 responsum
1568 4433 1678 4496 l'msari,
1702 4433 1750 4489 Le·

306 4509 311 4517 ⁹
353 4561 355 4564 ψ
459 4518 530 4594 gatis
553 4536 583 4576 ae
604 4521 709 4577 creteris
731 4521 891 4578 Oratoribus
914 4521 1003 4577 daturi
1027 4529 1132 4582 essent,
1162 4520 1288 4594 (primum
1311 4521 1395 4582 euim,
1425 4528 1453 4575 ut
1477 4520 1528 4594 ipsi
1553 4511 1693 4581 asserunt.
1725 4519 1752 4574 in

460 4636 648 4649 .....-—-.---

526 4705 537 4737 ἲ
555 4707 725 4756 ammieuros.
740 4708 762 4754 1.
771 4709 795 4755 2.
841 4703 857 4739 ¹¹
880 4704 938 4757 mii
957 4701 997 4769 elle
1015 4707 1039 4752 2.
1080 4703 1204 4753 Mortuus
1224 4709 1265 4752 est
1284 4703 1400 4753 Sellmua
1413 4702 1475 4753 l..d.
1489 4702 1530 4754 2‘2.
1543 4701 1620 4768 Sept.
1634 4717 1659 4751 ιι.
1676 4700 1750 4752 1520.

461 4789 482 4825 ¹¹
499 4790 655 4846 menmium?
665 4793 691 4840 2.
756 4789 776 4822 ¹⁴
791 4787 880 4852 belttlle
898 4792 922 4838 2.
987 4789 1026 4848 ἕξ.
1039 4787 1082 4839 79.
1092 4786 1249 4854 80.'eupra,
1269 4787 1323 4839 vol.
1334 4788 1356 4839 1.
1369 4805 1394 4853 p.
1407 4786 1449 4837 tto.
1464 4787 1548 4837 etiam
1567 4786 1751 4837 exhibuimus.

462 4875 481 4909 ¹⁶
499 4876 657 4935 §sebtenbris
670 4880 694 4926 2.
740 4873 765 4906 ²⁸
781 4875 846 4927 nisti
864 4877 888 4923 2.
941 4870 963 4904 ²⁴⁵
982 4873 1281 4924 toltersvtesimus·1.2.
1318 4870 1339 4904 ⁸²
1357 4873 1477 4936 protenus
1495 4877 1520 4923 2.
1574 4873 1708 4924 imitemur
1726 4876 1751 4922 2.

461 4960 484 4992 ³⁰
502 4962 591 5011 froenu
606 4965 629 5011 1.
649 4963 756 5011 frenum
775 4964 801 5011 ³.
821 4960 945 5010 lroenum
959 4961 983 5008 t.
1020 4958 1041 4990 ¹⁸
1061 4958 1418 5023 Ii'amrnerpericbtsordmmp.
1454 4955 1476 4988 ⁴⁰
1495 4958 1526 5006 ln
1545 4959 1672 5020 sequenti
1690 4959 1751 5008 eod.

460 5043 481 5078 ⁴⁸
501 5044 615 5100 &duleis
627 5049 653 5097 1.
