4300 6059
349 685 453 741 Olss'lo
466 692 635 741 ΕΟΠΒΤᾸΝΤΠ
650 706 752 740 trvnvtt
766 705 921 740 uoveurtttt
936 706 969 740 DE
983 707 1104 742 vtttwrt:
1118 705 1241 740 cutvu'tt
1254 706 1288 740 ΕΤ
1301 705 1391 742 BVLLA
1405 706 1505 740 neoxts
1516 707 1541 740 Χ.
1564 676 1636 747 357

348 873 510 928 nascuntur,
533 864 598 920 unio
621 865 814 939 disrumpitur.
838 863 948 921 :avaritia
970 865 1082 929 crescit,
1104 865 1287 938 pessundatur
1309 865 1510 928 misericordia,
1534 865 1637 924 idolum

347 949 480 1024 erigitur,
508 947 708 1023 derelinquitur
729 949 861 1005 Christus.
906 949 960 1005 Nec
987 949 1083 1005 mirum
1112 949 1135 1004 si
1157 967 1309 1024 cauponum
1332 957 1442 1024 pectora
1465 951 1636 1009 tenebrarum

348 1035 533 1109 ingruentium
554 1034 689 1109 protunda
711 1033 800 1109 caligo
822 1034 976 1097 secaverit,
1001 1043 1031 1090 ut
1052 1035 1086 1091 de
1108 1036 1250 1110 preceptis
1266 1034 1445 1098 salutaribus,
1469 1037 1552 1092 sacris
1568 1039 1636 1094 seri·

349 1121 453 1196 pturis,
475 1120 639 1195 evangelicis
661 1120 793 1176 doctrinis
815 1119 883 1176 nibil
906 1119 974 1177 lucis
996 1120 1153 1182 admittant,
1177 1119 1260 1177 semel
1283 1137 1298 1177 a
1321 1129 1396 1177 recto
1419 1120 1504 1178 limite
1520 1123 1575 1178 veri
1592 1124 1636 1178 iti·

323 1206 422 1263 tueris
443 1206 530 1263 aversi
553 1222 603 1280 per
623 1222 745 1280 praeceps
766 1214 796 1262 et
816 1205 961 1279 abruptum
982 1206 1124 1263 criminum
1146 1223 1258 1262 suorum
1279 1215 1359 1262 nocte
1381 1215 1463 1280 atque
1484 1223 1577 1263 errore
1592 1225 1636 1265 ca·

347 1291 471 1366 piantur,
495 1291 551 1365 ‘qui
574 1289 675 1347 bouum
696 1291 790 1348 dicunt
812 1290 912 1347 multuo
935 1299 963 1347 et
985 1291 1083 1347 malum
1106 1291 1220 1353 bouum,
1244 1299 1377 1366 ponentes
1399 1291 1525 1348 tenebras
1546 1291 1634 1350 lucem

348 1383 386 1433 ‘et
406 1375 493 1443 lucem
517 1368 656 1438 tenebras,
685 1382 816 1451 ponentes
840 1393 958 1432 amarum
982 1377 1007 1432 iu
1030 1375 1108 1433 dulce
1130 1385 1158 1432 et
1178 1375 1256 1432 dulce
1284 1377 1310 1432 iu
1333 1393 1467 1440 amarum,
1498 1377 1635 1452 sepientes

346 1460 492 1519 ‘inoculis
515 1462 572 1517 suis
594 1469 622 1517 et
642 1478 733 1517 coram
756 1478 785 1517 se
808 1461 962 1536 prudentes’
984 1462 1084 1535 stipes,
1108 1459 1260 1518 oblationes
1282 1471 1310 1518 et
1330 1460 1407 1518 luera
1428 1462 1583 1519 desiderant
1605 1471 1633 1520 et

347 1545 401 1603 illis
425 1545 591 1603 insatiabiles
614 1545 754 1607 incubant.
777 1547 862 1603 crenis
884 1555 965 1620 atque
987 1546 1075 1621 epulis
1098 1547 1216 1609 iubiaut,
1239 1556 1346 1604 ructant
1368 1547 1520 1604 hesternam
1536 1565 1633 1624 crapu-

314 1630 448 1707 ropulam.
493 1629 575 1699 Quia,
605 1631 767 1688 oGermaui
796 1633 946 1707 principes,
975 1633 1112 1707 principes
1126 1634 1177 1688 xtui
1206 1632 1252 1706 qui
1280 1633 1339 1689 siue
1368 1632 1425 1689 ulla
1453 1633 1700 1695 ordinationismt.

346 1716 409 1791 lege
431 1717 567 1792 principos
589 1735 649 1773 sese
671 1718 876 1775 constituerunt
904 1717 1075 1780 muneribus,
1106 1718 1281 1792 imposturis,
1311 1716 1390 1780 (tolo,
1420 1718 1527 1781 lraude,
1557 1719 1581 1774 vi
1604 1727 1632 1776 et

348 1802 501 1877 tyrannide,
536 1801 721 1858 inobedientes
751 1811 829 1865 suut,
862 1804 985 1860 mandata
1012 1812 1146 1877 respuunt
1174 1803 1231 1865 dei,
1261 1803 1328 1859 socii
1357 1804 1463 1866 lurum,
1495 1804 1632 1878 accipiunt
1658 1812 1662 1825 ¹

347 1887 449 1962 quippe
472 1904 583 1943 munera
606 1886 639 1943 ab
662 1887 816 1943 homiuibus
840 1887 924 1945 seculi
948 1888 1043 1950 buius,
1072 1888 1119 1962 qui
1142 1905 1191 1962 per
1219 1888 1326 1962 rapinas
1355 1889 1571 1962 miserorumque
1593 1887 1633 1945 la·

344 1972 470 2047 cbrymas
492 1972 599 2029 divitias
620 1982 800 2046 cougreguut;
823 1972 948 2029 viderunt
970 1973 1056 2029 turem
1080 1982 1107 2029 et
1128 1980 1306 2030 cucmremut
1328 1990 1389 2029 curu
1405 1991 1452 2037 eo,
1475 1973 1630 2049 portionem

309 2054 423 2114 resuaur
445 2065 579 2132 ponentes
601 2075 661 2114 cum
684 2057 822 2114 :ulultcris
867 2057 920 2116 ‘Vre
947 2076 986 2113 vae
1015 2058 1092 2113 vobis
1121 2060 1167 2132 qui
1191 2057 1343 2114 irrstibcatis
1366 2059 1477 2132 impium
1500 2076 1550 2133 pro
1572 2075 1632 2115 mu·

345 2141 467 2200 ‘neribus
488 2150 517 2199 et
539 2143 669 2218 iustitiam
693 2143 758 2199 iusti
780 2143 894 2199 aulertis
916 2143 950 2199 ab
971 2143 1022 2199 eo',
1067 2151 1170 2200 ‘omues
1192 2142 1310 2216 diligunt
1331 2160 1456 2207 munera,
1479 2152 1633 2218 sequuntur

345 2227 574 2285 ‘retributiones't
597 2245 651 2283 uun
673 2236 771 2302 putant
793 2228 894 2285 amieos
917 2230 969 2284 uisi
992 2246 1007 2284 a
1030 2228 1131 2302 quibus
1153 2230 1222 2284 dona
1245 2229 1432 2303 perceperint,
1455 2246 1505 2286 uec
1521 2247 1552 2285 os
1567 2247 1632 2286 con·

344 2313 463 2370 siderant
485 2313 641 2376 amicorum,
664 2314 711 2369 sed
734 2331 841 2376 rnauus.
864 2323 892 2370 ct
913 2331 962 2370 eos
985 2322 1094 2371 sanctos
1116 2315 1234 2370 iudicant
1256 2332 1371 2389 quorum
1387 2315 1548 2371 exhauriunt
1563 2332 1633 2371 mar·

344 2399 466 2474 supium,
490 2399 563 2472 quod
585 2397 700 2472 siugulis
722 2397 818 2454 dicbus
840 2398 872 2453 ab
894 2398 1064 2454 ellmmiuatis
1086 2398 1300 2455 Romaueusibus
1322 2399 1532 2474 hominibusque
1555 2399 1631 2457 lacti·

309 2483 392 2541 retiae
422 2482 567 2557 religionis
599 2482 656 2539 fieri
686 2483 814 2539 videmus.
860 2483 1013 2538 istiusmodi
1041 2492 1192 2556 sequuntur
1219 2484 1428 2548 retributiones,
1459 2491 1489 2539 ut
1519 2484 1699 2552 laudeuttot.

344 2586 393 2625 eos
414 2586 430 2623 a
452 2567 552 2642 quibus
575 2567 677 2642 aliquid
699 2568 867 2643 acceperint,
895 2567 936 2623 vel
964 2575 1038 2624 certe
1066 2567 1296 2643 rudliquippiam
1320 2569 1441 2625 trilmaut
1463 2569 1515 2625 uisi
1538 2587 1552 2625 a
1576 2588 1631 2645 quo

344 2671 373 2710 se
396 2661 556 2728 recepturos
579 2653 742 2727 putaverint.
787 2653 828 2709 llii
851 2652 966 2727 ‘pupillo
990 2669 1044 2709 uon
1069 2653 1202 2718 iudicant,
1232 2661 1259 2709 et
1286 2671 1366 2710 causa
1395 2655 1482 2711 vidue
1512 2671 1568 2711 uon
1592 2657 1632 2711 in·

343 2739 467 2812 greditur
481 2739 521 2795 ad
544 2737 628 2802 illos’;
657 2737 773 2793 ellcruut
800 2755 829 2794 so
851 2756 935 2813 super
956 2755 1051 2794 omues
1074 2738 1210 2800 bomiucs,
1239 2739 1294 2794 imo
1317 2756 1399 2813 supra
1421 2740 1517 2802 deum;
1546 2740 1632 2797 avari·

344 2824 423 2886 tiam,
445 2823 621 2898 pecuniarum
643 2825 827 2885 venationem,
850 2824 971 2879 veritatis
994 2823 1213 2898 oppressionem,
1244 2823 1422 2880 inversionem
1445 2824 1540 2881 (livinae
1561 2824 1632 2899 legis

309 2920 452 2965 &causam
479 2908 521 2964 dei
550 2925 610 2964 esse
638 2908 744 2969 dieunt,
773 2898 884 2964 ex'iteo
916 2925 969 2963 nou
997 2908 1093 2970 ileum,
1124 2925 1156 2964 er
1185 2908 1323 2964 mendacio
1352 2909 1491 2964 veritatem
1521 2910 1631 2966 luriunt.

343 2991 420 3061 Quot
444 2991 504 3050 luce
525 2992 638 3054 clarius,
662 3010 678 3050 o
701 2993 771 3049 boue
792 2993 872 3055 deus,
896 3000 982 3056 extat,
1007 2987 1138 3056 tacerem,
1162 2994 1184 3048 si
1208 3011 1249 3049 mc
1271 3011 1348 3049 amor
1370 2993 1438 3055 veri,
1462 2993 1572 3050 dilectio
1587 2995 1629 3051 dei

344 3087 372 3136 et
392 3078 509 3153 proximi
531 3078 564 3134 ad
585 3077 750 3151 loquendum
774 3095 827 3134 uon
850 3077 1015 3152 impelleret:
1038 3079 1147 3134 miseria
1169 3078 1374 3143 Germanorum,
1397 3079 1542 3153 oppressio
1565 3098 1632 3154 pau·

343 3180 456 3238 perum,
485 3164 591 3221 caecitas
613 3180 707 3219 eorum
730 3163 776 3237 qui
799 3180 828 3219 se
850 3163 941 3219 lumen
965 3163 990 3218 iu
1021 3164 1140 3220 tenebris
1168 3165 1332 3219 versantium
1360 3180 1421 3220 esse
1448 3163 1555 3226 dicunt,
1585 3166 1631 3238 qui

341 3248 442 3307 elavem
465 3248 539 3305 arida
570 3265 649 3304 mauu
672 3248 791 3307 scientiae.
813 3265 920 3305 servare
943 3265 996 3304 uou
1019 3257 1181 3323 potueruut,
1214 3266 1263 3305 nee
1286 3248 1338 3322 ipsi
1361 3249 1387 3304 iu
1410 3266 1525 3322 reguum
1547 3249 1629 3306 ecclo-

309 3345 405 3391 ttruru
432 3333 550 3395 intrant,
584 3333 716 3389 intrantes
744 3349 808 3389 vero
835 3332 994 3408 probibent,
1025 3333 1132 3390 silentia
1162 3342 1299 3408 rumpuut.
1344 3332 1412 3400 Quid
1441 3334 1629 3398 miserabilius,
1641 3348 1699 3400 §.tn

343 3420 408 3494 quid
429 3418 633 3480 detestabilius,
657 3436 768 3493 precor,
798 3436 887 3474 sacras
910 3417 1003 3475 literas
1027 3419 1175 3481 iuvertere,
1205 3418 1319 3474 bumana
1341 3418 1440 3474 divinis
1463 3412 1630 3494 praeponere,

344 3503 505 3561 traditiones
527 3504 666 3560 bominum
689 3503 830 3578 amplecti,
861 3502 1001 3577 negligere
1023 3503 1204 3577 evangelium,
1233 3504 1348 3559 virtutes
1370 3504 1526 3576 denigrare,
1558 3505 1631 3560 vitiis

342 3589 473 3647 virtutum
502 3588 641 3662 imponere
669 3590 796 3645 uomina?
826 3589 887 3647 llaec
909 3589 992 3645 Roma
1021 3584 1151 3663 parturit,
1180 3589 1237 3645 baec
1264 3589 1344 3661 docet
1366 3588 1494 3644 vitiorum
1516 3590 1630 3652 sentina,

342 3674 480 3750 exemplar
502 3675 621 3731 omnium
644 3674 791 3731 malorum:
814 3674 914 3731 claudit
937 3691 1050 3747 regnum
1073 3673 1204 3730 caelorum
1226 3691 1275 3730 uec
1297 3690 1430 3748 pauperes
1453 3674 1554 3731 intrare
1569 3693 1632 3748 per·

309 3760 436 3822 tamittit,
459 3760 600 3818 veritatem
623 3761 736 3834 respuit,
760 3758 855 3815 oeulos
876 3758 985 3820 claudit,
1010 3759 1130 3814 obstruit
1152 3776 1239 3820 aures,
1263 3776 1296 3815 uc
1319 3759 1410 3815 audiat
1432 3767 1459 3814 et
1481 3760 1577 3823 videat,
1600 3767 1631 3816 ut

341 3844 486 3920 aliquando
508 3852 683 3902 convertatur
705 3852 732 3900 et
755 3853 874 3901 sanetur.
920 3861 1047 3917 egressus
1070 3853 1112 3900 est
1135 3861 1166 3900 er
1189 3862 1220 3900 ea
1243 3843 1285 3900 leo
1309 3845 1429 3918 rugieus,
1452 3862 1577 3918 quaereus
1600 3852 1631 3901 ut

341 3949 416 3988 suam
439 3930 551 4004 impleat
572 3929 725 3997 libidinem,
749 3929 929 3986 insatiabilem
951 3930 1104 3990 avaritiam.
1127 3930 1264 4002 quomodo
1280 3930 1428 3986 Germanos
1449 3930 1574 3992 devoret:
1597 3948 1631 3986 ue

342 4015 478 4090 vulpinam
501 4014 655 4088 intelligant
674 4016 800 4071 astutiam
821 4023 849 4070 et
870 4014 991 4088 lupinam
1012 4014 1196 4087 rapacitatem,
1220 4014 1311 4077 bullis,
1333 4014 1423 4078 bullis,
1445 4015 1566 4098 iuquarp,
1583 4015 1631 4071 mi·

343 4101 393 4164 uis,
418 4100 556 4162 tonitruis,
579 4100 747 4162 luluuuibus,
771 4100 912 4176 tyrannide
929 4108 1032 4156 terrere
1055 4101 1156 4165 studet,
1177 4108 1292 4156 conatur
1314 4100 1493 4174 supprimere,
1516 4117 1630 4174 evauge-

308 4185 421 4243 uticam
436 4185 587 4243 doctrinam
609 4186 730 4242 lunditus
753 4186 897 4260 extirpare.
941 4185 1019 4241 Venit
1040 4186 1110 4241 euim
1133 4185 1165 4241 ad
1188 4202 1238 4241 uos
1260 4184 1335 4241 llulla
1358 4185 1496 4259 quedam,
1518 4193 1547 4243 et
1567 4203 1630 4243 vere
1640 4202 1697 4253 §.aa

342 4271 423 4334 bulla,
447 4271 511 4345 quia
532 4270 606 4326 bulla
629 4271 749 4334 inanior,
772 4281 803 4327 ut
825 4271 921 4333 uestis,
943 4280 1039 4328 contra
1054 4271 1196 4327 llartiuuru
1219 4272 1350 4344 quendam
1366 4271 1521 4331 lutherum.
1545 4272 1631 4328 bomi-

341 4373 402 4412 ucm
424 4355 576 4424 candidum,
600 4356 782 4430 evangelicum
805 4365 833 4412 et
856 4373 990 4418 veracem,
1014 4356 1040 4411 iu
1063 4373 1116 4430 qua
1138 4356 1192 4411 leo
1214 4354 1261 4411 ille
1276 4355 1380 4417 ltceius,
1402 4355 1526 4413 Decimus
1541 4356 1632 4414 dicere

406 4540 501 4590 ‘Issi
513 4539 547 4588 V.
561 4537 603 4589 20.
616 4540 658 4590 tt.
712 4537 959 4590 ¹⁰ct.1ssi.1.23.
1013 4537 1034 4570 ¹⁴
1054 4538 1092 4589 ef.
1106 4538 1208 4589 Psalm.
1221 4538 1319 4589 XLIX.
1330 4536 1368 4586 18.
1424 4537 1630 4590 ¹⁵1sai.v.et.

340 4626 382 4677 23.
430 4623 453 4659 ¹⁸
470 4624 537 4676 Issi.
550 4626 573 4677 1.
586 4623 628 4676 23.
686 4623 709 4658 ²²
726 4623 884 4675 lustret.
943 4622 965 4656 ¹⁹
983 4624 1090 4674 servari
1107 4625 1169 4674 tt.
1227 4620 1249 4654 ¹³
1266 4621 1358 4688 docet]
1377 4622 1420 4673 Cf.
1437 4621 1515 4675 Paul.
1535 4640 1577 4689 cp.
1596 4625 1632 4674 ad

341 4711 396 4761 Tit.
408 4711 430 4761 1.
445 4709 485 4761 11.
500 4711 651 4774 „docentes
670 4725 731 4776 quse
748 4724 803 4759 nou
821 4713 936 4775 oportet,
956 4712 1044 4775 turpis
1062 4708 1134 4759 lucri
1151 4707 1268 4775 gretie'R
1320 4706 1343 4741 ⁸⁸
1360 4709 1404 4760 leo
1422 4712 1492 4773 rep]
1511 4709 1631 4775 orubione,

341 4803 368 4846 ut
384 4813 402 4845 a
425 4795 516 4846 biblico
539 4799 612 4845 leone
634 4796 671 4846 od
687 4796 840 4846 Medtcoeum
862 4796 985 4844 transitus
1005 4796 1061 4857 βαι.
1131 4790 1154 4824 ⁴⁰
1175 4792 1258 4843 Bulls
1276 4791 1374 4860 qued]
1398 4793 1494 4845 eedem
1514 4796 1632 4861 ‘Exurge

341 4879 450 4932 domine
469 4884 499 4931 et
515 4880 625 4942 iudiea',
645 4881 679 4931 de
698 4896 752 4946 qus
770 4880 839 4929 sotis
857 4894 948 4944 supra.
1001 4876 1022 4909 ⁴²
1041 4877 1115 4927 Setis
1134 4878 1252 4944 frigidus
1269 4895 1318 4946 pro
1329 4880 1430 4930 uostms
1442 4881 1569 4943 moribus,
1589 4883 1631 4930 ta·

343 4981 407 5016 meu
431 4965 508 5015 intre
530 4966 665 5030 repetitus
688 4964 773 5016 lusus·
787 4965 822 5015 ad
841 4965 958 5015 Decium
977 4979 1002 5014 e.
1015 4960 1073 5014 tte.
1094 4961 1267 5015 Christianos
1284 4968 1494 5030 persequentem
1512 4966 1633 5016 reteren-

346 5050 396 5101 dus
414 5054 467 5100 est.
486 5064 547 5115 quae
566 5049 735 5116 persecutio,
754 5055 785 5100 ut
801 5064 946 5100 numerere
964 5047 1068 5110 solent,
1088 5049 1208 5114 septime
1226 5050 1286 5099 tuit.
