4300 6059
442 708 543 744 monle
557 709 582 742 Χ.
597 709 706 743 consita
722 709 870 742 bVTssBRVbI
886 710 973 743 avlam
987 707 1156 745 1111191111.
1174 706 1264 745 niblo,
1286 714 1309 744 C.
1326 711 1446 746 ttv'r'rnrtt
1462 711 1553 746 xoris.
1593 681 1635 753 31
1650 684 1661 754 1

460 861 509 944 [9]
531 864 610 923 Dum
639 866 771 923 uolumus
796 867 895 922 ornrtia
924 881 1002 937 qnae
1023 868 1171 942 obruituri,
1201 866 1277 924 nibil
1297 867 1384 924 aliua
1402 865 1550 938 facinatis,
1579 887 1667 941 qnam

372 967 453 1042 quoa
470 966 683 1025 misericordiae
706 967 756 1022 elei
775 966 850 1022 nibil
870 967 1000 1023 relaaaus
1016 971 1185 1040 relinquere
1204 970 1422 1041 iqnoscenulnm.

459 1065 530 1147 [19]
554 1067 681 1126 Peccata
697 1082 753 1124 non
772 1072 842 1124 sual
855 1069 909 1124 alli
926 1070 1060 1139 remissa,
1079 1072 1137 1127 nisi
1155 1073 1316 1128 remittente
1330 1070 1483 1128 sacerdote
1497 1073 1602 1130 creclal
1614 1073 1671 1140 sibi

371 1172 494 1229 remitti:
512 1171 569 1228 imo
579 1175 735 1243 peccatura
749 1178 891 1238 moneret,
912 1171 971 1227 nisi
987 1173 1140 1228 remissurn
1157 1172 1308 1230 erederet:
1326 1186 1384 1229 aon
1399 1175 1477 1229 enim
1490 1171 1604 1243 sufficit
1616 1190 1668 1232 rc-

346 1274 473 1331 smissio
491 1273 609 1346 peceati
629 1278 658 1329 et
676 1274 786 1344 qratia
809 1271 943 1341 amaritia,
965 1271 1020 1331 sed
1040 1279 1154 1345 oporlel
1173 1252 1261 1330 etiam
1281 1272 1404 1332 credere
1424 1289 1487 1331 esse
1505 1277 1667 1334 remissurn.

458 1370 527 1452 [11]
552 1372 642 1431 Nullo
659 1374 745 1431 maela
766 1373 900 1444 confidas
918 1373 1030 1431 absolui
1045 1382 1170 1447 propter
1185 1381 1264 1432 tuam
1283 1375 1496 1446 contritionem3
1519 1377 1574 1433 secl
1591 1393 1668 1449 prro-

367 1482 437 1550 pter
457 1475 575 1533 uerbum
591 1473 701 1533 Cbristi
720 1473 930 1547 ‘Quodcunque
951 1477 1072 1533 solveris
1087 1472 1152 1545 be.²
1172 1474 1244 1544 Hie,
1266 1478 1409 1548 inquam,'
1422 1477 1552 1547 conlido,
1576 1480 1604 1534 si
1615 1494 1670 1535 sa-

369 1578 499 1635 cerdotis
520 1576 678 1634 obtinueris
699 1575 921 1646 absolutionem,
944 1586 973 1634 et
993 1577 1084 1634 erecte
1102 1574 1224 1646 sortiter
1247 1584 1274 1635 te
1295 1577 1474 1648 absolutum,
1500 1586 1528 1661 el
1549 1579 1671 1637 absolu-

369 1686 417 1736 tns
437 1695 483 1746 es,
507 1678 649 1750 quicquid
668 1678 706 1734 sit
727 1677 765 1734 ele
781 1679 961 1737 carrlritione.
1031 1703 1032 1707 ¹

336 1794 361 1831 a
458 1774 528 1857 [12]
552 1777 587 1836 Si
601 1781 661 1851 per
682 1778 859 1851 impossibile
879 1778 1033 1851 consessus
1047 1796 1105 1836 aaa
1125 1786 1200 1838 esset
1213 1782 1362 1849 contritus,
1386 1787 1439 1837 aut
1456 1781 1597 1839 sacerdos
1612 1797 1672 1841 noa
1700 1846 1710 1858 q

369 1883 462 1952 serio,
485 1879 540 1938 sel
560 1881 622 1938 ioco
641 1878 816 1948 absolueret,
840 1881 867 1937 si
881 1885 977 1938 tamen
1000 1881 1106 1938 credat
1126 1898 1158 1939 se
1180 1882 1357 1951 absolutura,
1380 1883 1529 1941 verissime
1547 1891 1590 1941 est
1613 1884 1669 1941 ab·

368 1984 492 2041 suturas
546 2055 548 2057 ‚
1703 2051 1705 2053 ,

457 2078 528 2161 [13]
550 2080 606 2140 *la
621 2088 807 2141 sacramento
821 2085 1018 2157 marsicanae,
1042 2101 1080 2142 ac
1101 2085 1271 2142 remissione
1287 2088 1400 2158 caepae,
1422 2100 1480 2141 reon
1499 2088 1570 2159 plns
1588 2085 1670 2157 sacit

370 2185 475 2259 Papa,
496 2183 671 2258 lepiscopus,
693 2199 782 2257 quam
804 2186 922 2256 infimus
942 2186 1100 2254 sacerdos·
1123 2187 1181 2243 imo
1203 2184 1252 2243 nbi
1271 2202 1328 2244 aaa
1350 2192 1394 2244 est
1413 2188 1564 2258 saeerctas,
1585 2205 1669 2261 aque

337 2294 488 2345 rstaatam
509 2286 630 2358 quilibet
654 2285 848 2360 Cbristiaaas,
872 2289 959 2344 etiam
981 2289 1008 2343 si
1028 2288 1135 2345 mittier
1157 2294 1210 2346 aut
1228 2303 1308 2362 puer
1328 2265 1410 2345 esset.

458 2383 528 2468 [11]
552 2386 657 2444 Nullus
676 2387 760 2445 elebat
780 2388 929 2445 sacerdoti
949 2389 1146 2462 respondere,
1169 2407 1200 2447 se
1221 2405 1283 2447 esse
1300 2391 1472 2461 contritam,
1496 2406 1550 2449 nec
1564 2407 1669 2449 saeer-

369 2490 424 2549 elos
445 2491 607 2563 requirere.

459 2588 530 2671 [15]
554 2590 684 2664 Maqaus
708 2596 751 2647 esl
770 2606 857 2648 error
875 2605 992 2660 eorum,
1019 2593 1071 2664 qai
1091 2591 1134 2647 aei
1155 2598 1344 2649 sacramenta
1362 2592 1553 2652 eucbaristiee
1576 2609 1668 2652 occe-

371 2695 447 2754 clunt
468 2693 538 2753 buic
558 2693 673 2759 inminui,
696 2692 776 2765 quael
801 2693 861 2749 sint
882 2690 1012 2762 confessi
1018 2735 1027 2766 ,
1054 2692 1136 2766 quael
1161 2707 1219 2749 aaa
1244 2695 1303 2750 sint
1326 2694 1383 2750 sibi
1403 2697 1516 2756 conscii
1542 2697 1670 2754 (clicerius

335 2797 488 2872 operculi
506 2795 655 2868 mortalis,
676 2795 756 2867 quael
768 2795 974 2868 prraerniserint
995 2795 1143 2865 orationes
1161 2811 1232 2851 suas
1251 2802 1280 2852 et
1297 2797 1541 2868 preaparutorio:
1570 2812 1669 2854 riennes

370 2900 416 2958 iili
435 2898 480 2955 aci
497 2897 639 2955 iudicium
662 2895 718 2954 sibi
737 2896 923 2953 manducant
943 2912 980 2952 ao
1002 2895 1111 2953 bibunt.
1133 2897 1187 2953 secl
1209 2898 1237 2953 si
1260 2897 1388 2955 credant
1414 2903 1443 2954 et
1467 2897 1620 2967 confidant
1636 2914 1669 2956 se

367 3002 501 3074 qratiam
522 2997 564 3055 ibi
581 3005 801 3067 commulnem,
825 2996 890 3054 berec
911 2994 1075 3088 calefacit
1095 3012 1144 3054 eos
1161 3013 1257 3071 petras
1279 3005 1307 3055 et
1329 2998 1443 3070 etiqaos.

456 3096 527 3179 [lb]
552 3097 720 3158 Con-sallum
743 3099 873 3168 oidelae,
897 3098 977 3171 quael
997 3097 1134 3159 Ecclesia
1152 3101 1181 3156 in
1205 3101 1352 3158 communi
1374 3099 1502 3157 Concilio
1518 3104 1668 3168 statueret,

370 3204 462 3262 laicos
479 3201 532 3261 sub
553 3206 678 3274 utraque
701 3201 799 3274 speeie
820 3199 1093 3258 communicandos.
1125 3217 1179 3260 nee
1201 3199 1328 3259 Bobemi
1347 3201 1594 3259 communicantes
1615 3200 1669 3259 sab

338 3311 499 3378 oestroque
521 3305 619 3378 specie
639 3312 708 3360 sunt
726 3302 861 3361 beeretici
869 3348 875 3372 ,
891 3303 951 3359 secl
968 3301 1158 3361 schismatici.

456 3401 527 3485 [17]
555 3402 702 3462 Thesauri
721 3406 862 3474 ecclesia,
882 3404 961 3461 unde
976 3404 1061 3477 Prepa
1087 3405 1140 3461 dat
1161 3404 1377 3475 inelaboratas,
1400 3420 1458 3462 naa
1480 3409 1550 3462 snat
1562 3405 1669 3462 merila

372 3507 482 3584 Olur'sli
500 3515 529 3566 et
545 3512 723 3566 secretarum.

457 3604 527 3688 [18]
552 3604 771 3680 ”Jalulqeatiee
791 3612 860 3665 saal
876 3609 939 3680 pice
958 3606 1091 3679 fraudes
1109 3608 1257 3678 fidelium,
1279 3615 1307 3666 et
1323 3609 1506 3666 remissiores
1528 3594 1668 3665 bonorum

369 3725 509 3786 operum,
537 3716 566 3768 el
590 3717 659 3767 sunt
677 3709 715 3767 cle
736 3724 857 3767 numero
880 3724 979 3765 eorum
1003 3709 1194 3782 proliceret,
1222 3717 1251 3768 et
1273 3727 1330 3768 reon
1357 3711 1394 3768 de
1416 3725 1539 3768 numero
1567 3725 1669 3768 eorum

339 3822 441 3887 nqueo
461 3811 634 3886 expediunt.

458 3910 528 3993 [19]
551 3912 753 3985 Irramqenliee
778 3914 813 3971 iis
841 3915 893 3986 qui
919 3915 1064 3971 ueraciter
1093 3931 1144 3972 eas
1168 3922 1402 3990 consequuntur,
1430 3930 1488 3972 aon
1513 3914 1609 3971 aerlaet
1627 3913 1671 3971 ab

371 4018 571 4077 remissionem
592 4032 691 4089 peace
710 4031 768 4089 pro
787 4016 919 4089 peccalis
941 4014 1107 4073 actualibus
1129 4015 1236 4073 (lebino
1260 4016 1345 4090 erpuel
1366 4015 1497 4072 airinom
1517 4016 1667 4072 iustitiam.

372 4245 455 4314 ptum
478 4217 551 4304 hoo,
581 4241 612 4297 ut
635 4234 723 4296 multa
747 4232 811 4293 alia.
877 4234 949 4296 'Hic
972 4233 1089 4294 landem
1115 4233 1348 4311 irreparabiliter
1371 4240 1415 4294 est
1437 4232 1552 4312 lapsus:
1576 4249 1669 4310 ‹quati-

372 4347 435 4398 lom
459 4337 537 4397 caim
560 4335 675 4397 decebit
697 4335 780 4396 lucra
804 4339 935 4416 episcopi
959 4337 1099 4405 bonnoni,
1130 4338 1153 4397 si
1176 4336 1232 4394 hae
1257 4353 1356 4395 vernn]
1381 4343 1433 4396 est.
1472 4335 1565 4394 Porro
1587 4334 1669 4413 prin·

248 4492 252 4504 .
338 4441 468 4517 sscipenr
501 4438 705 4507 sacerdotum,
737 4438 886 4499 secularis
909 4440 994 4498 tetiam
1020 4438 1140 4515 Imperii
1163 4437 1378 4497 nrooeruoren
1413 4438 1440 4496 in
1465 4435 1598 4495 urbinens
1621 4453 1669 4496 re-

372 4541 474 4618 digere
504 4541 569 4618 quis
605 4540 710 4600 auctet?
745 4540 952 4616 crucifigatur!
1026 4538 1121 4609 11311,
1158 4540 1207 4617 qni
1241 4539 1370 4598 elestrnis
1400 4540 1481 4597 Servi
1516 4555 1668 4598 servornm
1717 4588 1720 4596 .

372 4648 554 4710 mercatum,
580 4641 649 4702 illud
680 4640 829 4719 singulare
852 4641 995 4702 uberrimi
1018 4641 1094 4701 lucri
1123 4640 1295 4702 [carentum.
1341 4639 1427 4699 Ferte
1451 4641 1499 4699 cili
1522 4627 1669 4700 ssanrnras!

439 4843 461 4876 '¹
480 4810 523 4895 Da
541 4844 671 4909 pontifice
691 4846 719 4894 in
738 4844 862 4896 ordinem
875 4843 1024 4908 redigendo
1038 4843 1208 4908 postmodnm
1222 4843 1306 4892 etiam
1319 4842 1347 4890 in
1360 4841 1588 4906 Expostulatione
1607 4856 1669 4891 cum

371 4932 488 4982 Erasmo
507 4929 609 4979 sorim
627 4929 781 4993 disputavit
799 4930 946 4979 Huttenus.
982 4925 1005 4958 ³⁴
1024 4927 1138 4990 Proprie
1157 4926 1217 4976 vult
1236 4927 1307 4991 qnod
1326 4932 1369 4975 est
1388 4926 1461 4991 apud
1475 4925 1583 4975 Habao.
1598 4924 1667 4979 1Ι.9.

372 5030 432 5079 sqq.
468 5011 490 5043 ³⁵
509 5013 593 5063 Forte
614 5030 637 5062 c.
652 5011 687 5078 a]
708 5014 811 5078 Vergil.
827 5013 945 5062 AEn.1v.
960 5010 1018 5061 593.
