4300 6059
436 699 507 769 30⁰
530 729 629 762 LEONIS
643 729 684 762 PP.
700 730 725 763 Χ.
739 728 775 763 ΔΙ)
788 727 1000 764 MAXIMILIAMVM
1013 730 1071 764 IMP.
1087 730 1224 766 nrlssvss
1237 731 1263 766 Ι).
1276 731 1358 766 ΒΟΙΕ
1371 733 1398 765 D·
1411 728 1431 765 5.
1446 732 1508 766 ΙΑΙΙ
1520 732 1547 766 Δ.
1564 727 1621 766 1518.

1057 829 1070 858 0

434 883 569 935 voluimus
587 899 636 932 nos
654 898 758 947 quoque
777 880 812 931 in'
825 882 875 932 hoc
893 897 965 932 nuuc
984 899 1094 932 munere
1114 889 1233 932 nostrum
1252 884 1376 955 exaltare
1397 892 1424 934 et
1447 886 1554 936 virtutis
1577 893 1631 936 ture
1655 887 1726 937 iudi-

434 969 507 1018 cium
525 973 554 1017 et
572 967 692 1032 egregiae
703 959 741 1016 'in
759 967 838 1016 tidem
858 966 961 1017 Christi
980 968 1131 1018 voluntatis
1150 968 1346 1029 testimonium,
1372 984 1452 1033 quum
1475 972 1626 1035 praesertim
1652 971 1726 1021 nullo

344 1116 347 1122 ¹
433 1068 552 1117 unquam
571 1057 692 1117 tempore
714 1052 814 1101 iustius
837 1066 917 1117 quam
940 1052 1005 1114 lroc,
1030 1068 1082 1118 quo
1101 1052 1260 1103 Christiana
1283 1054 1441 1119 respublica
1463 1055 1555 1120 impiis
1577 1055 1726 1106 conatibus

435 1137 681 1187 crudelissimorum
700 1136 819 1187 hostium
836 1138 865 1186 in
883 1138 1030 1188 discrimen
1049 1142 1242 1188 vocatnotnarn
1255 1138 1388 1203 pietatem
1400 1138 1629 1204 sapientiamque,
1649 1144 1726 1189 tuam

435 1223 631 1273 alletoritatem
655 1222 793 1286 animique
817 1223 1035 1288 magnitudinem
1059 1224 1175 1272 maxims
1199 1224 1328 1287 requirit,
1352 1223 1506 1274 huiusmodi
1530 1229 1630 1275 sancta
1648 1240 1727 1274 arma

434 1306 577 1358 Maiestati
601 1311 656 1355 tuse
680 1307 746 1355 data
769 1305 873 1355 tuerint
897 1323 929 1357 ac
953 1307 1064 1357 donata.
1102 1308 1141 1357 Ac
1165 1323 1273 1373 semper
1296 1308 1404 1373 quidem
1427 1313 1455 1358 te
1479 1325 1527 1374 pro
1545 1308 1726 1374 amplitudine

436 1392 610 1443 auctoritatis
629 1396 683 1441 tura
703 1392 858 1441 accinctum
877 1391 970 1457 gladio
990 1405 1050 1441 esse
1070 1390 1164 1440 decuit
1181 1408 1263 1456 super
1282 1394 1370 1442 femur
1388 1398 1475 1456 tuum,
1495 1397 1526 1441 ut
1545 1409 1619 1443 esses
1638 1409 1726 1458 prom·

392 1524 396 1535 ,
433 1482 496 1544 ptus
516 1493 549 1527 ac
567 1481 681 1543 paratus
700 1481 757 1525 tum
775 1490 903 1526 coercere
922 1474 1073 1539 improbos,
1093 1480 1149 1525 tum
1168 1477 1247 1527 bouis
1264 1478 1393 1542 praesidio
1412 1493 1488 1539 esse,
1508 1483 1538 1526 nt
1550 1483 1624 1528 essct
1636 1478 1664 1526 iu
1679 1483 1727 1526 tua

433 1562 664 1629 praestantissima
682 1559 816 1626 dignitate
836 1564 864 1610 et
882 1559 971 1609 tutela
983 1560 1118 1626 aeqrfitati,
1138 1562 1286 1611 et'iniurise
1299 1577 1381 1626 poena
1394 1563 1552 1612 constituta.
1588 1561 1641 1612 Sed
1654 1576 1728 1611 nunc

435 1664 488 1699 non
506 1653 564 1697 tam
583 1664 615 1697 so
634 1646 789 1697 accinctum
809 1659 869 1695 esse
889 1660 969 1709 quam
988 1660 1049 1694 eum
1072 1646 1201 1711 distringi
1225 1649 1280 1696 iam
1304 1651 1332 1695 et
1354 1646 1457 1696 vibrari
1482 1652 1591 1712 oportet
1612 1647 1729 1697 dextera

436 1739 489 1784 tuas
508 1732 654 1799 potentiss:
678 1746 738 1796 quae
758 1731 832 1780 enim
850 1745 904 1804 non
922 1730 1000 1780 modo
1020 1745 1120 1793 causa,
1144 1746 1238 1781 verum
1260 1731 1344 1781 etiam
1367 1732 1478 1782 occasio
1496 1732 1582 1782 maior
1601 1746 1661 1781 osse
1679 1748 1728 1797 pu·

435 1823 503 1880 test,
523 1834 604 1884 quarn
623 1832 657 1867 ea
675 1831 729 1881 qua
746 1831 803 1866 nos.
814 1830 869 1865 non
887 1816 916 1865 in
934 1816 1088 1867 mediocres
1108 1816 1155 1868 aut
1172 1817 1206 1866 do
1224 1817 1374 1882 longinquo
1395 1822 1497 1879 metus,
1521 1818 1570 1867 sed
1593 1818 1623 1867 in
1641 1817 1728 1868 maxi-

435 1919 506 1955 mum
526 1909 555 1954 et
571 1916 693 1977 proesens
710 1897 864 1967 periculum
881 1917 1019 1963 vocamur,
1039 1917 1093 1952 non
1105 1902 1184 1953 modo
1197 1902 1345 1969 dignitatis
1357 1907 1467 1962 nostras,
1487 1902 1635 1953 sedetiam
1653 1902 1727 1952 salu·

436 1991 472 2039 tis
486 1987 653 2049 enittendae,
666 1985 720 2036 nisi
733 1985 913 2036 concordibus
926 1987 1026 2036 animis
1038 1988 1198 2052 Principum
1210 1994 1310 2052 tuoque
1323 1987 1448 2052 inprimis
1462 1987 1621 2037 Christiana
1634 2002 1729 2053 respu-

437 2074 512 2125 blica
531 2072 616 2123 tuerit
634 2070 705 2122 tulta
723 2069 863 2136 praesidio.
898 2072 958 2122 Nec
976 2085 1041 2122 vero
1060 2087 1110 2122 nos
1128 2072 1318 2123 vehementius
1335 2071 1513 2123 Maiestatem
1531 2077 1607 2122 tuam
1625 2077 1675 2121 sut
1693 2071 1730 2122 sd

435 2160 489 2211 hoc
506 2157 749 2225 praeclarissimum
767 2171 834 2221 opus
853 2156 1037 2222 suscipiendis
1056 2157 1085 2206 in
1103 2157 1184 2206 fidem
1203 2161 1278 2206 tuam
1297 2155 1416 2221 publice
1435 2156 1535 2207 salutis
1552 2156 1656 2206 hortati
1675 2156 1736 2206 tui·

435 2261 495 2296 mus
513 2249 562 2295 aut
580 2243 623 2293 illi
641 2246 747 2291 tantam
767 2241 883 2307 gloriam
906 2245 1047 2291 tantumve
1071 2257 1170 2292 nomen
1193 2242 1361 2307 optavimus,
1386 2257 1466 2307 quem
1490 2243 1552 2307 ipsa
1575 2257 1629 2291 non
1647 2242 1729 2291 nobis

436 2330 536 2390 solum,
560 2328 609 2379 sed
632 2333 731 2394 cuncto
754 2326 815 2378 crbi
833 2326 992 2377 Christiano
1015 2343 1092 2377 suam
1116 2343 1241 2392 operam,
1266 2326 1360 2398 fidem,
1385 2327 1516 2377 auxilium
1535 2332 1563 2376 et
1581 2327 1682 2378 litteris
1702 2332 1732 2377 et

436 2415 544 2466 nunciis
567 2415 621 2464 iam
644 2412 745 2462 dudum
767 2411 894 2477 pollicita
917 2417 968 2461 est.
1004 2412 1108 2474 Quibus
1136 2412 1245 2476 quidem
1268 2411 1322 2462 tuis
1346 2409 1572 2477 promissionibus
1596 2428 1677 2477 quam
1702 2412 1730 2462 in

437 2515 513 2566 spem
532 2503 560 2549 et
578 2499 801 2564 expectationem
826 2497 860 2547 ab
884 2497 1010 2548 omnibus
1032 2502 1143 2547 ventum
1166 2496 1215 2557 sit,
1240 2502 1345 2561 quanta
1368 2496 1501 2547 alacritas
1525 2499 1677 2549 animorum
1701 2498 1731 2547 in

436 2585 556 2636 omnium
575 2582 695 2634 tidelium
713 2583 841 2632 cordibus
860 2581 943 2631 luerit
961 2581 1124 2643 conciliata,
1145 2582 1264 2632 libenter
1275 2581 1466 2642 scriberemus,
1485 2582 1540 2632 uisi
1551 2583 1730 2633 Maiestatem

437 2675 512 2720 tuam
530 2667 599 2718 nihil
616 2666 705 2718 latere
724 2666 877 2718 fideremus.
914 2669 1005 2729 Quare
1031 2681 1091 2723 cum
1115 2669 1155 2715 ita
1178 2683 1222 2716 res
1246 2683 1275 2716 se
1293 2655 1419 2730 ¹habeut,
1443 2683 1513 2733 cepe
1538 2683 1614 2717 arma
1637 2684 1730 2730 manu,

436 2755 569 2820 Princeps
587 2751 750 2814 fortissime,
770 2758 798 2803 et
816 2753 889 2802 sacri
908 2751 1007 2817 gladii,
1028 2767 1108 2816 quem
1127 2753 1177 2802 tibi
1195 2753 1340 2810 mittimus,
1360 2753 1449 2802 aciem
1468 2753 1597 2803 adversus
1610 2755 1663 2802 Dei
1682 2753 1731 2802 ho·

437 2845 594 2904 staretque
613 2843 674 2888 tuos
694 2854 810 2900 exeram
830 2852 949 2903 appara,
974 2836 1028 2886 dm
1047 2836 1112 2885 belli
1132 2837 1313 2899 sanctissimi,
1338 2837 1468 2888 defensor
1490 2838 1612 2903 gentium
1634 2853 1730 2888 verum

436 2927 525 2977 Deum
544 2925 705 2987 colentium,
729 2923 802 2975 ultor
821 2923 1019 2984 barbarorum:v
1037 2923 1135 2987 quibus
1161 2924 1233 2972 enim
1250 2923 1341 2972 titulis
1359 2922 1518 2973 honoratior
1539 2927 1587 2973 aut
1609 2938 1662 2988 quo
1681 2938 1729 2989 ge·

437 3027 502 3062 nere
522 3026 594 3060 curse
614 3015 696 3075 atquc
713 3008 817 3060 laboris
836 3006 967 3056 illustrior
986 3022 1045 3057 esse
1064 3013 1144 3073 potes
1163 3023 1244 3072 rpuum
1257 3008 1280 3058 si
1294 3009 1444 3073 Augustam
1458 3009 1539 3057 istam
1552 3008 1729 3072 dignitatem,

438 3113 491 3162 qun
509 3097 610 3162 polles,
635 3111 668 3145 ac
687 3093 855 3157 singularem
872 3092 1016 3155 virtutem,
1042 3108 1096 3157 qua
1120 3093 1251 3157 praeditus
1270 3108 1312 3154 es,
1337 3094 1365 3142 in
1383 3093 1426 3142 his
1445 3093 1526 3142 rebus
1546 3088 1734 3144 collocaveris

437 3198 498 3248 quar
516 3182 633 3231 maxime
653 3185 681 3231 et
694 3176 832 3228 Catholici
851 3177 1027 3243 Imperatoris
1045 3178 1179 3242 pictatem
1197 3177 1350 3243 postulant,
1372 3182 1399 3228 et
1411 3178 1633 3242 prestantissimi
1652 3178 1733 3229 ducis

436 3268 584 3317 virtutem?
602 3266 657 3315 Nos
675 3264 784 3330 quidem
802 3264 872 3329 quod
891 3263 976 3313 officii
996 3263 1081 3312 nostri
1100 3268 1128 3312 et
1147 3263 1246 3313 amoris
1264 3278 1331 3328 erga
1348 3263 1525 3312 Maiestatem
1543 3269 1618 3312 tumn
1637 3263 1732 3325 inerit,
1816 3305 1823 3321 ,

437 3352 542 3402 nullum
561 3351 648 3402 locnm
667 3354 810 3414 tempusve
828 3350 1071 3413 praetermittemus
1090 3348 1271 3398 testificanda
1295 3353 1378 3413 atque
1402 3348 1573 3398 illustrandae
1596 3354 1654 3397 tum
1673 3349 1732 3414 pic-

438 3437 506 3487 tatis
529 3441 557 3486 et
579 3434 829 3502 magnanimitatis,
861 3438 918 3483 tuus
940 3439 1041 3484 nostrus
1065 3435 1094 3484 in
1118 3440 1146 3483 te
1169 3448 1280 3483 summus
1303 3437 1497 3500 perpetuisque
1521 3432 1732 3485 benevolentia.

437 3522 499 3572 Erit
517 3525 608 3571 arrtem
627 3525 681 3571 turs
700 3519 774 3571 illins
792 3519 871 3570 nobis
890 3523 975 3580 notre,
1001 3518 1126 3569 omnibus
1149 3533 1214 3569 vero
1233 3519 1353 3569 luudatee
1371 3519 1518 3583 sapientire
1538 3519 1734 3570 animadversa

437 3607 584 3658 occasione
604 3613 632 3656 ct
649 3605 853 3672 opportunitate
872 3609 1022 3670 temporum
1040 3604 1215 3669 periculoque
1235 3604 1326 3668 (quod,
1345 3604 1399 3654 nisi
1418 3605 1526 3655 obviarn
1545 3609 1631 3664 eatur,
1646 3607 1733 3655 omui·

438 3692 488 3742 bus
507 3689 640 3753 imminet)
660 3691 724 3740 dare
744 3705 854 3756 operam
874 3696 902 3740 et
920 3689 1047 3748 efficere,
1069 3694 1165 3756 uttua
1185 3691 1285 3739 exinria
1303 3690 1390 3740 virtus
1410 3707 1442 3739 ec
1461 3689 1583 3755 dignitas
1602 3690 1653 3738 tibi
1674 3690 1733 3755 glo·

438 3779 525 3840 sicea,
551 3777 610 3827 orbi
635 3782 769 3826 terrarum
791 3774 923 3825 salutaris
949 3774 1035 3823 luisse
1054 3775 1190 3824 videatur.
1244 3776 1345 3824 llntnm
1365 3776 1457 3825 ltomm
1482 3775 1553 3840 apud
1573 3775 1600 3826 S.
1620 3775 1733 3826 Petrum

438 3865 488 3915 sub
507 3862 607 3914 annulo
626 3861 777 3912 Piscatoris
795 3860 841 3911 die
858 3861 892 3909 V.
905 3860 974 3909 Maii
992 3859 1069 3910 Anno
1090 3859 1163 3909 lsts.
1184 3860 1363 3910 Porrtiticatus
1380 3861 1465 3910 nostri
1485 3875 1556 3910 anuo
1575 3866 1663 3914 sexto.

438 4036 545 4101 Saepius
563 4033 734 4099 publicatam
754 4031 900 4097 epistulam
915 4032 1138 4096 transcripsimus
1157 4047 1189 4081 ex
1203 4032 1312 4082 Bzovio.
1332 4031 1441 4085 (rinnai.
1456 4037 1518 4079 tom.
1533 4032 1606 4106 XIX,
1621 4031 1733 4108 p—lll—l)

940 4251 1278 4269 *-
