4300 6059
517 694 590 765 510
610 707 801 761 ccctnv111*.
820 726 923 761 unuln
937 726 999 760 ROT·
1013 726 1050 760 AD
1063 726 1215 761 fleuerunt.
1228 724 1379 761 ulrum.
1393 726 1436 760 BP.
1450 726 1475 760 D.
1489 719 1523 760 ²9.
1537 725 1599 760 ΔΡΒ.
1613 726 1639 760 Δ.
1655 720 1713 761 1528.

515 884 604 942 clasiae
633 884 785 940 utilitatem.
830 884 857 938 ld
887 883 932 938 fiet
960 884 983 939 si
1013 885 1188 957 corrigantur
1217 883 1300 946 mala,
1331 883 1401 939 unde
1423 883 1468 940 bic
1491 883 1624 940 tumultus
1651 883 1804 958 pullularit.

516 968 586 1042 Ego.
610 970 682 1042 qnod
705 968 800 1041 negari
823 985 878 1023 nou
901 977 1008 1042 potest,
1032 971 1143 1025 excitari
1167 968 1320 1041 linguarum
1343 977 1371 1024 et
1386 969 1518 1025 bonarum
1535 966 1688 1024 litterarum
1704 970 1804 1025 studia.

516 1052 692 1126 Theologiam
715 1054 920 1115 scholasticam,
944 1053 1054 1109 nimium
1078 1054 1231 1128 prolapsam
1255 1054 1285 1108 ad
1309 1054 1473 1127 sophisticas
1495 1053 1631 1127 argutias,
1660 1054 1691 1109 ad
1714 1054 1805 1110 fontes

515 1139 667 1195 divinorum
691 1137 855 1194 voluminum
880 1147 907 1194 et
929 1139 961 1194 ad
984 1147 1105 1195 veterum
1122 1138 1337 1195 orthodoxorum
1354 1139 1499 1193 lectionem
1515 1139 1651 1198 revocavi,
1675 1139 1819 1194 mundnm‘

513 1224 674 1298 pharisaicis
703 1224 864 1279 ceremoniis
892 1225 1097 1279 indormientem
1126 1224 1157 1280 ad
1191 1241 1278 1279 reram
1313 1224 1440 1296 pietatem
1468 1224 1675 1297 expergefacere
1704 1224 1831 1279 studuis

514 1308 585 1364 Nulli
609 1309 718 1365 factioni
748 1326 790 1364 me
820 1327 938 1381 linquam
966 1309 1088 1370 adiunxi,
1118 1327 1166 1365 nec
1194 1312 1251 1383 ipse
1280 1308 1423 1364 factionem
1453 1307 1535 1363 ullam
1562 1308 1677 1382 collegi:
1706 1310 1732 1364 in
1762 1317 1805 1363 tot

516 1394 582 1450 uicis
605 1393 840 1450 lucubrationibus
861 1395 964 1449 riullurn
988 1393 1074 1451 adbuc
1095 1395 1248 1450 damnatum
1270 1394 1368 1466 dogma
1383 1403 1500 1467 possunt
1515 1394 1673 1454 ostendere,
1697 1396 1805 1449 tametsi

516 1489 580 1535 sunt
602 1480 649 1553 qni
672 1497 726 1534 nun
749 1478 823 1535 nulla
846 1486 990 1553 torqueant
1011 1479 1212 1553 depraventque
1235 1480 1267 1534 ad
1291 1479 1469 1552 suspitionem
1491 1487 1538 1534 aut
1552 1477 1719 1535 calumniam.
1754 1479 1804 1533 l'e-

516 1582 576 1619 rum
599 1563 642 1620 hic
666 1575 818 1638 temporum
842 1573 944 1626 status,
973 1581 1027 1638 (quo
1057 1564 1170 1620 subinde
1199 1581 1266 1619 nora
1295 1564 1420 1634 dogmata
1444 1563 1619 1623 exoriuntur,
1648 1564 1719 1619 inter
1742 1581 1805 1637 quae

517 1667 604 1723 nuper
626 1649 707 1712 illud,
731 1649 757 1703 in
781 1648 947 1704 Eucharistiae
970 1667 1024 1704 non
1047 1667 1108 1705 csse
1130 1649 1181 1704 nisi
1205 1650 1309 1722 signnm
1332 1648 1457 1722 eorporis
1477 1647 1618 1708 dominici.
1649 1648 1739 1703 subito
1764 1649 1841 1704 ta-ro

518 1735 621 1791 tissime
644 1743 823 1808 propagatum
847 1743 901 1795 est,
926 1751 978 1789 non
1003 1733 1105 1808 prabet
1128 1735 1216 1789 ociiim
1240 1732 1339 1788 talibus
1361 1732 1591 1793 cavillationibus,
1623 1750 1690 1805 quas
1712 1733 1752 1789 rel
1778 1734 1804 1788 in

517 1819 635 1875 Paulinis
664 1818 789 1893 epistolis
818 1819 897 1874 liceat
924 1819 1105 1881 comminisci,
1142 1820 1164 1874 si
1199 1819 1340 1890 contingat
1375 1819 1499 1874 inimicus
1527 1820 1671 1892 interpres.
1715 1818 1806 1874 (luero

515 1913 590 1959 tuam
622 1904 810 1960 celsitudinem
841 1903 1008 1977 gravissimis
1041 1905 1276 1978 occupatissimam
1309 1904 1444 1976 negociis,
1478 1920 1569 1959 verum
1603 1903 1635 1959 ad
1668 1902 1805 1978 publicam

517 1988 740 2063 tranquillitatem
763 1990 900 2063 pertinere
924 1998 999 2046 ratus
1022 2007 1097 2049 sum.
1121 2006 1170 2044 nee
1186 1990 1333 2045 Caesaream
1356 1988 1520 2043 llaiestatem
1545 2004 1592 2044 nec
1615 1997 1687 2044 tuam
1711 1989 1806 2063 ampli·

516 2074 636 2130 tudinem
668 2075 762 2129 barum
791 2091 881 2129 reruni
912 2074 1032 2146 ignaram
1056 2092 1132 2135 esse,
1161 2075 1204 2129 cui
1235 2090 1276 2128 me
1306 2080 1394 2128 totum
1418 2072 1495 2128 trade
1518 2072 1667 2146 dedicoque
1689 2083 1840 2150 precanstt

514 2157 553 2214 illi
577 2167 733 2233 perpetuam
757 2157 914 2214 felicitatem
936 2158 969 2214 ab
992 2177 1024 2214 co
1047 2178 1061 2214 a
1085 2177 1140 2232 qno
1162 2158 1223 2213 fluit
1246 2174 1299 2212 uno
1322 2173 1384 2213 vera
1407 2157 1530 2215 felicitas.
1575 2158 1669 2213 batum
1691 2157 1804 2214 llasileae
1839 2168 1845 2175 '

513 2248 539 2302 3.
555 2243 609 2299 Cal.
625 2244 713 2299 llaias.
730 2245 778 2298 An.
797 2249 870 2303 1526.

613 2378 752 2452 llaguificn
775 2381 803 2435 ll.
819 2379 970 2436 llercurino
1081 2371 1082 2374 ¹
1368 2379 1486 2451 uagitu-²
1505 2379 1534 2435 n.
1551 2380 1580 2434 T.
1596 2379 1760 2452 mancipium

558 2463 707 2520 Gattinario
731 2466 857 2523 llaesaruae
879 2464 1026 2521 blaiestatis
1442 2463 1517 2519 Eras.
1534 2464 1596 2520 llot.
1613 2480 1671 2519 mea

630 2548 790 2606 cancellario
813 2567 920 2607 summo
1518 2565 1606 2604 manu.

916 2635 945 2691 ln
967 2634 1104 2708 Hispania.

515 2744 716 2758 -h———n

583 2816 603 2850 ¹⁵
622 2818 746 2883 ignorum
765 2822 790 2867 iu
808 2835 900 2884 apogr.
913 2833 969 2868 erse
987 2819 1095 2866 uidetur.
1148 2816 1171 2847 ²⁰
1190 2816 1352 2866 cancillurio
1370 2832 1462 2880 apogr.

1231 2900 1237 2921 l
