4300 6059
816 726 924 760 conrna
938 726 1031 760 uvxvu
1046 699 1225 760 rnuarnomai
1239 726 1315 760 rmus.
1634 697 1706 766 4ὓῖ

417 881 460 939 ria
484 880 645 949 insumant,
670 887 771 941 contra
794 879 894 940 Romae
917 880 1034 958 «parando
1057 889 1143 948 sunt,
1168 900 1202 941 eo
1226 880 1304 959 qnod
1327 881 1404 959 apud
1421 880 1556 941 Rhenum
1579 884 1709 942 nascitur

416 989 467 1042 aut
489 983 567 1061 quod
591 981 739 1043 Nece-arus
761 983 867 1060 gignit,
897 984 963 1044 rino
993 992 1124 1043 utuntur.
1170 984 1193 1042 n
1216 1002 1385 1062 perversam
1415 983 1527 1044 rirondi
1552 988 1722 1044 corisuetn·'

417 1085 531 1145 dinem!
560 1103 577 1144 o
600 1103 662 1144 rem
686 1084 753 1145 odio
776 1084 911 1163 dignam,
941 1085 983 1145 rel
1007 1086 1118 1146 idcirco
1141 1087 1233 1159 magis
1256 1086 1335 1163 quod
1359 1087 1489 1163 episcopi
1511 1094 1580 1146 sunt
1602 1088 1651 1166 qui
1667 1088 1708 1146 la·

417 1188 499 1246 ciunt
521 1188 588 1246 ista!
618 1185 725 1256 Quales
755 1204 810 1263 ego
838 1187 972 1247 homines
1000 1206 1016 1247 a
1044 1187 1101 1247 diis
1128 1186 1342 1247 immortalibus
1372 1206 1438 1246 cum
1461 1186 1623 1248 Philoxeno
1646 1188 1775 1256 illotae.

391 1295 450 1348 aut
472 1297 516 1349 est
538 1288 615 1366 apud
639 1288 841 1358 Aristotelem,
865 1297 968 1366 optare
992 1290 1083 1350 credo
1106 1288 1214 1348 collum
1237 1291 1319 1366 gruis
1342 1289 1405 1349 dari
1427 1288 1492 1350 sibi.
1537 1291 1708 1370 Aristopha-

419 1408 471 1450 nes
494 1394 746 1470 Syracusanorum
770 1409 888 1450 mensas
912 1400 941 1450 ot
963 1391 1165 1470 Sybaritarum
1189 1388 1276 1451 luxus
1304 1398 1401 1458 notat;
1429 1391 1630 1469 suggerebant
1653 1393 1708 1453 boc

417 1510 470 1553 sua
492 1491 533 1552 illi
557 1501 707 1569 tempora:
737 1501 766 1552 at
794 1512 874 1553 rrunc
905 1494 1053 1581 idcnr'ille
1076 1495 1101 1554 si
1124 1495 1214 1560 rival,
1245 1512 1304 1570 ‹puo
1327 1513 1395 1564 ore,
1418 1513 1477 1572 quo
1499 1496 1618 1571 ingenio
1640 1498 1709 1556 satis

418 1597 473 1655 ista
497 1593 617 1673 culpare
639 1597 731 1672 possit
753 1604 853 1655 nostra
882 1597 1024 1673 prandia,
1056 1603 1186 1655 nostram
1215 1594 1391 1673 ingluviem,
1420 1603 1537 1657 nostras
1559 1605 1708 1674 compota·

420 1697 515 1757 tiones
525 1699 536 1755 l
567 1696 693 1757 dudiant
715 1699 803 1774 igitur
832 1716 934 1758 omnes
963 1700 1013 1776 qiri
1042 1698 1196 1758 virtutibus
1227 1696 1373 1759 excellcre
1401 1697 1501 1758 volunt
1530 1706 1560 1758 et
1586 1700 1703 1775 iugenio
1715 1709 1775 1758 tat.

386 1800 472 1876 ioqui
496 1797 609 1867 rolnnt,
632 1799 829 1878 Pythagoram
852 1800 1015 1868 dicentem,
1047 1800 1196 1860 bominem
1221 1819 1255 1859 ex
1278 1799 1397 1860 bomine
1421 1799 1493 1859 nibil
1515 1799 1606 1861 altum
1629 1803 1707 1879 cogi·
1743 1820 1745 1825 ·

418 1908 496 1968 tare,
527 1901 556 1960 id
586 1908 631 1960 est
653 1902 882 1962 incontinentem
906 1909 935 1961 et
958 1901 1027 1961 luxu
1055 1901 1242 1973 dissolutum,
1273 1902 1368 1962 donec
1397 1901 1514 1980 (pridem
1542 1904 1571 1962 in
1596 1906 1705 1963 carita

417 2005 470 2071 ait,
494 2001 567 2062 nibd
589 2021 677 2081 posse
699 2005 835 2082 ingenio,
860 2003 931 2063 nibil
955 2006 1052 2064 :inimo
1076 2006 1128 2064 nti.
1175 2004 1302 2064 ‘llomini
1333 2003 1417 2064 cibus
1444 2004 1615 2073 utilissimus
1644 2004 1773 2074 mimae

418 2107 512 2184 inquit
533 2105 659 2173 Plinius,
685 2104 833 2182 ‘simplem
863 2109 1010 2165 acervatio
1034 2124 1173 2183 saporum
1196 2107 1353 2185 pestilera,
1384 2115 1412 2166 et
1434 2107 1619 2167 condimenta
1643 2126 1709 2186 per·

420 2206 591 2267 nitiosiora'.
636 2207 706 2267 llaec
728 2207 847 2267 Persius
860 2208 1029 2277 intellexit,
1053 2227 1120 2268 cum
1143 2210 1185 2268 sic
1207 2209 1372 2270 fronderet:

387 2326 410 2365 n
623 2310 724 2369 Poscis
747 2328 832 2386 opem
855 2312 957 2371 nervis
977 2328 1144 2387 corpusque
1167 2310 1253 2371 fidele
1275 2319 1418 2372 senectae:

621 2412 706 2477 Esto,
731 2429 800 2488 age,
824 2411 875 2470 sed
899 2411 1026 2488 grandes
1047 2414 1155 2489 patinae
1177 2420 1335 2491 tucetaque
1358 2431 1455 2473 crassa

620 2513 757 2573 adnuere
780 2513 825 2573 bis
846 2531 970 2590 superos
994 2521 1128 2581 vetuere,
1152 2514 1309 2593 lovemque
1332 2522 1494 2575 morantur.

418 2617 503 2694 ilpud
526 2615 698 2676 Ciceronem
722 2616 793 2675 Cato
822 2615 915 2693 inquit
937 2613 1115 2675 ‘Libidinosa
1144 2624 1174 2676 et
1196 2618 1387 2694 Intemperata
1410 2616 1604 2677 adolescentia
1628 2618 1775 2681 ene-saa

418 2727 480 2778 tum
504 2737 614 2796 corpus
636 2719 779 2778 senectuti
802 2715 915 2776 reddit'.
962 2724 1048 2794 atque
1078 2718 1155 2777 idem
1177 2719 1280 2778 suadet
1303 2725 1424 2777 ‘tantum
1449 2718 1508 2778 cibi
1530 2728 1559 2779 et
1581 2721 1710 2797 potionis

385 2820 635 2885 roadbibendum.
660 2827 691 2880 ut
714 2820 885 2879 reficiantur
908 2821 993 2888 viros,
1017 2837 1075 2878 non
1100 2827 1132 2879 nt
1154 2820 1379 2899 opprimantur,
1403 2838 1437 2879 ac
1460 2819 1587 2880 bominis
1609 2823 1707 2903 menti,

419 2922 498 3002 quod
523 2921 653 2981 divinum
676 2939 785 2983 rnunns
808 2942 842 2983 ac
865 2923 975 2982 donum
998 2930 1091 2992 vocat,
1115 2922 1195 2983 ‘nibil
1218 2929 1277 2983 tam
1301 2941 1366 2983 esse
1389 2923 1538 2983 inimicum
1554 2914 1642 3000 guam
1660 2943 1707 2983 ro·

418 3023 570 3104 luptatcm'
595 3030 693 3103 putat:
719 3038 785 3086 ‘nec
807 3026 884 3084 enim
901 3024 1021 3086 libidine
1037 3025 1206 3086 dominante
1223 3027 1422 3102 temperantiae
1436 3024 1535 3085 locum
1551 3043 1625 3098 esse,
1653 3045 1709 3088 nec

416 3181 596 3275 ttua'tumn
613 3217 657 3262 ooo
677 3211 723 3262 tait
740 3209 788 3262 ulit
807 3201 850 3274 ato
868 3214 930 3275 odiri
949 3226 974 3262 ει
992 3213 1030 3274 tm
1046 3219 1091 3264 oca
1110 3225 1158 3264 aaa
1177 3212 1250 3274 terrm
1268 3217 1312 3276 aot
1329 3213 1420 3275 trum,
1439 3212 1515 3275 [ciart
1533 3213 1580 3263 uir
1596 3204 1625 3275 pi
1643 3212 1707 3267 aaa

418 3296 442 3359 to
462 3298 524 3349 mett?
544 3296 591 3347 mit
609 3292 700 3358 ttptptr
718 3298 755 3347 ια’
774 3297 855 3348 aeder
873 3298 935 3347 αιίιι
954 3297 1077 3359 triadica,
1103 3295 1163 3357 [eim
1183 3296 1230 3347 uir
1253 3297 1290 3360 ιγίι
1312 3296 1336 3357 [a
1355 3297 1417 3348 mtto
1438 3296 1483 3347 υἰι
1503 3294 1581 3360 turb,
1601 3301 1708 3349 notma-

383 3399 409 3439 25
421 3381 467 3447 [ier
485 3383 559 3445 butt,
576 3378 654 3433 toruo
670 3388 697 3443 aa
716 3380 749 3442 tit
766 3379 803 3440 ter
820 3384 864 3443 taor
884 3380 974 3432 turam
993 3375 1026 3432 mi
1045 3381 1142 3443 petitur
1163 3386 1252 3443 marti,
1271 3381 1321 3444 otto
1340 3380 1435 3443 begorra
1455 3382 1501 3431 mit
1519 3383 1566 3432 orit
1579 3383 1654 3444 pioni
1668 3382 1707 3435 tiu

418 3468 519 3529 troadae
539 3467 642 3529 tropeo,
667 3472 711 3516 aaa
728 3479 776 3518 one
792 3473 833 3516 rer
851 3467 913 3516 mein
933 3470 991 3528 long
1007 3467 1081 3517 notin
1100 3469 1147 3517 uot
1170 3467 1230 3528 oica.
1267 3466 1317 3528 itta
1341 3466 1379 3516 tta
1402 3465 1485 3528 [older
1507 3463 1635 3530 oumtpigr
1658 3469 1775 3530 tetiam.

418 3551 449 3614 itt
469 3553 581 3618 γραυσί
600 3555 675 3602 uorat
694 3563 742 3601 unu
758 3554 787 3600 tt
806 3551 888 3611 trinta
906 3551 1058 3614 nortonam,
1084 3550 1194 3612 υυιιυι,
1218 3549 1334 3601 ditatam
1357 3551 1403 3601 mit
1422 3550 1459 3601 uit
1477 3555 1550 3603 torui
1569 3548 1602 3603 uri
1618 3553 1775 3617 artoptam,

414 3641 441 3699 ιγ
460 3649 484 3686 ιι
502 3636 541 3686 εἰη
560 3630 606 3695 blla
624 3638 686 3686 atur
705 3647 775 3697 arm,
801 3631 834 3687 oia
850 3636 895 3686 trib
914 3629 946 3687 mi
966 3635 1008 3699 [tet
1029 3635 1085 3687 triu
1110 3631 1214 3699 pipern
1238 3634 1314 3697 fciant
1339 3635 1412 3696 auten
1433 3640 1461 3687 ti
1487 3635 1526 3686 eia
1550 3634 1633 3698 loturo
1658 3637 1706 3688 trbi

485 3771 495 3802 ²
519 3773 638 3821 Nccouri
656 3773 786 3820 Latirmm
804 3786 903 3819 nomen
922 3743 1001 3835 Nigri
1017 3788 1039 3820 ι.
1059 3771 1137 3820 Nieri
1160 3776 1210 3821 ost.
1280 3766 1433 3835 ⁵Aristot.]
1458 3769 1707 3831 I'roblemot.‘28,t.

417 3858 490 3923 apud
504 3856 574 3906 (leli.
588 3857 621 3906 N.
635 3857 665 3905 Α.
682 3857 754 3906 ΧΙΧ.
768 3858 791 3919 2,
801 3867 821 3905 a.
840 3852 990 3921 Aristopb.]
1010 3855 1109 3905 Atbon.
1124 3855 1245 3919 deipnos.
1258 3855 1319 3904 XII.
1332 3853 1373 3905 34.
1387 3852 1426 3919 (μ.
1439 3854 1512 3919 527.)
1530 3848 1707 3921 ,,·Διαβοήτσι

417 3933 446 3992 δ’
472 3937 526 3992 εἶσὶ
550 3939 614 4004 περὶ
633 3933 745 4006 τρυφὴν
764 3939 937 3992 Σικελιῶσαί
957 3955 987 3990 τε
1010 3937 1059 3990 καὶ
1079 3931 1263 4003 Συρακόσιοι,
1282 3927 1318 3997 ὡς
1337 3936 1386 3990 καὶ
1403 3929 1601 4005 Ἀριστοφάνης
1620 3939 1709 4006 φησιν

418 4019 449 4078 ἐν
467 4023 671 4077 Δαιταλεῦσιν

584 4101 651 4160 Ἀλλ’
671 4099 704 4161 οὐ
722 4102 775 4174 γὰρ
795 4101 919 4176 ἐμάθετε
937 4101 1018 4161 ταῦτ’
1039 4101 1109 4175 ἐμοῦ
1126 4103 1298 4175 πέμποντος
1318 4099 1389 4158 ἀλλὰ
1407 4107 1514 4174 μᾶλλον

586 4195 695 4259 πίνειν,
717 4188 805 4246 ἔπειτ’
824 4189 907 4261 ᾄδειν
924 4194 1018 4254 κακῶς
1037 4194 1224 4258 Συρακοσίων
1242 4188 1395 4257 τράπεζαν,

587 4273 783 4344 Συβαρίτιδάς
801 4271 827 4331 τ’
848 4270 982 4345 εὐωχίας,
1002 4277 1051 4330 καὶ
1069 4279 1143 4330 Χῖον
1162 4271 1192 4330 ἔκ
1210 4276 1368 4330 Λακαινᾶν.

419 4365 462 4415 cf.
475 4365 584 4415 Pluton.
604 4365 637 4414 do
656 4382 713 4430 rep.
729 4366 779 4416 III.
793 4383 818 4430 p.
833 4362 891 4413 tor.
905 4363 929 4412 d.
950 4380 1009 4413 cum
1024 4365 1084 4413 Cic.
1098 4364 1132 4413 de
1152 4364 1195 4413 fin.
1209 4365 1244 4413 II.
1259 4362 1341 4420 28‚9r.
1366 4363 1555 4424 sybaritarum
1574 4380 1647 4414 more
1666 4366 1705 4414 vi·

416 4467 481 4502 vere
494 4451 604 4515 proprio
618 4448 779 4515 συβαρίζειν
791 4451 875 4500 verbo
889 4450 1025 4513 expressit
1037 4448 1176 4513 Aristopb.
1190 4449 1256 4497 Pac.
1269 4448 1328 4498 att.
1382 4445 1401 4477 ¹⁰
1413 4446 1545 4512 Pydmg]
1564 4449 1664 4498 Vereor·
1676 4467 1706 4499 ne

417 4536 545 4585 Hrdtemm
568 4535 644 4584 cerda
669 4534 739 4585 Stat.
756 4536 833 4599 florii.
854 4534 935 4594 17,13.
955 4550 1047 4598 porum
1069 4542 1140 4582 reete
1163 4536 1346 4597 interpretatus
1368 4533 1414 4591 rit,
1438 4533 1507 4581 lenc:
1529 4527 1707 4597 Πυθαγόρας

415 4610 578 4685 παρηγγύα,
597 4610 648 4685 Μὴ
661 4610 756 4670 πυκνὰ
770 4613 819 4670 τὸν
837 4608 993 4682 ἄνθρωπον
1011 4609 1067 4669 ἀπὸ
1086 4617 1136 4669 σοῦ
1154 4609 1319 4681 ανθρώπου.
1337 4608 1376 4683 μὴ
1396 4615 1460 4667 δεῖν
1478 4603 1599 4682 συνεχῶς
1618 4608 1706 4682 ἄφρο-

416 4696 556 4766 δισιάζειν
569 4695 774 4769 αἰνιττόμενος.
797 4703 837 4766 CT.
849 4702 952 4772 Menop.
969 4704 1004 4751 nd
1016 4701 1302 4768 Dr'op.Lnert.VIII.l).
1337 4702 1523 4766 Pvtbagoram
1538 4705 1564 4751 3.
1601 4700 1620 4732 ¹³
1634 4702 1705 4752 I'lin.

415 4790 451 4839 II.
471 4790 503 4839 N.
521 4789 568 4838 XI.
581 4787 622 4839 53.
642 4793 709 4837 sect.
726 4787 782 4836 lli.
836 4787 1009 4838 condimento
1026 4788 1215 4853 perniciosior.
1234 4787 1300 4836 Pan.
1338 4784 1398 4828 Μ·
1410 4785 1618 4851 perniciosiore.
1632 4789 1657 4837 8.
1665 4790 1705 4838 10.

417 4872 438 4906 ¹⁴
456 4874 532 4923 Pers.
546 4879 598 4922 snt.
613 4874 649 4922 11.
662 4871 777 4938 ll.sqq.
813 4872 925 4922 Persius
938 4871 974 4920 11.
988 4872 1029 4920 4⁴2.
1043 4875 1067 4920 8.
1111 4869 1132 4902 ¹⁰
1150 4876 1316 4936 tuccetaque
1334 4873 1394 4921 edd.
1436 4869 1456 4903 ¹⁸
1475 4872 1533 4921 Cio.
1548 4869 1581 4918 de
1600 4879 1705 4920 senect.

415 4974 437 5009 s.
453 4960 522 5008 (fato
542 4957 683 5018 iriniitatt.
749 4957 769 4988 ¹⁹
789 4946 873 5006 tradit
891 4955 1035 5005 senectuti
1057 4955 1109 5004 Cic.
1172 4954 1256 5022 idem]
1279 4956 1295 5006 l.
1311 4973 1335 5009 c.
1352 4954 1432 5020 ll‚³tt.
1490 4955 1509 4987 ²¹
1531 4950 1574 5018 ac]
1594 4953 1611 5004 l.
1626 4972 1650 5003 e.
1667 4955 1705 5010 Γ),

415 5053 449 5092 tu.
502 5040 523 5072 ²²
542 5059 592 5091 nec
613 5040 693 5106 euim]
716 5042 774 5091 cte.
788 5041 806 5090 l.
820 5058 843 5089 c.
861 5039 938 5102 tan.

1411 5123 1477 5187 30*
