4300 6059
449 687 523 758 ⁴268
581 718 715 752 secutum
730 717 902 764 utusnoqtttt
916 718 952 753 D!
963 713 1112 753 ‘CORYENTV
1125 717 1298 785 secessisset
1312 719 1488 755 succulento.
1502 717 1528 753 A.
1543 712 1600 752 tite.

448 879 529 935 malta
548 879 639 950 potior
659 877 804 950 inferentis
829 893 912 950 quam
932 879 1124 949 propulsantis
1145 879 1242 933 bellum
1256 880 1327 933 ratio
1341 881 1383 933 sit.
1420 879 1493 950 quod
1505 879 1611 951 ᾳιιιιιιιιι
1628 885 1654 933 et
1667 879 1735 934 velle

448 963 547 1020 debere
567 970 593 1017 et
611 978 693 1033 posse
712 962 838 1034 probarit
858 961 893 1017 ab
913 962 1039 1027 nonesto,
1069 963 1104 1015 ali
1125 965 1248 1027 utilitate,
1276 981 1294 1017 a
1316 964 1461 1036 reliqione,
1482 964 1542 1018 item
1565 980 1583 1019 a
1602 965 1733 1035 poentio,

450 1048 665 1121 asortitndine,
687 1048 870 1118 a-discsplina
892 1049 1004 1101 militari
1009 1072 1017 1108 ;
1039 1049 1195 1121 addiditque
1215 1064 1270 1104 non
1291 1049 1353 1104 sine
1371 1048 1487 1120 infamia
1508 1063 1555 1103 eos
1573 1063 1657 1120 posse
1671 1048 1736 1103 linio

381 1135 438 1186 tlt·
449 1136 493 1190 rei
512 1133 643 1205 deficere,
671 1147 733 1187 cnm
754 1138 809 1188 tota
831 1132 1023 1189 christianitas
1043 1148 1082 1188 ee
1099 1136 1234 1205 presenti
1248 1134 1371 1205 pendeat
1390 1141 1532 1189 conventa.
1579 1133 1646 1189 Item
1668 1147 1736 1188 usas

447 1224 489 1276 est
508 1225 535 1274 et
552 1220 753 1291 paradiqmatis
779 1217 981 1289 Imperatorum
1004 1218 1122 1274 Hearici
1147 1225 1173 1273 et
1201 1218 1325 1286 Othonis,
1352 1222 1400 1291 qui
1425 1219 1607 1275 cierationem
1635 1233 1758 1274 nemesis

447 1306 597 1385 ςωριεειιηι
617 1318 779 1375 oppressum
801 1304 968 1373 liberarunt,
991 1309 1017 1358 et
1037 1321 1091 1376 qao
1113 1305 1262 1360 Germania
1280 1304 1397 1359 l'darcss
1418 1321 1501 1376 quam
1515 1304 1598 1359 ltalia
1615 1305 1737 1376 propin·

447 1391 528 1462 quior
549 1394 603 1459 est,
630 1403 660 1444 eo
683 1391 812 1444 maiorem
834 1389 954 1443 dandam
977 1398 1092 1460 operam
1113 1404 1185 1452 esse,
1214 1397 1240 1444 ct
1266 1393 1361 1444 acriis
1388 1389 1595 1461 insipilandum,
1625 1395 1654 1445 ut
1679 1404 1736 1443 nan

447 1475 534 1531 solum
555 1474 618 1536 ιιὺι,
632 1472 699 1529 ‘sed
723 1475 803 1528 etiam
831 1476 970 1529 communi
995 1475 1134 1529 commoda
1161 1481 1188 1529 et
1208 1475 1315 1529 utilitati
1339 1477 1519 1529 consederent.
1565 1474 1600 1529 ln
1619 1474 1677 1544 fiae
1698 1472 1738 1526 ad

450 1559 625 1616 concordiam
647 1560 786 1630 pontificis
811 1560 929 1614 maximi
952 1560 1060 1613 nomine
1087 1559 1163 1614 bans
1191 1565 1218 1613 et
1242 1557 1404 1631 efficacitas
1430 1559 1518 1614 oeilis
1539 1559 1665 1613 larionis
1686 1563 1736 1612 est.

382 1648 440 1696 tto·
452 1642 597 1715 hincipes
617 1659 679 1700 cam
696 1645 841 1716 paululum
862 1645 1102 1710 eomauaoissent,
1124 1645 1327 1715 responderunt
1346 1658 1377 1699 se
1396 1645 1558 1699 mnntatem
1571 1644 1738 1698 sanctssimi
1748 1658 1772 1697 ιι

449 1730 552 1786 dammi
571 1731 658 1784 nostri
677 1735 704 1785 et
719 1744 776 1800 per
796 1729 915 1801 diploma
937 1733 992 1784 iam
1013 1730 1111 1784 lectum
1132 1737 1158 1784 et
1176 1745 1231 1800 per
1251 1731 1400 1784 arationem
1422 1728 1643 1785 reverendissimi
1656 1730 1741 1800 lopati

449 1818 610 1872 mammam
632 1821 659 1870 et
678 1822 807 1870 ornatmn
829 1815 1006 1878 intellexisse,
1028 1815 1153 1886 quodque
1173 1828 1259 1885 super
1279 1814 1434 1869 huiusmodi
1447 1817 1553 1886 nepotis
1565 1815 1698 1869 secretins
1712 1819 1739 1869 et

449 1903 585 1956 matarius
605 1901 746 1956 comediam
772 1905 863 1955 essent
888 1899 1022 1959 Ιιαιιιιιινιι
1049 1906 1139 1955 tamen
1166 1900 1240 1970 quod
1265 1900 1485 1978 reverendissimi
1511 1901 1594 1971 leqoti
1612 1900 1741 1971 pontifici

450 1988 570 2042 maniosa
591 1985 659 2040 illud
679 1985 713 2039 de
731 1984 902 2056 principibus
925 1984 1082 2040 Germanic
1099 1986 1227 2056 polliceri
1234 1992 1363 2055 possent,
1385 1985 1459 2057 qnod
1474 1986 1612 2041 sanctitati
1625 1999 1686 2038 sose
1700 1984 1740 2038 ad

451 2070 635 2146 defensionem
656 2075 683 2124 et
701 2072 899 2124 incrementum
914 2068 1064 2124 Christiani
1076 2071 1192 2123 nominis
1206 2070 1359 2124 miteretur.-
1381 2086 1446 2123 nam
1459 2077 1592 2143 mantum
1609 2069 1648 2123 ad
1663 2068 1738 2122 lanc
1750 2085 1774 2120 rs

447 2157 620 2231 provinciam
642 2156 782 2219 attineret,
804 2170 944 2226 nonquam
966 2160 1055 2209 essent
1075 2154 1211 2225 defuturi,
1234 2155 1360 2225 brevique
1379 2169 1410 2209 se
1425 2168 1587 2225 responsum
1602 2155 1738 2209 de'omni-

384 2242 502 2297 §.tt-las
522 2241 646 2295 daturos.
690 2238 822 2295 Caeterum
844 2247 988 2311 antequam
1010 2238 1043 2294 ad
1066 2237 1169 2312 reliqua
1192 2255 1352 2313 pergamus,
1376 2237 1477 2312 aliquid
1500 2239 1580 2295 etiam
1602 2239 1635 2295 de
1656 2238 1738 2294 modo

450 2317 631 2399 fflfflffffl‘ffl'
655 2336 662 2406 Ι
683 2323 869 2387 consultandi,
897 2323 944 2397 qui
966 2323 1079 2380 huiusce
1102 2324 1142 2380 rei
1164 2324 1250 2398 gratia
1273 2323 1383 2398 habitus
1411 2332 1468 2387 est,
1497 2323 1668 2380 scribendum
1688 2324 1739 2380 du·

451 2412 550 2466 rimus:
578 2409 643 2464 Cum
666 2407 768 2482 aliquid
791 2410 817 2465 ιιι
840 2407 1065 2465 consultationem
1089 2409 1175 2470 venit,
1204 2408 1318 2464 Censoris
1341 2409 1480 2483 imperiive
1503 2409 1612 2465 nomine
1639 2408 1739 2483 triplex

451 2493 594 2571 consilium
617 2492 745 2550 hahetur:
769 2493 884 2567 primum
906 2493 977 2550 enim
999 2493 1144 2550 eonsilium
1167 2492 1320 2550 Electorum
1342 2493 1465 2568 Imperii:
1494 2494 1641 2550 secundum
1664 2495 1739 2568 prin·
1749 2510 1776 2550 ιι

451 2582 556 2654 cipum,
579 2578 770 2653 praelatorum,
797 2579 928 2635 comitum
950 2587 978 2635 et
1001 2577 1151 2641 baronum:
1182 2579 1294 2635 tercium
1322 2587 1462 2634 oratorum
1490 2579 1638 2634 civitatum.
1682 2579 1741 2635 heae

454 2673 510 2722 tres
532 2663 640 2721 consilii
662 2663 763 2721 classes
784 2664 890 2720 divisim
911 2663 1074 2726 consulunt,
1097 2672 1124 2720 et
1146 2680 1206 2720 cum
1223 2663 1301 2720 simul
1317 2671 1432 2725 coeunt,
1455 2662 1614 2737 singillatim
1630 2672 1742 2720 senten·

454 2751 498 2808 tise
519 2747 740 2824 expostulentur.
763 2742 924 2822 quamquam
946 2757 974 2805 et
996 2749 1023 2804 in
1046 2749 1161 2806 secruida
1185 2765 1294 2822 quoque
1314 2747 1402 2805 classe
1424 2749 1521 2804 divisio
1544 2748 1614 2804 lacta
1629 2756 1686 2811 est,
1710 2757 1742 2806 ut

453 2834 591 2910 principes
612 2833 715 2891 scilicet
736 2846 797 2891 enm
819 2834 955 2909 prelatis,
979 2834 1097 2891 Comites
1119 2838 1182 2890 vero
1204 2851 1235 2890 ac
1256 2835 1374 2889 Berones
1402 2834 1547 2906 emissique
1576 2832 1684 2908 profani
1714 2835 1741 2890 in

384 2922 443 2971 tw·
453 2918 590 2977 subselliis
613 2919 725 2977 invicem
746 2919 872 2976 discretis
894 2919 1028 2975 sederent.
1064 2919 1093 2975 ln
1115 2912 1227 2993 negotio
1248 2927 1339 2975 autem
1359 2918 1513 2992 legatorum
1529 2920 1565 2974 ita
1581 2917 1741 2976 consulendi
1751 2936 1777 2975 ιι

452 3006 522 3062 ratio
545 3003 637 3061 habita
658 3013 715 3061 est:
738 3021 770 3060 er
793 3004 917 3060 omnihus
940 3004 1010 3066 enan
1033 3004 1141 3078 lmperii
1164 3003 1305 3059 ordinibus
1327 3003 1411 3077 aliqui
1433 3003 1530 3059 delecti
1554 3011 1633 3066 sunt:
1661 3013 1743 3062 caete·

452 3107 525 3151 rum,
549 3096 651 3164 preter
672 3088 819 3151 electores,
843 3106 936 3145 omnes
958 3089 1023 3145 stati
1045 3098 1073 3144 et
1095 3088 1164 3144 firmi
1187 3097 1277 3151 erant,
1299 3105 1361 3144 nam
1384 3088 1439 3144 bini
1461 3089 1548 3145 donec
1563 3088 1615 3163 ipsi
1631 3105 1681 3164 per
1697 3106 1743 3145 or·

453 3167 512 3232 beni
536 3174 713 3236 interessent,
737 3174 919 3232 mutabantur.
963 3172 1144 3231 Ecclesiastici
1174 3173 1317 3247 elegerunt
1344 3173 1489 3248 episcopos
1517 3173 1744 3248 Bambergensem

452 3270 480 3317 et
495 3263 708 3334 eystettensem
730 3259 778 3316 sed
801 3260 827 3316 in
850 3258 939 3315 locum
955 3258 1174 3333 llambergensis,
1194 3259 1244 3332 qui
1259 3257 1471 3315 valetudinarius
1491 3265 1564 3320 erat,
1587 3261 1744 3332 augusten*

452 3345 490 3401 sia
512 3345 642 3400 suffectus
664 3354 722 3407 est:
746 3345 810 3401 item
831 3346 960 3401 nuncium
975 3343 1211 3417 Herbipolensem,
1233 3342 1365 3400 Abbatem
1381 3343 1608 3418 Wesburgensem
1624 3361 1655 3401 ac
1670 3360 1778 3402 uun-sn

451 3430 510 3486 cios
532 3428 707 3503 prelatorum
729 3430 849 3493 suarim
878 3430 1002 3486 Mundani
1028 3446 1094 3485 vero
1116 3428 1263 3502 Georgium
1286 3429 1421 3488 Sasoniae.
1449 3427 1616 3484 Fridericum
1644 3429 1744 3504 palati·

452 3532 532 3577 ιιιιιιι,
555 3514 671 3570 Bavariae
694 3513 776 3570 duces
798 3514 955 3589 elegerunt,
989 3515 1052 3571 item
1075 3514 1202 3570 nuncium
1225 3513 1363 3570 Willrelmi
1386 3513 1501 3571 Bavariae
1523 3512 1600 3570 ducis
1622 3522 1651 3570 et
1672 3531 1744 3571 nun·

452 3600 523 3657 cium
545 3599 698 3674 lantgravii
722 3599 836 3661 llassire.
866 3617 898 3654 er
920 3600 1053 3661 Comitum
1076 3616 1140 3654 vero
1163 3616 1194 3654 ac
1215 3598 1348 3655 Baranam
1370 3598 1456 3654 classe
1485 3615 1586 3662 unum:
1614 3598 1744 3656 Civitates

385 3685 542 3740 §.uectem
565 3683 788 3758 llatisponensem
810 3685 1090 3758 Argentiuensemque
1112 3683 1272 3740 decuriones
1294 3682 1445 3757 elegerunt.
1482 3684 1538 3739 llos
1558 3700 1626 3756 ergo
1648 3700 1744 3741 omnes

451 3768 575 3825 consiliis
597 3777 625 3824 et
647 3769 794 3825 tractandis
809 3769 903 3831 rebus,
933 3769 1021 3843 quoad
1044 3787 1127 3843 super
1150 3768 1261 3842 negotio
1284 3768 1437 3842 legatorum
1459 3770 1672 3843 disceptaretur,
1702 3771 1743 3825 in·
1753 3787 1779 3826 ss

454 3862 556 3910 teresse
578 3871 688 3910 necesse
711 3863 783 3910 erat:
806 3855 859 3910 hae
881 3856 972 3928 itaque
994 3853 1089 3910 ordine
1110 3854 1184 3912 ullus
1206 3871 1260 3910 ιιοιι
1283 3853 1454 3910 intermissus
1476 3855 1550 3916 dies,
1581 3855 1608 3909 ιιι
1631 3872 1687 3950 quo
1709 3854 1745 3912 de

453 3939 536 3994 rebus
559 3945 615 3995 tum
643 3925 760 4013 puhlicis
787 3946 843 3995 tum
873 3939 984 4013 privatis
1012 3938 1114 4034 aliquid
1143 3947 1288 3997 tractatum
1316 3956 1371 3994 non
1394 3940 1439 3994 sit.
1484 3938 1581 3995 Verum
1604 3941 1744 3997 ιιιιιιιιιιιο

452 4017 478 4052 Τ·
453 4017 515 4105 442²·
508 4016 608 4105 „⁹⁶44
624 4023 719 4098 'illud
741 4024 805 4079 mihi
821 4022 904 4080 raldo
928 4023 1062 4080 inutile
1039 4042 1138 4085 visum
1162 4026 1234 4080 inter
1249 4024 1396 4079 serotinos
1411 4041 1561 4097 principes
1584 4025 1654 4080 trude
1670 4042 1770 4081 com·

453 4109 541 4169 munis
564 4108 683 4164 omnium
706 4107 779 4165 salus
801 4108 950 4183 dependet,
980 4109 1081 4165 tamdiu
1103 4126 1154 4183 pro
1176 4109 1271 4183 primis
1294 4107 1451 4164 secundisve
1474 4109 1610 4165 subselliis
1632 4117 1745 4166 conuo-

453 4193 565 4249 versiam
588 4192 640 4248 ali.
663 4211 722 4248 nam
745 4195 808 4249 dum
831 4194 963 4251 eiusmodi
985 4193 1131 4248 ambitione
1153 4193 1322 4254 detinentur,
1345 4211 1375 4247 ea
1392 4194 1544 4267 spernimus
1560 4212 1620 4268 qum
1637 4202 1743 4251 mature
1754 4211 1780 4253 to

454 4278 497 4351 agi
520 4294 660 4334 necessum
679 4288 739 4334 est.
777 4279 933 4353 utinamque
957 4296 1005 4334 nec
1028 4278 1088 4333 odia
1118 4278 1153 4332 ita
1184 4295 1231 4332 sua
1260 4279 1378 4333 iacerent
1407 4279 1595 4342 fundamenta,
1623 4287 1655 4335 ut
1683 4280 1744 4336 erui

386 4369 446 4422 t--2i
455 4370 552 4437 postea
574 4380 627 4418 non
650 4363 703 4418 nisi
725 4380 784 4420 cum
809 4367 895 4424 totius
911 4362 1093 4438 superstructi
1108 4362 1212 4420 aedilicii
1228 4363 1306 4419 ruina
1320 4365 1444 4437 possint!
1467 4365 1549 4436 Atqui
1564 4364 1587 4419 si
1603 4365 1659 4422 lime
1674 4364 1745 4420 rnul-

428 4455 535 4541 taque
558 4447 713 4504 huiusmodi
735 4447 786 4504 alia
809 4458 885 4506 recto
907 4448 1006 4506 iudicio
1028 4464 1264 4541 percurreremus,
1288 4465 1382 4521 quern,
1409 4449 1446 4504 dii
1480 4448 1557 4510 boni,
1585 4447 1667 4505 alium
1690 4450 1744 4506 nisi

454 4532 582 4606 nosipsos
603 4523 799 4627 deprimimus?
827 4534 925 4591 unde
919 4553 946 4591 ιιι
969 4541 1073 4589 tantum
1097 4533 1123 4586 in
1146 4533 1242 4588 animis
1270 4532 1427 4589 mortalium
1456 4535 1540 4590 crexit
1569 4533 1682 4596 invidia.
1712 4542 1744 4591 ut

454 4616 542 4673 altero
564 4634 615 4673 nos
637 4617 736 4690 privari
759 4617 839 4674 oculo
862 4619 940 4675 facile
963 4617 1112 4692 patiamur,
1143 4617 1165 4672 si
1194 4624 1313 4692 utroque
1341 4617 1608 4692 lumine-captum'
1602 4619 1635 4674 ui
1657 4618 1778 4678 aliumsa

452 4702 597 4758 οιαιιιιιιιι.
631 4701 678 4758 sed
693 4718 745 4759 uos
760 4702 911 4759 institutam
927 4719 1036 4776 operam
1052 4719 1258 4775 prosequamur.
1292 4704 1389 4760 initum
1405 4713 1447 4759 est
1462 4705 1514 4760 hoc
1530 4713 1618 4760 tamen
1632 4703 1742 4760 consilii

505 4967 632 5018 ‘Tuscis
649 4982 672 5020 a.
705 4967 727 5002 ²¹
747 4969 799 5018 Hm
819 4971 876 5020 Μ.
911 4967 933 5000 ²²
951 4968 1095 5034 sigillatim
1116 4975 1142 5021 3.
1177 4969 1201 5001 Τ·
1211 4969 1361 5035 ”lantsoni
1372 4976 1397 5022 2.
1422 4972 1611 5037 Weissendnrq.
1646 4971 1669 5004 ⁸⁸
1688 4972 1743 5022 Att-

454 5060 497 5102 ter
512 5068 592 5118 supra
609 5053 756 5115 §.tremit
775 5055 902 5105 adulator.
938 5052 960 5086 ⁴²
978 5057 1064 5119 possit
1084 5058 1140 5104 1.2.
1150 5058 1174 5104 l.
1227 5053 1391 5108 ”istisin
