4300 6059
456 688 502 757 80
582 718 704 752 EVT'l'iilll
724 717 751 750 1tt
772 717 863 750 DVCld!
881 717 1158 751 WlRTRKPSBGENSH
1177 717 1280 751 ortano
1299 716 1356 752 1111.
1381 717 1409 750 Ι.
1422 717 1487 756 Avo,
1500 717 1525 753 A.
1540 710 1598 752 lbll·

386 879 537 940 §.iunctum
562 869 824 948 contemptibilem,
854 870 1004 950 desyderia
1026 870 1171 932 bonorum
1200 872 1281 931 irrita
1303 888 1440 932 censere:
1468 866 1520 932 ded
1542 870 1619 931 bene
1640 889 1656 931 a
1679 870 1735 931 deo

453 974 563 1052 optimo
584 973 711 1033 maximo
733 979 922 1050 prospectum
944 975 1070 1053 aequitati
1093 982 1151 1044 est,
1181 975 1230 1052 qui
1252 972 1337 1052 quale
1360 980 1441 1033 tuum
1463 972 1559 1033 scelus
1581 973 1650 1043 luit,
1678 970 1736 1032 tale

452 1077 481 1135 in
504 1075 656 1135 bominum
679 1073 902 1152 cogitationibus
924 1094 958 1135 ac
980 1092 1115 1135 sermone
1137 1075 1239 1136 haberi
1256 1073 1359 1144 voluit;
1383 1093 1470 1153 quem
1493 1075 1570 1135 euim
1594 1093 1657 1135 esse
1680 1091 1734 1153 pu·

453 1184 496 1237 tas
518 1178 566 1238 cui
588 1183 619 1237 tu
643 1177 719 1237 visus
741 1177 879 1253 gratiam,
903 1176 1017 1237 auditus
1039 1177 1248 1237 iucunditatem
1270 1176 1392 1237 alierasl
1415 1177 1465 1253 qui
1486 1182 1515 1238 te
1538 1194 1597 1236 uon
1619 1194 1734 1238 summo

453 1268 535 1350 odio,
565 1296 679 1339 summa
709 1280 893 1339 execratione
921 1280 1103 1339 teterrimum
1127 1278 1246 1340 humani
1269 1279 1384 1356 generis
1406 1279 1555 1361 inimicum
1577 1278 1758 1357 persequas

324 1365 328 1371 ⁴
386 1381 524 1458 eruatur?
556 1380 609 1441 Cui
635 1380 679 1441 rei
701 1381 730 1441 in
753 1380 855 1441 eadem
878 1378 925 1440 illa
947 1381 984 1440 ad
1006 1380 1149 1441 Caesarem
1173 1380 1355 1457 proiectione
1376 1386 1424 1441 tua
1447 1383 1551 1459 ingens
1577 1381 1737 1449 documen·

452 1490 515 1544 tum
541 1483 598 1543 fnit
624 1480 672 1543 ille
700 1500 794 1562 nuper
815 1484 949 1543 Austrius
972 1500 1076 1561 eques,
1105 1483 1151 1542 cui
1174 1500 1241 1542 cum
1263 1482 1463 1543 denuntiatum
1487 1483 1586 1544 luisset
1609 1493 1636 1544 te
1658 1483 1737 1543 domi
1800 1484 1818 1517 '-

453 1603 513 1645 suae
534 1591 791 1662 pernoctaturum,
815 1603 873 1645 non
896 1584 983 1645 modo
1007 1584 1044 1643 ad
1066 1601 1099 1644 se
1120 1586 1254 1662 recipere
1269 1583 1376 1654 noluit,
1401 1603 1502 1645 rerum
1525 1586 1610 1646 etiam
1634 1593 1736 1645 contn-

454 1685 654 1747 meliosissime
682 1688 742 1746 suis
768 1685 820 1746 tibi
849 1685 1083 1763 possessionibus
1110 1685 1364 1757 interdianum
1397 1686 1575 1748 creberrime
1607 1705 1736 1757 movens,

455 1807 605 1867 nunquam
644 1787 699 1849 sibi
741 1787 968 1849 contubernium
1005 1790 1136 1848 loturum
1170 1807 1237 1849 cum
1270 1806 1305 1849 eo
1338 1789 1387 1868 qui
1421 1791 1582 1851 amicorum
1615 1807 1735 1849 suornm
1749 1804 1772 1843 ro

458 1889 598 1952 uxoribus
630 1897 764 1967 stuprum
797 1890 942 1960 intendat,
976 1892 1055 1969 ipsos
1085 1889 1122 1950 ob
1149 1891 1178 1950 id
1206 1891 1286 1951 lerro
1316 1909 1350 1951 ao
1384 1889 1495 1970 laqueis
1528 1897 1644 1961 enecet,
1682 1908 1737 1951 nec

458 1991 531 2055 velle
552 2010 636 2052 suam
658 1992 792 2061 domum,
816 2009 885 2051 suos
907 1992 978 2053 deos
999 2001 1121 2070 penates
1144 1999 1194 2052 tua
1216 1993 1354 2053 incestari
1369 1987 1503 2061 libidine,
1528 2000 1577 2053 tuo
1592 1992 1682 2071 pollui
1697 1991 1736 2052 la-

300 2108 304 2113 ·
388 2095 596 2164 ιιιιιιοοίιιιος
628 2093 732 2154 deinde
761 2112 828 2154 cum
850 2095 946 2153 iussus
968 2112 1085 2173 quoque
1107 2082 1184 2157 esset
1205 2103 1234 2156 te
1255 2096 1403 2173 recipere,
1427 2095 1524 2155 omnia
1545 2095 1627 2173 prius
1650 2113 1737 2174 expe·

456 2197 509 2257 riri
530 2194 602 2257 velle
625 2195 708 2265 dixit,
738 2213 825 2273 quam
852 2194 906 2256 sub
929 2201 1039 2257 tectum
1060 2215 1146 2257 suum
1168 2205 1197 2257 te
1219 2197 1399 2258 admitteret:
1430 2215 1485 2257 nec
1512 2204 1545 2256 ut
1573 2196 1738 2257 admitteret
1793 2219 1798 2228 ·

384 2377 385 2380 Ἴ
456 2299 521 2377 cogi
542 2298 649 2376 potuit;
678 2303 709 2357 tu
738 2314 827 2375 vagus
853 2306 940 2376 atque
968 2298 1018 2359 ubi
1046 2301 1222 2360 consisteres
1250 2300 1380 2360 incertus
1408 2308 1474 2359 ante
1501 2303 1543 2357 tot
1569 2299 1736 2376 principum
1749 2318 1771 2357 rs

456 2401 571 2479 agmina
594 2398 752 2469 oberrasti,
780 2399 896 2460 nemine
924 2401 1041 2462 interim
1064 2400 1237 2463 salutatione
1259 2407 1289 2461 te
1310 2408 1343 2461 ut
1370 2403 1453 2480 prius
1481 2401 1656 2478 excipiente,
1685 2418 1737 2460 ne·

456 2504 534 2563 mine
555 2500 731 2580 colloquium
753 2501 958 2591 impertiente,
981 2521 1048 2564 cum
1077 2505 1139 2581 ipse
1169 2521 1287 2581 quoque
1314 2504 1465 2565 immutato
1496 2500 1576 2562 rultu
1605 2520 1640 2562 ac
1661 2502 1737 2562 lacie

456 2603 567 2688 aliquos
589 2602 640 2668 tibi
663 2602 806 2663 obnoxios
828 2603 937 2683 alloqui
959 2623 1019 2665 non
1041 2605 1181 2676 auderes,
1205 2623 1263 2684 quo
1286 2624 1323 2665 ne
1345 2604 1382 2666 ab
1404 2623 1436 2665 se
1457 2602 1650 2682 repellerent:
1673 2603 1737 2664 hac

455 2707 492 2768 de
513 2715 543 2768 te
564 2707 662 2784 opinio
686 2713 743 2777 est,
765 2705 822 2767 hoc
843 2706 1000 2783 iudicium,
1022 2709 1064 2768 sie
1087 2715 1115 2768 te
1138 2726 1239 2768 omnes
1261 2707 1396 2798 oderunt·
1409 2725 1443 2767 ac
1465 2705 1611 2784 perditum
1627 2704 1735 2776 solunt,

421 2829 427 2843 ·
455 2810 497 2869 sic
520 2816 568 2870 tua
590 2808 755 2870 recordatio
778 2808 913 2869 omuibus
935 2809 1034 2870 odiosa
1057 2816 1116 2884 est,
1139 2811 1293 2888 prasentia
1316 2806 1477 2877 horribilis,
1500 2809 1652 2868 coartatus
1674 2807 1770 2867 ior-ao

388 2911 629 3005 §qoamidandusl
652 2910 778 2971 Proinde
793 2918 873 2971 tuam
889 2908 1147 2987 incomparabilem
1170 2911 1306 2973 malitiam
1330 2911 1460 2990 quamvis
1482 2903 1672 2970 vehementer
1684 2909 1735 2970 ad·

455 3014 560 3082 miror,
590 3019 687 3074 tamen
715 3012 811 3074 adhoc
833 3015 926 3092 magis
947 3012 1151 3074 admirandum
1174 3015 1249 3075 duco
1272 3012 1351 3091 quod
1374 3014 1404 3072 in
1425 3012 1471 3072 bis
1493 3013 1617 3072 miseriis
1640 3013 1736 3072 risere

455 3122 554 3195 potes:
583 3134 620 3175 ao
648 3121 679 3176 tu
701 3132 759 3175 non
782 3117 896 3194 quoties
918 3114 997 3177 solus
1019 3134 1050 3176 es
1073 3116 1246 3195 quotiesque
1268 3123 1381 3185 tecum,
1409 3116 1433 3175 si
1462 3132 1591 3192 uuquam
1620 3130 1665 3184 es,
1695 3113 1736 3173 la·

455 3235 563 3297 queum
585 3218 708 3295 cogitas,
732 3223 782 3276 aut
803 3217 929 3296 aliquam
951 3218 1002 3278 tibi
1024 3236 1144 3297 rupem,
1168 3217 1293 3295 aliquam
1309 3216 1458 3296 speculam
1473 3217 1631 3294 prospicis,
1656 3216 1734 3276 unde

453 3326 483 3380 te
505 3320 685 3398 precipitem
706 3318 844 3379 abiiciasl
872 3319 1037 3389 lnlerorum
1059 3338 1130 3381 sane
1152 3337 1267 3398 peenas,
1291 3336 1362 3399 quas
1384 3337 1448 3381 esse
1469 3337 1528 3378 non
1544 3318 1653 3383 credis,
1678 3333 1771 3377 nones

457 3422 577 3491 metuis,
602 3439 697 3500 neque
718 3419 816 3490 illum,
840 3439 928 3499 quem
949 3423 1081 3482 futurum
1104 3439 1162 3481 non
1184 3429 1284 3499 putas,
1307 3422 1428 3483 extremi
1450 3421 1549 3481 iudicii
1571 3419 1647 3479 diem
1668 3437 1736 3498 per·

387 3545 455 3596 taos.
463 3524 623 3585 horrescis:
647 3525 696 3601 qui
718 3522 813 3584 taliter
835 3542 869 3583 ao
891 3531 922 3584 tu
944 3525 1064 3585 allectus
1086 3531 1144 3594 est,
1167 3542 1263 3603 neque
1285 3523 1371 3584 deum
1394 3524 1475 3584 timet
1497 3540 1592 3601 neque
1614 3522 1667 3581 bas
1688 3539 1737 3581 res

383 3658 387 3666 ·
454 3625 636 3703 magnifacit:
665 3625 733 3685 trino
762 3626 905 3703 estquod
928 3633 959 3686 tu
981 3626 1150 3705 fidemnon
1173 3643 1290 3696 serras,
1320 3626 1398 3705 quod
1421 3625 1622 3685 iusiurandum
1645 3623 1736 3701 negli-

453 3730 513 3807 gis,
542 3728 652 3789 loedera
673 3727 831 3806 perturbas
861 3735 890 3789 et
911 3727 988 3789 illam
1012 3729 1152 3789 nefariam
1175 3736 1254 3789 tuam
1276 3727 1425 3788 libidinem
1449 3728 1647 3787 innocentium
1669 3743 1736 3786 sau·

453 3832 541 3908 guine
563 3827 682 3908 explere
703 3829 815 3899 studes,
838 3831 917 3908 quod
933 3830 1165 3900 interfectiones,
1187 3831 1397 3909 proditionem,
1421 3828 1655 3906 ingratitudinem
1671 3847 1771 3889 soe-ao
1794 3888 1796 3892 .

431 3923 514 3993 'lera
543 3950 600 3992 non
630 3932 792 4000 existimas,
821 3933 898 4012 quod
928 3951 1023 4012 neque
1051 3933 1166 3994 laudem
1193 3932 1308 3992 bonum'
1332 3949 1429 4010 neque
1458 3931 1603 3990 infamiam
1627 3929 1736 3991 malum

386 4052 574 4108 §.necepses
618 4034 700 4094 mitto
723 4035 800 4094 enim
830 4035 865 4096 de
893 4035 938 4097 lris
960 4036 1144 4112 dicereque
1166 4035 1291 4094 insama
1315 4040 1382 4093 sunt
1410 4052 1532 4113 quaeque
1559 4034 1661 4093 intuo
1683 4052 1736 4111 po·

455 4135 539 4214 pulo,
567 4136 641 4196 intra
672 4143 738 4196 tuas
759 4135 864 4204 urbes,
892 4139 922 4198 in
952 4145 998 4199 tua
1022 4135 1102 4208 anla,
1131 4137 1166 4196 ad
1189 4144 1272 4196 tuum
1294 4153 1386 4215 usque
1409 4135 1547 4196 conclave
1568 4131 1736 4212 pervulgata

454 4246 537 4309 suut,
561 4237 597 4298 de
612 4246 660 4298 tua
675 4236 787 4298 scilicet
804 4241 869 4300 vitro
890 4238 1020 4308 luxuria,
1043 4257 1132 4318 quam
1154 4246 1273 4298 tuorum
1295 4238 1394 4315 spoliis
1416 4257 1449 4297 ao
1465 4239 1575 4314 rapinis
1590 4238 1735 4304 enutrias;

454 4340 491 4401 de
513 4347 560 4417 tua
582 4321 702 4400 ludendi
723 4341 871 4411 ariditate,
900 4343 937 4401 ad
965 4358 1051 4420 quam
1081 4341 1218 4401 sudorem
1246 4357 1281 4400 ac
1306 4341 1476 4417 sauguinem
1498 4356 1662 4418 pauperum
1685 4351 1771 4398 ex·as

454 4445 567 4521 quiras;
596 4443 632 4503 de
659 4443 744 4503 toties
771 4443 941 4520 proculcato
969 4442 1022 4503 abs
1049 4427 1079 4502 te
1106 4442 1249 4521 pudorea
1264 4442 1300 4502 de
1330 4444 1365 4501 iis
1393 4460 1458 4520 quaa
1484 4443 1508 4500 si
1531 4439 1614 4500 eelim
1638 4441 1734 4503 etiam.

452 4545 525 4605 citra
548 4544 733 4606 verocundiae
754 4563 827 4607 meae
850 4547 990 4607 iacturam
1013 4561 1246 4605 commemorare
1268 4543 1346 4604 baud
1367 4545 1492 4621 possim3
1516 4543 1552 4603 de
1568 4551 1616 4602 tua
1632 4556 1736 4620 super·

452 4647 499 4709 bia
522 4654 632 4726 tuoque
653 4647 730 4708 fastu
752 4667 787 4709 ac
814 4656 945 4715 tumore;
974 4647 1078 4707 deiude
1101 4646 1352 4723 quemadmodum
1379 4663 1412 4705 ea
1442 4662 1507 4722 quae
1537 4645 1665 4704 studiose
1693 4646 1736 4705 tui

453 4755 679 4827 congesserunt,
702 4757 733 4811 tu
755 4748 916 4828 largissime
938 4766 972 4808 ac
993 4749 1244 4828 sumptuosissime
1265 4747 1440 4825 profundas,
1463 4742 1605 4826 dilapides
1627 4764 1662 4805 ac
1677 4745 1736 4806 dis·
1767 4812 1775 4824 ,

520 4955 531 4986 ⁸
554 4953 596 5004 Cf.
615 4968 698 5019 snpra
715 4953 768 5005 vol.
783 4954 806 5003 1.
823 4969 848 5018 p.
861 4950 903 5002 41.
920 4952 944 5013 ξ.
956 4951 981 5002 7.
1068 4951 1087 4985 ¹¹
1108 4969 1140 5002 ae
1159 4955 1182 5002 1.
1202 4956 1230 5001 et
1246 4953 1362 5001 correxit
1375 4951 1412 5000 II.
1503 4948 1523 4981 ¹³
1545 4954 1573 5016 te
1596 4951 1687 5000 deleuit
1705 4953 1735 5002 11.

452 5035 474 5072 ⁸²
493 5055 597 5090 censes.
610 5043 640 5089 11.
659 5043 740 5105 putas
759 5041 782 5087 1.
835 5035 857 5069 ³⁸
875 5037 1043 5115 enutriunt.
1062 5037 1172 5088 toleres.
1190 5037 1307 5087 eorreoelt
1318 5042 1348 5086 11.
