4300 6059
420 696 523 747 biom
533 697 561 736 X·
574 697 630 733 CV!
638 698 818 735 cadomum.
826 697 1005 741 omonimo.
1014 698 1165 735 CONSVLTT.
1173 686 1337 743 ΡΒΟέΧΡΙῙ).
1344 699 1453 738 contet
1464 698 1544 737 ΠΕΟ.
1554 700 1616 737 nc.
1633 670 1703 740 ¹55

402 873 471 932 -per
492 857 700 915 commoditates
727 856 884 921 fluminum,
912 858 1081 932 maximeque
1109 850 1200 922 esui,²
1216 858 1248 915 ad
1277 876 1349 916 mare
1375 859 1506 923 devectae,
1535 867 1616 933 atque
1643 860 1705 920 inde

420 939 500 1000 lacile
522 942 555 999 ad
578 943 726 1000 exercitum
748 950 944 1019 comportatae,
968 944 1041 1017 quod
1062 961 1148 1017 usque
1170 945 1203 999 ad
1227 942 1303 1003 littus
1327 945 1400 1020 pnrvi
1418 945 1525 1018 negocii
1541 946 1607 1007 erit.
1631 930 1705 1002 alit·

420 1037 482 1086 tore
503 1045 567 1085 vero
589 1029 622 1085 ad
644 1030 794 1085 exercitum
816 1028 953 1105 quomodo
976 1024 1037 1085 tuto
1059 1028 1117 1085 deri
1139 1029 1242 1104 possit,
1270 1031 1323 1087 erit
1348 1046 1443 1086 eorum
1464 1031 1512 1104 qui
1534 1030 1561 1086 in
1584 1048 1613 1086 re
1636 1048 1706 1106 prae·

419 1113 492 1189 ,seuti
513 1113 618 1171 luerint
637 1112 808 1171 deliberatio.
853 1113 905 1170 Sed
927 1113 994 1171 illud
1015 1115 1069 1185 erit
1090 1115 1250 1177 curandum.
1279 1123 1311 1172 ut
1336 1122 1501 1173 mercatores
1529 1115 1621 1173 idonei
1641 1133 1706 1172 cou-

394 1199 568 1262 sduoentnr.
596 1199 643 1275 qui
670 1199 740 1256 hanc
767 1199 934 1275 provinciam
961 1199 1169 1257 deferendorum
1198 1209 1397 1258 commeatuum
1417 1217 1468 1275 pro
1489 1199 1607 1257 honesto
1628 1200 1706 1258 lucro

419 1283 544 1359 capiant.
568 1291 650 1359 atque
673 1284 713 1341 eis
734 1293 858 1359 potestas
881 1292 908 1341 et
930 1302 1029 1343 nomeu
1052 1284 1302 1343 commissariorum
1318 1304 1332 1343 a
1347 1285 1470 1343 locorum
1484 1285 1605 1351 dominis,
1617 1286 1705 1348 detur.

419 1386 475 1444 quo
496 1370 600 1426 maiore
622 1370 784 1427 auctoritate
806 1371 944 1445 negociari
966 1380 995 1428 et
1016 1370 1116 1429 ibidem
1137 1387 1233 1428 curare
1254 1372 1406 1428 necessaria
1428 1370 1543 1447 possint.
1580 1407 1584 1419 ·

504 1488 540 1545 ue
562 1489 669 1546 duobus
691 1506 769 1553 vero,
793 1507 854 1564 quae
877 1490 1044 1547 extrinsecus
1065 1489 1259 1561 consideranda
1285 1491 1425 1553 duximus,
1457 1497 1563 1546 tentare
1589 1489 1706 1565 aliquem

420 1572 557 1631 infidelem
572 1573 737 1649 principem,
754 1573 985 1651 utpoteSopbin,
1004 1575 1035 1631 ad
1052 1567 1153 1632 bellum
1168 1574 1220 1632 boc
1235 1584 1329 1632 contra
1346 1575 1479 1638 Thomas,
1504 1575 1603 1650 quibus
1619 1574 1707 1631 inimi·
1765 1569 1767 1572 ⁴

385 1659 547 1717 recissimus
568 1676 630 1716 esse
652 1658 747 1722 debet,
776 1658 1026 1717 communicandum
1050 1661 1129 1735 'torte
1151 1677 1205 1716 non
1228 1670 1302 1718 esset
1324 1658 1435 1723 inutile,
1454 1661 1505 1716 'sed
1528 1678 1582 1717 non
1606 1661 1632 1716 in
1654 1658 1707 1718 hoe
1753 1679 1756 1685 ’

418 1756 516 1819 magna
538 1748 602 1818 spes'
624 1761 640 1801 a
662 1744 757 1808 nobis.
779 1762 871 1802 venum
894 1746 922 1802 in
943 1744 995 1801 deo
1011 1753 1039 1814 et
1054 1744 1157 1829 viribus
1172 1745 1351 1820 consiliisque
1366 1745 1469 1801 nostris
1484 1753 1527 1801 est
1541 1744 1706 1802 collocanda.

474 1848 475 1852 ¹
502 1829 538 1886 lle
559 1828 692 1887 divisione
713 1846 777 1887 vero
800 1847 893 1897 eorum
917 1827 979 1905 quae
1001 1829 1080 1892 bello‘
1089 1828 1266 1905 acquirentur
1280 1832 1320 1888 sic
1335 1818 1407 1888 iuste
1423 1828 1556 1894 iacienda.
1581 1839 1612 1887 ut
1626 1847 1706 1887 nemo

416 1915 551 1991 conqueri
573 1932 624 1972 uec
644 1915 842 1973 dissensionem
865 1933 987 1990 querere
1016 1917 1076 1985 iure
1091 1915 1206 1990 possit,
1238 1915 1343 1973 videtur
1370 1932 1430 1973 esse
1458 1915 1707 1972 commodissimum
1736 1929 1740 1940 “

418 2001 472 2073 iam
494 2017 567 2058 nunc
595 2000 698 2057 iudices
721 2009 749 2057 et
771 2000 889 2058 arbitros
912 2001 993 2057 huius
1007 1999 1150 2081 divisionis
1165 1994 1282 2076 eligere,
1306 2011 1370 2076 puta
1386 2001 1535 2057 Romanum
1550 1999 1707 2077 pontificem

385 2093 448 2143 eset
469 2102 575 2143 sacrum
599 2083 763 2160 collegium,
795 2095 842 2142 aut
870 2084 937 2142 alios
965 2084 1146 2143 communiter
1173 2104 1188 2142 a
1215 2086 1384 2161 principibus
1410 2084 1631 2149 constituendos,
1660 2087 1707 2161 qui

364 2237 368 2243 ⁵
417 2170 544 2228 conlecto
567 2168 640 2227 bello
670 2171 788 2228 iudicare
816 2171 946 2228 deberent
973 2171 1120 2245 secundum
1146 2171 1281 2228 rationem
1308 2171 1497 2247 proportio-nis
1527 2179 1651 2246 sumptus
1680 2180 1708 2227 et

417 2255 521 2312 laboris
544 2255 571 2311 in
593 2255 646 2312 boc
668 2254 768 2312 bellurn
793 2256 922 2330 impensi,
954 2255 994 2313 vel
1017 2256 1068 2312 alia
1091 2258 1251 2332 prescripta
1274 2264 1302 2312 et
1330 2256 1362 2313 ab
1385 2255 1510 2313 omnibus
1532 2264 1642 2331 accepta
1665 2273 1706 2312 ra·

419 2340 509 2403 tione,
532 2358 649 2414 quorum
673 2340 772 2399 iudicio
795 2359 889 2398 omnes
911 2350 983 2398 stare
1004 2340 1150 2405 deberent,
1179 2341 1229 2398 sub
1257 2342 1345 2416 poenis
1367 2359 1449 2416 supra
1473 2343 1500 2397 in
1523 2341 1637 2399 induciis
1660 2359 1706 2416 ap·

418 2426 533 2502 positis;
557 2424 598 2482 vel
620 2425 643 2482 si
666 2425 712 2483 illa
735 2436 827 2484 sancta
849 2427 1058 2484 confraternitas
1081 2427 1167 2490 fieret.
1191 2444 1251 2500 qum
1267 2435 1502 2502 recuperarentur.
1525 2427 1708 2483 communiter

384 2511 453 2569 aab
475 2528 507 2568 ea
529 2517 690 2568 tenerentur
711 2530 762 2586 pro
785 2512 913 2576 indiviso,
937 2529 1082 2588 quousque
1104 2531 1154 2587 per
1176 2513 1286 2569 eandem
1308 2512 1431 2587 deputati
1455 2511 1557 2568 iudices
1579 2511 1708 2569 detumi-

417 2604 530 2653 narent:
553 2595 671 2653 dividere
693 2604 784 2654 autern
806 2615 850 2655 res
872 2606 935 2655 aute
956 2615 1036 2672 quarn
1051 2606 1137 2672 partae
1153 2599 1222 2660 sint,
1247 2597 1440 2670 incongruum,
1463 2605 1491 2653 et
1513 2604 1607 2670 postea
1629 2596 1707 2653 linito

418 2679 492 2738 bello
515 2682 547 2738 ad
569 2680 754 2738 dissensiones
783 2683 874 2740 venire
902 2681 1102 2757 periculosum:
1131 2683 1184 2739 hoc
1211 2691 1300 2739 autern
1328 2681 1408 2736 modo
1437 2682 1625 2756 unusquisque
1655 2683 1707 2739 iam

418 2767 501 2824 sciret
523 2767 581 2823 lere
604 2766 669 2840 quid
692 2766 723 2823 ad
746 2785 776 2824 se
797 2776 941 2824 venturum
964 2776 1051 2831 esset,
1080 2777 1109 2825 et
1131 2784 1203 2824 nunc
1225 2784 1334 2843 operam
1357 2773 1518 2841 tempusque
1547 2767 1574 2821 in
1596 2766 1647 2823 liae
1666 2767 1708 2824 di·

418 2853 522 2909 uisione
544 2850 693 2909 alienarum
716 2851 802 2910 adbuc
823 2870 914 2911 rerum
936 2871 991 2910 nou
1012 2861 1182 2911 contereret.-

384 2997 410 3037 25
504 2987 640 3046 llactenus
661 2997 763 3045 nostrae
786 2939 897 3046 suntin
921 2989 1036 3064 singulis
1057 2990 1193 3065 capitibus
1215 3007 1298 3063 supra
1321 2987 1469 3063 propositis
1497 2987 1576 3050 dictm
1599 2995 1707 3044 senteu-

420 3072 472 3129 tiae.
510 3072 586 3130 Nunc
608 3073 729 3147 quaedam
751 3082 884 3148 preterea
906 3075 1041 3132 addemus.
1086 3075 1115 3131 Si
1137 3076 1208 3132 enirn
1236 3074 1294 3130 fieri
1323 3081 1430 3147 posset.
1460 3081 1489 3128 ut
1511 3071 1656 3146 Hungariae
1678 3082 1706 3129 et

418 3157 541 3217 Poloniae
563 3174 653 3233 reges,
665 3160 767 3233 paratis
789 3160 953 3217 exercitibus
976 3161 1108 3218 Tburcam
1131 3178 1163 3218 en
1185 3177 1216 3216 ea
1238 3167 1316 3233 parte
1339 3158 1507 3219 invaderent.
1531 3173 1585 3212 uon
1601 3165 1643 3213 est
1656 3157 1706 3214 du·

418 3241 528 3324 bium.l
546 3245 612 3318 quin
634 3244 749 3301 multum
771 3245 951 3319 proficeretur
965 3246 999 3302 ad
1020 3245 1121 3303 bellurn
1136 3244 1346 3302 conficiendum:
1370 3260 1483 3316 magnus
1505 3243 1577 3298 enim
1600 3243 1660 3299 inde
1691 3255 1774 3309 tuto.)

419 3335 511 3386 terror
532 3329 691 3387 iniicerctur
712 3329 801 3393 hosti,
828 3331 942 3405 eiusque
965 3332 1034 3388 vires
1063 3331 1294 3393 distraherentur:
1330 3330 1423 3402 itaque
1451 3335 1514 3384 suut
1536 3325 1576 3382 illi
1599 3328 1707 3402 quidem

386 3415 582 3471 atcobortaudi
605 3423 632 3470 et
655 3415 798 3477 incitandi,
822 3415 973 3490 auxiliaque
998 3416 1051 3472 illis
1074 3416 1175 3478 danda.
1198 3414 1245 3470 sed
1269 3415 1305 3470 ita
1328 3422 1359 3469 ut
1380 3414 1413 3470 de
1436 3431 1468 3469 eo
1491 3411 1611 3469 exercitu
1632 3415 1708 3470 etde

419 3517 451 3556 eu
474 3501 665 3575 apparatione,
690 3519 770 3573 qumn
791 3500 923 3564 diximus,
946 3500 1014 3556 nibil
1038 3502 1148 3559 omniuo
1171 3501 1359 3561 imminuatur.
1388 3499 1415 3554 in
1443 3497 1493 3554 bac
1515 3498 1586 3553 euim
1608 3515 1708 3555 nervus

420 3593 447 3640 et
470 3586 509 3642 vis
532 3594 560 3642 et
581 3602 646 3659 spes
668 3585 733 3642 belli
756 3604 786 3643 oc
808 3587 929 3643 victoriae
951 3587 1004 3642 sita
1026 3594 1083 3649 est,
1113 3603 1205 3644 verum
1229 3586 1252 3641 si
1274 3585 1333 3641 sine
1354 3584 1436 3640 herlus
1459 3591 1604 3656 apparatus
1626 3583 1709 3638 detri-

419 3679 512 3726 mento
539 3671 663 3745 pecunie
692 3688 724 3728 ea
750 3672 879 3728 cruciatis
906 3680 935 3728 cl
962 3671 1075 3728 decimis
1097 3669 1131 3729 ab
1154 3670 1208 3727 illis
1230 3670 1359 3726 extremis
1381 3669 1539 3726 nationibus
1554 3667 1706 3741 Norvegire,

418 3755 521 3817 llauiae.
544 3752 667 3814 διιοιιίω
690 3755 745 3812 illis
767 3753 879 3813 attribui
901 3765 1031 3831 possent.
1055 3757 1154 3830 quibus
1176 3756 1324 3813 exercitum
1346 3753 1467 3816 alerent.
1490 3761 1563 3811 esset
1583 3753 1609 3809 id
1625 3753 1707 3810 rebus

385 3841 526 3897 :snostris
547 3840 704 3898 adiumento
726 3858 835 3915 magno.
879 3842 943 3899 ltem
966 3843 990 3897 si
1013 3851 1114 3916 praetcr
1134 3858 1197 3898 eum
1219 3841 1381 3903 exercitum,
1404 3858 1485 3914 quem
1507 3855 1590 3912 supra
1605 3839 1708 3894 unitate

418 3926 593 3983 coniunctum
616 3925 846 3996 essenoluimus.
870 3935 943 3984 tanto
965 3935 1098 4002 preterea
1121 3926 1236 3983 militum
1252 3927 1330 4000 copiu
1346 3934 1432 3988 esset.
1457 3933 1487 3980 ut
1502 3921 1626 3998 pluribus
1640 3922 1708 3979 locis

419 4011 538 4086 impetus
560 4010 588 4068 in
610 4010 730 4068 hostium
753 4011 820 4068 fines
842 4011 916 4075 lieri,
943 4012 1071 4086 presidia
1092 4011 1197 4069 crebris
1219 4013 1247 4068 in
1269 4010 1338 4067 locis
1359 4010 1467 4085 disponi
1490 4015 1618 4084 possent,
1648 4009 1709 4082 quis

419 4112 475 4151 non
497 4095 586 4151 videat
607 4095 660 4157 boc
683 4095 858 4153 utilissimum
880 4098 983 4154 nostris
1006 4097 1089 4154 rebus
1111 4097 1253 4155 lutururn?
1283 4097 1329 4152 sed
1353 4113 1383 4152 ea
1407 4105 1510 4151 tanturn
1533 4110 1594 4167 quae
1617 4109 1709 4149 neces·

488 4351 680 4415 ¹cdmm.2.l.
732 4362 874 4431 maximos]
893 4368 1080 4431 magudam.
1139 4362 1211 4430 inde]
1231 4364 1330 4415 deinde
1344 4369 1370 4416 3.
1406 4363 1575 4414 ‘excercitin
1590 4358 1618 4412 A.
1637 4377 1708 4412 com-

419 4453 531 4514 portare
542 4452 606 4500 2...5
644 4447 801 4515 ⁸posaat5.
836 4448 1037 4500 ⁴idoneot.3.
1077 4449 1262 4512 'majoresd
1298 4448 1457 4514 ⁸Copitula
1475 4448 1632 4497 extrinseca
1650 4454 1709 4496 ante

418 4535 462 4585 De
475 4534 568 4585 latent
579 4537 652 4587 2...l.
687 4534 698 4566 ⁹
711 4534 828 4599 Sopbum
837 4538 859 4584 l.
879 4534 1023 4601 Sopbimd.
1042 4535 1187 4600 Zopbimd.
1206 4573 1209 4576 ⁴
1223 4534 1327 4583 Turcue
1339 4535 1387 4583 br.
1400 4533 1476 4583 babet
1488 4534 1604 4582 ettum5.'
1629 4529 1650 4564 ¹²
1663 4547 1709 4581 ac-

419 4619 679 4682 quirerentare...5.
738 4616 759 4650 ¹⁸
776 4619 974 4671 dissentionem
988 4623 1013 4670 3.
1033 4619 1231 4670 deffensionem
1242 4624 1267 4671 5.
1324 4617 1395 4667 iuste
1408 4621 1433 4667 5.
1492 4615 1513 4649 ¹⁴
1525 4618 1590 4676 iam]
1603 4631 1666 4667 nam
1679 4623 1708 4667 A.

420 4701 841 4769 “debereutlbaberentddb
888 4702 1104 4770 propolitibisd
1152 4703 1173 4737 ¹⁸
1191 4703 1365 4769 iudicijsdl.
1419 4701 1438 4735 ¹⁸
1456 4692 1709 4768 recuperandis

417 4787 441 4821 ²⁰
458 4803 581 4854 quosque
594 4792 647 4840 te.
691 4788 714 4822 ²³
730 4790 919 4841 discensiones
928 4795 953 4841 5.
988 4789 1011 4822 ²⁴
1024 4795 1194 4842 conterreret
1206 4795 1233 4842 3.
1256 4805 1345 4841 rerum
1357 4793 1500 4839 conterere
1512 4803 1567 4838 non
1579 4793 1708 4841 conveni·
1726 4809 1728 4811 ’

417 4879 471 4926 ret.
485 4877 510 4925 4.
532 4879 667 4925 conteret.
681 4880 706 4925 5.
741 4873 763 4908 ²⁵
775 4876 906 4942 capitulis
920 4878 991 4926 2...l.
1027 4877 1211 4941 suprapositis
1224 4880 1280 4927 Μ.
1299 4875 1403 4926 datoe5.
1438 4872 1708 4926 ΙῚΊίιιοιιιιιιειάιιιδ.

318 5010 324 5029 ,
416 4959 549 5011 ”terror
565 4959 631 5011 inde
648 4963 674 5011 2.
709 4959 732 4993 ³⁰
750 4958 790 5027 et]
811 4965 892 5026 atque
904 4964 930 5012 2.
967 4944 989 4991 ¹⁵
1008 4956 1054 5026 ac]
1074 4962 1141 5010 etl.
1176 4958 1198 4991 ³³
1218 4959 1255 5026 et]
1274 4962 1397 5010 scm.
1437 4957 1459 4990 ⁸⁴
1477 4959 1574 5010 Daciae
1587 4963 1707 5012 A.1.t.-5.

417 5047 556 5099 Datin-l.
583 5043 619 5086 ⁴⁸⁵
638 5061 739 5112 magno
757 5041 857 5098 edium
877 5049 951 5097 2...5.
992 5049 1167 5111 supraema·
1206 5043 1229 5078 ⁸⁸
1246 5045 1324 5097 ridet
1342 5049 1370 5096 et
1388 5047 1449 5096 m.

505 5126 521 5155 l
