4300 6059
495 771 497 776 1
536 690 607 761 140
630 721 812 756 ΙΔΧΙΙΙΗΔΝΙ
826 721 883 755 ΙΙΡ.
895 720 931 755 ΑΒ
944 721 1056 756 moun
1070 722 1096 756 Χ.
1110 723 1133 756 l’.
1148 723 1175 756 bl.
1188 722 1314 757 utram
1326 723 1361 756 DE
1375 723 1465 760 nvnct
1477 724 1668 759 nunnuutttno.
1681 724 1707 760 A.
1720 717 1777 760 1517.

533 899 609 938 seros
637 899 684 937 eos
712 880 893 955 appellamus,
928 879 973 953 qui
1002 897 1061 935 cum
1090 879 1401 953 opibus'lloreutissimi
1433 882 1501 942 sint.
1536 877 1637 939 viribus
1671 892 1698 939 et
1726 885 1806 940 animi

533 966 717 1040 magnitudine
739 965 858 1038 egregii,
888 982 1004 1038 quorum
1027 964 1119 1019 virtuti
1142 982 1196 1029 non
1218 965 1279 1020 Asia
1302 965 1390 1021 solum
1412 967 1534 1028 cederet.
1564 968 1610 1023 sed
1638 977 1666 1023 ct
1693 969 1716 1023 si
1739 967 1808 1024 alter

532 1060 665 1108 terrarum
693 1051 766 1106 orbis
794 1048 974 1123 reperiretur,
1008 1049 1084 1122 qrrasi
1107 1058 1194 1105 tamen
1222 1048 1318 1105 nullibi
1347 1049 1469 1106 locorum
1496 1046 1595 1107 divitiae
1624 1062 1715 1108 ostent
1750 1051 1807 1115 in'si

533 1138 603 1192 inter
625 1137 699 1210 ipsos
722 1133 904 1195 Christianos,
927 1133 1022 1189 nullibi
1044 1135 1166 1190 civitates
1189 1152 1247 1190 sese
1271 1135 1382 1190 invicem
1405 1135 1562 1201 absumunt;
1584 1136 1702 1210 perhdos
1718 1131 1806 1194 autem

531 1221 630 1277 Christi
652 1222 745 1277 hostes
768 1220 816 1275 bac
838 1227 865 1275 et
887 1213 949 1275 illac
970 1220 1087 1275 victores
1109 1210 1217 1292 impune
1238 1220 1329 1294 vagari
1352 1221 1527 1293 permittunt;
1556 1221 1621 1295 qttin
1644 1230 1684 1284 ct.
1708 1223 1731 1278 si
1753 1224 1832 1279 deos

531 1306 634 1382 placet,
657 1306 689 1362 de
710 1313 796 1361 semet
818 1305 982 1379 triumphum
1004 1305 1106 1361 referre
1127 1305 1228 1361 sinunt.

616 1391 748 1447 Caeterum
764 1409 824 1447 cum
840 1390 928 1446 animo
944 1398 1046 1445 nostro
1070 1390 1230 1464 repetimus.
1255 1391 1326 1463 quod
1349 1389 1442 1446 nullus
1455 1391 1523 1447 Deus
1540 1391 1620 1447 sortis
1643 1400 1684 1447 cst
1706 1400 1805 1466 praeter

532 1476 613 1534 Derim
635 1483 771 1537 nostrum,
795 1474 885 1530 nullus
908 1492 994 1549 porro
1013 1473 1083 1531 alius
1106 1474 1152 1548 qui
1175 1476 1325 1538 convinciat
1347 1482 1442 1548 gentes
1465 1476 1492 1530 in
1515 1476 1674 1532 fortitudine
1704 1476 1804 1533 brachii

532 1562 589 1623 sui,
612 1562 638 1617 in
661 1578 718 1617 eam
741 1560 901 1617 senteutiam
924 1559 1091 1622 devenimus,
1113 1568 1144 1614 ut
1167 1576 1216 1633 pro
1239 1567 1314 1615 certo
1337 1559 1482 1617 habeamus
1498 1562 1644 1616 'lureamm
1666 1561 1806 1618 victoriam

533 1645 691 1702 Christianis
714 1644 857 1732 salutarem
880 1646 951 1700 lore:
981 1644 1067 1700 voluit
1085 1640 1165 1700 'enim
1193 1645 1280 1700 divina
1307 1644 1431 1700 maiestas
1459 1662 1508 1718 per
1535 1646 1602 1702 hanc
1624 1664 1708 1702 caecas
1730 1647 1840 1702 Chri-to

459 1726 461 1730 ’
532 1733 682 1789 stianorum
705 1730 857 1804 aliquorum
879 1739 982 1786 mentes
1006 1728 1170 1791 illuminare,
1193 1737 1221 1784 et
1243 1729 1408 1786 dormientes
1427 1730 1556 1792 excitare,
1581 1731 1807 1813 acianvmpul·
1858 1786 1860 1789 ,

531 1831 611 1878 sares
629 1824 734 1890 tempus
757 1818 808 1872 iam
830 1831 889 1872 esse
911 1832 943 1871 ex
964 1832 1059 1871 somno
1082 1830 1203 1888 surgere.
1234 1813 1299 1882 Quae
1314 1815 1392 1871 nobis
1406 1815 1590 1889 cogitantibus
1605 1818 1691 1872 omnis
1706 1834 1807 1873 moror

530 1902 576 1959 ille
599 1921 614 1958 a
635 1901 714 1957 nobis
736 1902 850 1964 recedit,
875 1908 905 1964 et
932 1900 960 1956 iu
980 1899 1102 1956 laetitiam
1124 1900 1216 1974 potius
1238 1900 1368 1956 vertitur:
1391 1918 1531 1974 speramus
1552 1901 1622 1957 enim
1646 1901 1696 1957 iam
1719 1919 1806 1976 prope

531 1988 653 2044 futurum
685 2005 745 2044 eum
780 1995 900 2045 externae,
929 1993 956 2041 et
983 1984 1069 2041 inlidae
1098 1993 1193 2058 gentes
1220 1994 1368 2059 agnoscent
1396 1986 1530 2042 Christum
1559 1986 1696 2042 dominum
1725 1987 1805 2042 [teum

530 2090 617 2129 suum.
654 2089 741 2145 neque
763 2071 910 2127 lurcarum
939 2077 1012 2126 tanta
1040 2070 1153 2126 victoria
1182 2069 1262 2126 uobis
1289 2069 1466 2127 lomnidolosa
1488 2088 1547 2126 essc
1576 2070 1670 2127 debet:
1704 2071 1804 2127 scimus
1818 2086 1840 2121 vs

531 2158 601 2215 enim
630 2156 736 2230 quoties
765 2155 936 2229 omnipotens
963 2155 1031 2210 llcus
1053 2153 1178 2211 hostibus
1200 2156 1258 2211 suis
1279 2155 1350 2211 vires
1371 2155 1489 2218 dederit,
1519 2163 1549 2212 ut
1571 2173 1681 2212 suorum
1704 2154 1806 2211 scelera

532 2260 562 2299 ac
584 2236 696 2316 peccata'
715 2240 905 2304 ulcisceretur;
934 2240 1056 2295 novimus
1074 2239 1164 2316 *etiarn
1187 2239 1295 2313 quotics
1317 2240 1436 2299 volucrit
1456 2240 1523 2296 fidos
1546 2240 1663 2296 numinis
1685 2240 1728 2297 sui
1750 2239 1807 2297 cul·

533 2336 606 2383 tores
629 2344 708 2400 parva
731 2342 809 2381 mauu
833 2326 956 2398 ingentes
978 2325 1211 2398 bostiumcopias
1237 2326 1358 2382 sundere.
1402 2324 1584 2400 speraverunt
1612 2325 1638 2380 in
1660 2342 1693 2381 eo
1715 2333 1807 2400 patres

489 2418 513 2462 u.
533 2412 636 2478 nostri,
665 2418 854 2485 speravemnt,
884 2419 910 2465 et
938 2409 1061 2470 liberavit
1089 2427 1145 2466 eos.
1211 2409 1312 2478 Quodsi
1341 2420 1394 2467 tam
1420 2429 1497 2467 caecae
1526 2410 1680 2485 aliquorum
1703 2419 1807 2466 mentes

531 2506 611 2554 erunt
633 2513 692 2570 quae
714 2503 768 2551 tam
790 2497 872 2552 certis
893 2495 978 2552 luturi
1001 2495 1074 2551 exitii
1097 2495 1199 2552 nuntiis
1221 2496 1340 2552 nondum
1362 2496 1535 2569 resipiscant,
1564 2512 1618 2551 non
1647 2504 1736 2551 tamcu
1756 2510 1842 2551 noro

532 2581 573 2638 bis
594 2581 789 2656 desperandum
810 2581 862 2636 erit
884 2578 930 2636 tali
953 2579 1092 2654 poutihce,
1116 2580 1221 2653 qualem
1243 2579 1326 2637 multa
1348 2579 1447 2636 saecula
1468 2598 1522 2637 nou
1544 2579 1680 2637 tulerunt:
1710 2580 1808 2636 scimus

530 2667 654 2741 egregias
675 2665 803 2728 virtutes,
832 2660 945 2739 inclytas
967 2665 1047 2722 animi
1070 2666 1148 2721 dotes
1176 2665 1350 2721 beatitudinis
1379 2674 1490 2727 vestrae,
1520 2673 1547 2721 et
1574 2682 1644 2721 nuuc
1674 2666 1808 2722 cernimus

469 2797 472 2804 .
531 2769 585 2826 quo
608 2752 729 2813 fervore,
761 2768 813 2824 qua
842 2750 942 2824 pietate
969 2767 1020 2825 pro
1047 2751 1192 2806 commisso
1216 2750 1265 2806 sibi
1295 2768 1377 2823 grege
1407 2751 1529 2814 insudet:
1558 2768 1618 2824 quae
1647 2767 1808 2823 quanrquam

530 2836 608 2893 nobis
630 2836 783 2910 gratissima
806 2843 883 2897 sunt,
907 2853 989 2892 unum
1013 2844 1101 2891 tamen
1123 2835 1202 2892 nobis
1225 2853 1337 2892 summa·
1360 2836 1530 2891 admirationi
1554 2836 1606 2891 luit
1627 2834 1808 2906 (admirationi

530 2939 563 2994 ne
574 2939 612 2980 au
634 2922 726 2996 potius
748 2921 857 2978 moerori
867 2919 888 2992 t)
912 2922 984 2994 quod
1000 2922 1129 2977 sanctitas
1145 2928 1233 2977 vestra
1249 2928 1334 2995 optat,
1357 2929 1387 2989 ut
1402 2921 1471 2976 licus
1487 2938 1565 2976 aures
1580 2928 1689 2996 nostras
1704 2921 1808 2995 aperiat
1817 2933 1842 2972 11

469 3013 471 3018 ’
530 3007 563 3082 ad
585 3006 745 3064 audiendum
767 3005 911 3080 aliquando
933 3006 1053 3061 veritatis
1075 3023 1181 3061 vocem:
1205 3006 1281 3078 quasi
1304 3023 1368 3062 vero
1391 3005 1497 3062 veritati
1520 3023 1599 3062 aures
1618 3005 1749 3064 hacteuus
1765 3024 1810 3061 oc·

384 3077 393 3092 ³
529 3091 698 3149 clusorimus.
736 3092 808 3164 atqui
839 3091 875 3146 ita
903 3091 935 3147 de
964 3090 1042 3147 nobis
1070 3091 1279 3165 respondemus.
1311 3107 1361 3146 uos
1389 3108 1444 3147 non
1472 3099 1525 3147 tam
1554 3091 1691 3164 profundo
1714 3107 1810 3146 somno

476 3225 478 3229 ,
530 3178 636 3250 sopitos
660 3177 686 3255 in
708 3175 777 3232 banc
799 3192 885 3249 usque
906 3175 1000 3232 horam
1018 3174 1233 3238 obdormivisse.
1264 3184 1294 3231 ut
1321 3176 1379 3232 haee
1400 3176 1507 3232 demum
1529 3177 1675 3232 Turcamm
1697 3175 1810 3231 victoria

529 3279 580 3318 nos
602 3261 746 3324 excitaret:
778 3261 824 3317 sed
853 3261 897 3316 diu
927 3268 988 3317 ante
1007 3261 1188 3334 praevidimus
1216 3278 1248 3316 ca
1277 3278 1337 3334 quae
1364 3278 1436 3317 nunc
1463 3268 1526 3316 ante
1554 3261 1649 3338 oculos
1672 3260 1809 3321 habemus.

530 3346 762 3420 sanctissimaeque
790 3347 926 3403 memoriae
954 3336 1170 3420 predecessores
1199 3347 1351 3403 sanctitatis
1383 3352 1497 3407 vestrae.
1533 3347 1578 3420 qui
1607 3353 1687 3402 aetate
1715 3355 1809 3405 nostra
1819 3358 1844 3396 ao

529 3433 668 3495 vixenunt,
691 3431 845 3488 monuimus
868 3432 1077 3505 rogavimusque
1099 3440 1126 3487 et
1148 3448 1198 3506 per
1220 3431 1322 3487 viscera
1349 3431 1517 3488 mericordiae
1540 3431 1585 3487 llei
1613 3430 1741 3487 obtestati
1766 3448 1811 3485 su·

530 3536 604 3581 mus,
627 3524 658 3574 ut
680 3517 837 3574 Christianae
860 3515 1015 3590 reipublicae
1037 3515 1228 3572 consulerent:
1257 3532 1375 3589 quorum
1397 3515 1490 3592 aliqui,
1504 3515 1644 3572 nobiscum
1667 3533 1811 3572 consense-

531 3612 607 3665 runt.
638 3602 686 3658 sed
713 3610 801 3658 tamen
829 3619 935 3675 semper
963 3602 1063 3675 reperti
1093 3609 1158 3659 sunt
1185 3601 1231 3674 qui
1259 3608 1312 3656 tam
1342 3600 1470 3675 gloriosse
1492 3609 1520 3657 et
1542 3610 1596 3657 tam
1618 3601 1671 3657 llco
1693 3609 1811 3674 accepte

531 3687 694 3761 expeditioni
717 3686 881 3749 inviderent,
910 3695 935 3741 ct
965 3687 1037 3741 omni
1065 3687 1128 3741 nixu
1156 3686 1235 3742 nobis
1264 3686 1478 3742 adversarentur.
1516 3685 1587 3760 quod
1616 3686 1638 3740 si
1668 3684 1706 3741 illi
1730 3685 1811 3740 iidem

531 3771 682 3829 sanctitatis
705 3779 801 3827 vestrae
823 3771 1036 3846 praedecessores
1059 3771 1178 3827 viverent
1202 3772 1247 3846 qui
1270 3779 1351 3827 aetate
1374 3780 1466 3826 nostra
1489 3772 1578 3832 luere,
1601 3770 1745 3826 redderent
1766 3781 1844 3826 voto

530 3857 619 3913 ritatis
642 3856 839 3919 testimouium.
870 3866 898 3913 et
920 3856 1059 3914 nobiscum
1083 3873 1136 3913 una
1158 3857 1317 3913 Christianae
1339 3856 1496 3929 reipublicae
1517 3866 1572 3912 tam
1595 3855 1812 3927 lugubremho·

531 3943 613 3999 stium
636 3942 775 3998 victoriam
798 3943 1020 4016 ingemiscerent,
1043 3951 1070 3998 et
1094 3950 1191 4016 sponte
1214 3960 1262 3997 sua
1285 3942 1436 3997 faterentur
1450 3940 1646 4015 expeditionem
1663 3941 1741 3996 istam
1756 3957 1811 3995 non

505 4039 508 4046 '
531 4028 580 4084 hac
603 4035 763 4101 tempestate
792 4029 876 4101 magis
903 4045 983 4101 ‹puam
1011 4045 1118 4101 semper
1145 4027 1323 4091 necessariam
1357 4026 1451 4082 luisse.
1501 4026 1598 4082 Verum
1625 4026 1679 4082 Deo
1708 4025 1812 4099 optimo

531 4102 644 4168 marimo
667 4113 769 4186 gratias
791 4113 908 4185 agimus,
933 4113 1005 4186 quod
1028 4113 1154 4168 maiestas
1176 4129 1223 4167 sua
1246 4129 1296 4168 nos
1318 4110 1490 4186 potissimum
1512 4110 1628 4167 excitare
1649 4108 1735 4166 voluit
1751 4109 1812 4165 bea·

532 4196 645 4252 titudine
667 4205 755 4254 vestra
778 4198 837 4253 eius
859 4198 942 4254 vicem
970 4205 1082 4271 gerente
1109 4204 1137 4252 et
1164 4214 1275 4271 gregem
1304 4197 1392 4253 ovium
1421 4187 1531 4253 suarum
1560 4196 1670 4269 egregie
1697 4202 1810 4256 tutante.
1821 4206 1847 4247 11

532 4274 592 4354 quac
616 4281 638 4337 si
661 4290 777 4356 coptum
801 4282 852 4338 iter
873 4283 1011 4357 peregerit
1034 4283 1101 4339 (luce
1123 4283 1222 4338 virtute
1244 4300 1306 4344 sua,
1330 4280 1434 4338 nullum
1456 4279 1614 4342 discrimen.
1644 4279 1717 4336 uuba
1739 4278 1811 4336 cala·

531 4366 610 4422 mitas
632 4366 790 4424 Christianae
815 4367 969 4442 reipublicae
991 4367 1129 4424 subeunda
1145 4374 1192 4423 aut
1207 4367 1420 4441 pertimescenda
1435 4375 1489 4428 est:
1512 4382 1631 4439 nosque,
1655 4365 1744 4437 quoad
1759 4364 1814 4420 vita

532 4452 682 4526 supererit,
705 4470 840 4527 uunquam
863 4453 1017 4510 deseremus
1041 4461 1095 4509 tam
1110 4451 1259 4524 gloriosam
1274 4453 1453 4526 provinciam,
1477 4460 1530 4506 tam
1548 4450 1735 4512 necessariam,
1758 4458 1812 4506 tam

531 4536 584 4610 ipsi
606 4538 659 4593 llco
683 4547 832 4612 acceptam.
859 4538 906 4594 sed
930 4555 1009 4612 opes,
1038 4537 1123 4600 vires,
1152 4537 1310 4610 sanguinem
1333 4546 1455 4593 nostrum
1478 4537 1559 4592 ctiam
1587 4535 1620 4591 ad
1641 4543 1746 4592 certum
1768 4552 1813 4590 ex-

531 4620 608 4677 itium
628 4639 678 4695 pro
701 4622 799 4678 Christi
822 4622 873 4678 lide
894 4622 1073 4680 conferemus.
1123 4662 1128 4669 .
1822 4629 1848 4669 ⁴⁵

599 4802 697 4870 ¹cum]
717 4821 798 4870 quum
814 4806 881 4856 uz„
914 4803 1069 4854 'Ceterum
1089 4805 1116 4854 C.
1132 4806 1167 4855 H.
1221 4806 1255 4854 ll.
1269 4805 1336 4870 Rog.
1349 4803 1438 4853 xxtt.
1451 4802 1492 4853 32.
1507 4803 1543 4853 cl.
1556 4801 1658 4852 Psalm.
1672 4801 1757 4850 XVII.
1770 4799 1812 4851 32.

531 4887 853 4958 811011081.1111111111ἰ.
895 4889 1103 4950 convincath.
1151 4888 1381 4941 ct.10bxxt1.8.
1427 4886 1449 4919 ¹⁰
1461 4888 1577 4938 salutem
1590 4888 1621 4937 R.
1669 4883 1690 4916 ¹²
1707 4891 1815 4952 tempus

532 4970 593 5041 ete]
607 4973 689 5046 Pauli
702 4990 745 5040 ep.
758 4973 793 5024 ad
805 4974 880 5025 Rom.
893 4973 1015 5024 Xlll.ll.
1063 4975 1205 5024 sumundi.
1254 4971 1456 5036 ¹⁶·quotiesBz.
1504 4970 1524 5003 ¹⁷
1537 4972 1573 5022 cl.
1585 4970 1685 5022 Iudith.
1695 4971 1758 5020 vt1.
1772 4969 1812 5019 lt.

532 5053 553 5088 ¹⁸
571 5056 847 5111 cl.Peelm.XXl.b.
881 5056 904 5089 ²⁰
921 5057 1028 5107 nunciis
1042 5059 1070 5108 G.
1081 5060 1115 5108 H.
1151 5057 1172 5089 ³¹
1191 5055 1398 5107 ol.Luc.l.78.
1433 5055 1593 5128 ³⁴idernII.
1628 5052 1649 5087 ⁴¹
1662 5054 1813 5120 peregitR.
