4300 6059
418 750 427 758 .
451 691 497 761 ⁷0
581 718 704 755 uveralti
723 717 752 753 itt
771 713 864 754 DVGBH
883 715 1160 751 wiuanttrtinossttnuit
1178 714 1282 749 ORATIO
1301 716 1357 750 1111.
1382 715 1409 749 1.
1425 714 1488 750 AVG·
1503 714 1528 750 A.
1543 707 1601 750 1511.

1074 820 1079 835 ·
1215 820 1223 842 i

450 893 537 956 qnam
561 892 598 934 ne
621 873 709 933 miser
732 872 865 951 quiderm
888 876 921 931 tu
942 887 1059 949 semper
1082 871 1156 939 eris,
1180 888 1235 929 nec
1257 878 1290 930 ιιι
1311 871 1435 931 miseriae
1457 870 1601 930 terminus
1619 871 1656 931 sit
1671 872 1735 931 lieri

449 973 808 1054 potestaineorrnptibile
832 979 875 1034 est
898 973 990 1042 enim,
1020 990 1076 1032 nec
1099 990 1229 1050 unquam
1252 978 1458 1042 consumetur,
1486 990 1615 1051 unquam
1644 973 1680 1033 de
1703 993 1735 1034 se

450 1075 651 1139 immutabitur
674 1075 752 1155 quod
774 1083 871 1135 tecum
893 1093 952 1154 quo
975 1075 1066 1151 magis
1089 1073 1190 1163 dolore
1213 1076 1358 1152 carpitur,
1382 1092 1416 1134 eo
1439 1072 1560 1133 uberius
1581 1076 1734 1145 excrescit,

451 1197 626 1258 semperque
654 1164 829 1253 augentibus
857 1194 888 1237 se
916 1177 1010 1255 poeuis
1037 1177 1174 1237 materies
1205 1184 1263 1245 est,
1292 1194 1409 1254 semper
1431 1183 1482 1236 tuo
1502 1176 1645 1255 supplicio
1667 1178 1737 1238 satis

384 1294 442 1345 ooo.
453 1282 520 1343 eris.
565 1277 712 1350 Quorsum
734 1280 823 1356 igitur
846 1280 947 1345 attinet
967 1278 1024 1337 boe
1046 1278 1126 1356 quod
1149 1285 1216 1339 tuus
1237 1278 1338 1338 Roman
1365 1276 1491 1356 legatus,
1521 1297 1583 1365 quo
1603 1280 1758 1340 ininisnos

450 1380 662 1444 insidiamini
684 1379 801 1442 molitus
824 1399 870 1450 es,
893 1380 1019 1441 audebat
1041 1380 1140 1441 dicere
1162 1379 1272 1441 Omnes
1295 1387 1323 1440 te
1337 1381 1481 1442 Huttenos
1503 1381 1736 1450 interfectorum,

450 1483 474 1545 si
496 1484 552 1544 bac
574 1501 661 1561 causa
684 1483 883 1544 intercedente
906 1488 964 1542 tarn
987 1487 1082 1551 recte,
1105 1488 1164 1541 tam
1187 1483 1251 1543 iure
1270 1484 1382 1561 possis?
1404 1482 1450 1542 'lu
1466 1501 1568 1543 ornnes
1583 1482 1736 1553 llottenos,

450 1587 557 1655 miser,
580 1587 630 1664 qui
654 1603 712 1646 uno
735 1586 890 1646 interiecto
913 1592 971 1645 tam
995 1601 1026 1643 es
1048 1583 1120 1644 nibil
1144 1583 1255 1645 tactust
1278 1591 1336 1645 tarn
1358 1583 1454 1646 abste
1470 1586 1654 1654 immutatus,
1676 1593 1737 1646 taur

452 1686 597 1757 abiectus,
627 1694 686 1748 tarn
709 1687 834 1758 fractus,
862 1688 1032 1747 immotam
1055 1686 1118 1763 ipse
1142 1686 1331 1747 interiectus?
1359 1693 1409 1747 aut
1437 1688 1590 1766 quisquam
1609 1666 1651 1747 1ι3
1673 1690 1736 1749 siue

453 1788 595 1857 cerebro,
618 1790 681 1850 sine
696 1808 784 1850 sensu
801 1795 852 1859 est,
876 1788 923 1848 eui
945 1794 976 1847 tu
999 1804 1101 1866 speres
1123 1806 1332 1867 persuasurum
1355 1790 1408 1848 ista
1431 1788 1483 1850 abs
1507 1795 1534 1863 te
1556 1791 1622 1850 iure
1640 1791 1734 1850 133131
1749 1804 1771 1841 ¹⁰

385 1908 452 1959 meo.
464 1889 663 1962 Quamobrem
686 1891 787 1952 desine
808 1892 879 1951 istos
900 1889 954 1949 tibi
981 1890 1064 1949 lucos
1093 1889 1221 1959 illinere,
1244 1890 1322 1951 banc
1349 1908 1505 1971 personam
1535 1892 1735 1970 praetendere:

358 2031 360 2034 >
451 1988 553 2055 notum
576 2001 619 2055 est
642 1993 710 2071 quid
733 1999 764 2052 tu
787 1993 920 2072 patiaris,
950 1999 1058 2071 etqua
1081 2010 1183 2060 eausa,
1211 2011 1269 2072 quo
1299 2000 1348 2053 tuo
1376 1994 1480 2052 merito
1502 1995 1630 2070 patiaris.
1675 1996 1736 2072 Age

452 2081 550 2158 autem
574 2113 661 2174 quam
684 2102 713 2155 te
742 2094 799 2155 boc
821 2094 959 2156 interficit
982 2090 1060 2173 qnod
1083 2101 1149 2174 post
1171 2100 1254 2154 natos
1276 2096 1305 2155 in
1327 2095 1383 2154 bac
1405 2094 1497 2174 patria
1520 2094 1654 2157 homiues
1676 2097 1736 2175 pri-

452 2216 518 2260 mus
539 2206 571 2257 tu
594 2204 730 2275 repertus
751 2213 783 2256 es
805 2196 855 2276 qui
877 2198 939 2257 sine
962 2196 1103 2257 advocato
1126 2214 1243 2257 causam
1272 2214 1388 2275 ageres,
1421 2203 1450 2257 et
1478 2201 1588 2279 tantam
1616 2217 1736 2259 causam

454 2299 574 2376 ageres?
597 2305 625 2357 et
647 2298 694 2358 eui
716 2316 775 2358 non
797 2297 885 2359 ruodo
908 2300 993 2360 amici
1016 2299 1113 2359 adsint
1135 2296 1221 2366 nulli,
1244 2299 1296 2358 sed
1319 2316 1372 2375 pro
1390 2317 1449 2376 quo
1465 2317 1502 2359 ne
1518 2298 1654 2360 mercede
1669 2302 1734 2380 qui·
1749 2316 1770 2352 ¹³·

384 2401 531 2474 cuidem
554 2400 715 2462 conductus
737 2401 891 2479 quisquam
913 2399 998 2464 dicat.
1034 2398 1097 2471 Qua
1120 2417 1155 2460 ex
1178 2417 1211 2459 re
1232 2415 1367 2476 magnam
1390 2400 1481 2483 nobis!
1497 2398 1662 2462 felicitatem
1684 2403 1735 2463 ad·
1794 2389 1800 2400 ’

451 2501 563 2573 scribo,
587 2502 693 2580 quibus
716 2503 812 2563 evenit
834 2510 865 2562 ιιι
886 2503 916 2562 13
939 2508 967 2563 13
990 2501 1194 2582 persequendo
1217 2503 1362 2578 neminem
1386 2501 1471 2563 simul
1495 2501 1559 2562 laedi
1582 2510 1734 2582 oporteat:

451 2622 511 2665 uno
534 2604 695 2682 eodemque
718 2604 847 2665 facinore
870 2611 951 2665 extra
974 2613 1052 2665 tuanr
1076 2604 1263 2681 dignitatem,
1288 2610 1365 2663 tuam
1388 2611 1497 2665 sortem
1520 2605 1631 2682 positus
1653 2607 1741 2685 quic-

452 2705 522 2786 quid
544 2712 626 2765 tuum
649 2706 716 2775 tuit,
740 2697 879 2785 quicquid
901 2705 954 2765 tibi
970 2707 1175 2776 coniunctum,
1198 2704 1364 2784 perdidisti:
1387 2706 1416 2765 in
1432 2723 1588 2767 commune
1603 2708 1735 2769 omnium
1824 2714 1828 2723 ‘

453 2808 552 2868 odium
575 2807 715 2880 incidisti,
740 2807 888 2887 publicam
909 2793 1103 2868 intensionem
1126 2808 1272 2875 meruisti,
1302 2805 1459 2884 quinetiam
1488 2807 1554 2867 odio
1577 2788 1732 2887 plusquam
1743 2828 1768 2868 ao

452 2907 549 2970 hostili
571 2907 690 2970 haberis
712 2911 789 2989 apud
813 2928 865 2972 eos
886 2908 1078 2988 quibuscum,
1102 2911 1157 2970 nisi
1180 2909 1374 2970 amicissimus
1394 2910 1447 2979 sis,
1471 2927 1617 2970 essenon
1640 2918 1734 2990 potes.

383 3028 449 3080 §.roa
462 3018 571 3072 nostrae
592 3012 713 3073 aetionis
735 3010 814 3072 nulla
836 3011 942 3071 invidia
966 3018 1023 3081 est,
1055 3030 1141 3073 eausa
1164 3011 1237 3071 adeo
1260 3028 1343 3087 aequa
1365 3017 1455 3071 utne
1483 3012 1640 3073 conviciari
1668 3016 1734 3092 qui·

451 3113 518 3174 dein
540 3130 704 3173 vereamur.
741 3114 835 3192 btque
857 3112 915 3173 boc
938 3114 1075 3191 estquod
1099 3131 1153 3173 nos
1169 3101 1240 3173 istos
1255 3111 1408 3172 adversum
1425 3117 1452 3172 te
1468 3113 1630 3193 principes,
1654 3114 1735 3175 bunc

450 3214 596 3276 Caesarem
617 3213 860 3284 Maximlliauom,
884 3233 987 3277 omues
1010 3217 1137 3293 equites,
1161 3232 1279 3275 onmem
1295 3213 1460 3273 Germaniae
1473 3212 1590 3293 plebem
1612 3217 1734 3277 comini-

450 3317 597 3400 seratione
619 3314 789 3377 calamitatis
811 3325 920 3377 nostrae
941 3317 1100 3385 movimus;
1133 3322 1165 3376 ιιι
1193 3303 1358 3392 indignitati
1380 3323 1467 3392 atque
1489 3316 1555 3375 odio
1577 3316 1732 3390 obnoxius,
1741 3337 1768 3377 aa

449 3416 486 3478 ab
501 3415 639 3478 onmibus
654 3418 788 3479 desertus
811 3437 845 3479 ac
867 3419 1015 3497 proditus,
1039 3417 1111 3479 nibil
1134 3424 1227 3478 toturn
1250 3414 1357 3487 babeS,
1380 3422 1541 3494 occupatus
1562 3436 1680 3498 semper
1702 3439 1734 3481 es

451 3539 485 3581 33
505 3517 707 3590 multiformis,
737 3521 816 3579 intus
837 3519 1032 3581 sollicitudine
1061 3519 1224 3588 laceratus,
1255 3519 1333 3579 euris
1361 3535 1558 3588 commorsos,
1588 3520 1733 3584 anxietate

382 3607 614 3695 croadiscissus,
638 3623 814 3683 conscientia
837 3620 981 3684 malorum
1004 3628 1108 3682 tortus.
1147 3620 1239 3690 Quam
1262 3619 1368 3698 impari
1385 3608 1475 3697 igitur
1491 3619 1657 3683 conditione
1672 3624 1733 3702 agi-

449 3709 529 3792 nius,
552 3730 583 3785 tu
599 3725 744 3803 ‚princeps
768 3724 810 3801 [ut
831 3725 874 3785 sic
896 3725 931 3785 ad
955 3731 1071 3802 tempus
1094 3731 1122 3783 te
1145 3722 1271 3799 rocem),
1297 3737 1350 3797 ego
1366 3739 1471 3800 eques:
1494 3728 1526 3780 tu
1543 3725 1619 3783 enim
1635 3728 1732 3786 omnia

448 3827 620 3906 suspicaris,
651 3827 746 3885 onmia
775 3827 896 3895 metuis;
926 3827 962 3887 ad
993 3827 1091 3886 onmia
1120 3842 1186 3902 quae
1214 3822 1334 3883 auribus
1361 3828 1448 3900 atque
1476 3823 1569 3884 oeulis
1595 3827 1731 3889 accidere
1741 3825 1774 3883 ao'

447 3935 585 4008 possunt,
609 3914 763 4008 perculsus
785 3946 833 4000 es;
856 3936 935 3988 tuam
960 3928 1094 3989 umbram
1119 3929 1218 3996 times,
1242 3921 1315 3985 nihil
1337 3930 1395 3983 tam
1418 3925 1562 3985 munitum
1578 3924 1670 3987 babes
1685 3930 1733 3989 cui

448 4030 567 4091 insidias
589 4047 648 4090 non
670 4030 875 4108 pertimescam
899 4033 1048 4091 neminem
1071 4029 1106 4089 ad
1125 4036 1152 4090 te
1168 4046 1235 4088 curn
1250 4025 1308 4087 telo
1324 4025 1464 4097 admittis
1488 4028 1619 4088 omniurn
1634 4035 1732 4107 togam

448 4133 602 4202 scrutaris,
626 4130 663 4192 ad
686 4133 817 4191 omnium
839 4148 944 4192 manos
966 4134 1093 4192 intentos
1115 4128 1207 4190 babes
1229 4125 1345 4197 oculos,
1369 4128 1404 4188 ad
1421 4129 1484 4205 ipsa
1498 4115 1617 4198 altaria,
1641 4132 1670 4190 in
1687 4149 1733 4192 sa-

448 4235 507 4294 cris
528 4233 649 4293 insidias
671 4231 842 4311 suspicaris;
877 4231 951 4293 nibil
973 4241 1032 4294 tarn
1055 4230 1207 4308 pusillum,
1241 4237 1300 4290 tam
1323 4232 1467 4290 minutum
1489 4236 1607 4309 nmque
1630 4234 1732 4293 invali-

448 4334 517 4398 dnrn
540 4342 600 4406 est,
623 4352 639 4394 a
662 4352 720 4413 quo
744 4342 771 4395 te
794 4340 874 4395 nietu
896 4332 1019 4395 liberes:
1042 4333 1132 4409 idque
1155 4332 1254 4411 etqui
1276 4333 1306 4391 in
1329 4331 1403 4392 lacie
1426 4331 1508 4391 color
1531 4340 1588 4402 est,
1619 4332 1655 4393 ab
1678 4332 1767 4396 illoae

449 4438 572 4517 pristino
595 4438 757 4498 manifeste.
770 4438 955 4505 immutatus,
985 4442 1014 4495 et
1036 4433 1115 4513 quod
1137 4443 1169 4494 tn
1192 4432 1269 4494 aliud
1291 4431 1436 4512 loqueris,
1465 4431 1542 4493 aliud
1571 4452 1648 4512 pone
1670 4437 1732 4513 spi-

380 4558 446 4609 aloa.
462 4556 527 4607 ras,
550 4545 683 4599 testatur.
727 4539 764 4599 Αι
786 4556 855 4616 ego,
886 4539 933 4598 cui
954 4543 986 4597 to
1009 4535 1128 4596 insidias
1150 4536 1236 4605 iacis,
1267 4536 1350 4594 euius
1378 4536 1465 4593 vitain
1495 4554 1529 4596 ac
1557 4537 1731 4613 sanguinem

448 4644 536 4723 petis,
561 4640 631 4718 quid
644 4642 757 4701 interea
772 4639 847 4717 agot
869 4639 907 4698 ita
923 4656 971 4698 me
986 4644 1133 4698 servatum
1155 4636 1222 4697 velit
1244 4635 1316 4697 deus
1337 4636 1466 4713 optimos
1489 4639 1650 4707 maximoe,
1674 4640 1731 4699 sic-

448 4745 490 4805 uti
510 4741 580 4803 nibil
603 4743 706 4813 timeo,
728 4740 801 4803 nibil
817 4739 980 4818 prospicio!
1003 4739 1130 4818 primum
1147 4739 1224 4799 enim
1241 4737 1417 4799 conscientia
1432 4755 1480 4798 me
1500 4745 1603 4822 tueorq
1622 4739 1730 4802 deinde

459 4920 471 4964 r·
512 4945 652 5010 ⁴.Semp.
672 4951 702 4993 11.
755 4940 777 4975 ¹⁰
795 4947 823 4991 tu
842 4944 961 4993 31313311.
1013 4941 1035 4974 ²³
1053 4957 1103 4992 nos
1121 4936 1199 4991 deleo.
1213 4946 1241 4990 11.
1298 4937 1317 4970 ³¹
1338 4939 1446 4989 ‚Toum
1464 4945 1492 4988 n.
1551 4939 1573 4972 ³²
1592 4945 1684 5008 togam
1705 4917 1735 4994 l:

445 5035 550 5084 vestem
567 5045 635 5082 corr.
648 5034 678 5080 11.
729 5025 752 5060 ⁸⁴
768 5019 847 5092 tenq'j
866 5028 889 5077 1.
