4300 6059
456 686 529 757 270
589 717 723 752 tttcttattnl
737 683 910 752 nahruloutttr
923 717 959 752 DE
973 718 1119 753 CONVENTV
1132 718 1305 752 Avill'slssllfll
1318 718 1495 754 DRSCRH'TIO.
1509 719 1534 752 Δ.
1549 711 1608 754 lm.

454 875 525 950 apud
546 875 642 931 deum:
664 890 724 931 nam
747 873 811 947 quid
832 875 900 930 certi
923 876 949 930 in
972 877 1097 932 scientiis
1115 876 1218 932 nostris
1241 876 1386 938 habeatur,
1417 894 1471 932 non
1494 875 1572 950 plane
1595 877 1687 939 video,
1709 884 1739 933 et

455 977 515 1017 cum
537 959 623 1015 multa
644 959 714 1015 scire
735 957 814 1014 nobis
836 977 995 1034 persuasum
1018 961 1067 1022 sit,
1097 959 1178 1034 longe
1206 959 1283 1033 plura
1310 970 1458 1035 supersunt
1486 979 1547 1035 quae
1569 962 1738 1035 ignoramus.

386 1046 524 1104 tamira
546 1044 683 1100 hominnm
705 1044 820 1105 insania.
843 1045 917 1118 atqui
941 1045 1019 1101 furor
1040 1046 1146 1119 potius,
1169 1062 1228 1100 cunr
1251 1046 1332 1102 etiam
1354 1045 1421 1101 illud
1444 1055 1546 1102 nostrae
1569 1047 1678 1105 accedat
1692 1046 1739 1102 de·

453 1129 575 1192 mentiar,
603 1129 675 1203 quod
698 1128 843 1202 aliquando
866 1128 942 1186 nullo
964 1130 1024 1186 fidei
1047 1129 1120 1193 zelo,
1149 1131 1196 1185 sed
1224 1128 1263 1186 vel
1293 1131 1356 1186 odio
1377 1130 1420 1186 vel
1442 1131 1540 1187 invidia
1561 1131 1595 1186 ad
1617 1131 1740 1188 scriben-¹

452 1215 515 1271 dum
537 1213 716 1288 impellimur,
737 1222 819 1286 atquo
840 1223 871 1270 ut
892 1214 993 1288 aliquid
1016 1217 1157 1289 egregium
1179 1216 1347 1288 arduumque
1367 1215 1506 1271 videamur
1519 1217 1658 1289 aggressi,
1680 1225 1760 1272 sta-⁵

452 1300 502 1357 tim
524 1300 552 1356 in
574 1297 714 1355 eeclesiam
735 1298 908 1362 catholicam.
931 1301 959 1355 in
975 1299 1143 1374 pontificem.
1166 1300 1193 1355 in
1215 1300 1352 1374 principes
1375 1300 1471 1356 invecti
1494 1310 1622 1374 tanquam
1644 1302 1738 1359 mundi

451 1392 641 1459 correptores.
671 1400 750 1459 mem
773 1402 806 1440 ne
829 1384 952 1440 Christus
974 1385 1083 1459 quidem
1105 1386 1163 1459 ipse
1190 1386 1330 1458 corrigere
1357 1402 1388 1440 ex
1416 1385 1545 1441 amussim
1572 1387 1680 1460 putuit,
1709 1394 1739 1442 et

453 1469 537 1525 simus
559 1477 587 1525 et
608 1468 783 1544 appellemur.
821 1486 837 1525 o
859 1487 993 1543 pauperes
1015 1471 1154 1533 homines.
1178 1487 1194 1525 ο
1216 1469 1362 1544 insipidum
1385 1471 1533 1525 animarum
1550 1487 1652 1543 genus,
1676 1488 1737 1544 quae

454 1554 582 1629 templum
604 1554 692 1610 llianae
714 1554 836 1627 Ephesiae
859 1554 1014 1617 incenditis,
1043 1564 1074 1611 ut
1097 1555 1193 1610 lamam
1215 1553 1331 1627 aliquam
1354 1563 1400 1610 aut
1423 1554 1606 1610 rumusculum
1634 1557 1667 1612 de
1689 1573 1737 1611 eo·

453 1639 495 1696 bis
516 1638 700 1714 aucupemini!
722 1639 837 1694 desinite
859 1656 921 1696 cum
943 1638 1015 1695 bono
1036 1639 1079 1696 vel
1102 1641 1181 1695 etiarn
1203 1657 1264 1695 curn
1286 1639 1400 1696 maximo
1423 1639 1493 1696 malo
1515 1648 1607 1696 vestro
1623 1656 1771 1714 magnesia

451 1724 598 1782 crabrones
614 1723 765 1781 lacessere:
795 1725 817 1779 si
839 1722 923 1780 semel
946 1732 1076 1796 quantum
1099 1724 1185 1781 aculei
1208 1724 1322 1780 habeant
1344 1724 1532 1799 experiemini,
1555 1733 1623 1799 puto
1645 1743 1693 1782 vos
1709 1725 1736 1781 in

383 1820 441 1870 tta.
451 1818 591 1885 posterum
612 1809 766 1865 huiusmodi
789 1817 951 1882 nugamenta
973 1810 1082 1866 minime
1104 1811 1265 1883 scripturos.
1297 1808 1399 1865 Perillo
1421 1827 1508 1883 equus
1530 1827 1631 1867 aeneus
1653 1827 1734 1884 quem

450 1896 483 1952 ad
506 1894 674 1968 torquendos
696 1895 791 1950 noxios
813 1903 967 1968 paraverat,
990 1896 1098 1955 nocuit:
1122 1896 1215 1950 nocuit
1237 1903 1265 1950 et
1286 1894 1392 1950 llaedalo
1414 1903 1442 1950 et
1464 1894 1557 1968 nepoti
1579 1895 1735 1968 ingenium

450 1980 596 2056 Thamyras
617 1996 678 2036 eum
700 1978 825 2052 Apolline
846 1988 953 2036 certans
975 1980 1127 2036 excoriatus
1149 1989 1205 2042 est:
1227 1979 1312 2034 Niobe
1335 1996 1395 2053 quar
1409 1980 1499 2035 dicere
1514 1979 1621 2035 solebat
1642 1978 1737 2035 ‘llaior

449 2081 509 2121 sum
531 2081 610 2139 quam
633 2064 676 2120 cui
698 2064 787 2137 possit
808 2063 928 2119 Fortuna
949 2065 1064 2126 nocere'.
1092 2064 1194 2120 audens
1223 2081 1282 2119 eum
1305 2064 1407 2120 Latona
1435 2064 1611 2126 contendere,
1639 2066 1667 2119 in
1689 2079 1771 2120 sa·ra

449 2166 512 2207 num
535 2149 607 2223 quod
628 2149 715 2204 adhuc
736 2146 869 2204 lacrimari
892 2148 1004 2211 dicitur,
1026 2167 1104 2206 rema
1125 2157 1175 2205 est.
1212 2166 1245 2205 an
1269 2148 1334 2222 quid
1349 2149 1486 2222 dnippaeis
1508 2149 1576 2222 picis
1597 2149 1687 2205 llusas
1702 2150 1735 2205 ad

450 2243 587 2291 certamen
609 2233 819 2307 provocantibus
841 2234 1003 2307 contigerit,
1033 2235 1184 2308 ignoratis?
1212 2234 1294 2306 Atqui
1317 2233 1376 2290 haee
1397 2232 1495 2290 fabulae
1517 2241 1595 2289 sunt:
1621 2251 1672 2290 uos
1694 2235 1736 2290 di·

383 2319 510 2380 tatvina
531 2328 682 2375 sectamur:
704 2318 855 2393 disputatio
876 2327 919 2374 est
939 2319 972 2374 de
994 2319 1142 2394 religione,
1165 2318 1233 2374 nihil
1248 2335 1389 2393 perperam
1404 2327 1551 2393 patramus.
1587 2318 1627 2374 [lii
1642 2320 1736 2393 superi

450 2403 671 2479 medicumque,
694 2421 790 2478 parum
813 2403 889 2460 abest
911 2404 976 2478 quin
991 2405 1078 2470 dicam
1100 2405 1188 2460 ‘interi
1204 2404 1330 2477 quoqnc',
1352 2404 1406 2459 hoc
1420 2403 1517 2467 velint,
1539 2420 1574 2459 ue
1590 2413 1644 2459 um
1659 2421 1736 2460 scru-

451 2488 547 2563 pulosa
568 2488 709 2563 religionis
730 2507 796 2546 cura
818 2490 894 2545 vobis
916 2497 1013 2546 noceat
1035 2489 1137 2563 pariter
1158 2497 1187 2544 et
1208 2487 1301 2544 uobis:
1325 2506 1385 2544 nam
1401 2487 1586 2544 inscribendo
1602 2496 1773 2563 quantumst

450 2572 559 2648 gloriae,
582 2581 687 2639 tantum
708 2577 789 2630 etiam
811 2572 896 2629 eculei
918 2583 946 2629 et
967 2575 1128 2647 compedum
1150 2573 1226 2629 robis
1255 2575 1370 2646 paratis:
1399 2589 1449 2628 nos
1477 2590 1540 2629 vero
1569 2573 1605 2628 ita
1635 2575 1736 2629 vestris

450 2674 527 2716 nove
549 2659 685 2716 cuiusdam
708 2657 768 2714 lidei
792 2656 937 2716 involucris
959 2659 1156 2732 horrendisque
1180 2657 1335 2730 Theologiae
1364 2659 1451 2713 sensis
1482 2657 1602 2714 obstrusi
1630 2658 1737 2714 detine·

450 2761 527 2806 mur,
556 2751 587 2800 ut
607 2743 748 2817 superisne
771 2761 804 2800 an
825 2744 920 2800 inieris
942 2743 1104 2800 credendum
1126 2743 1219 2817 potius
1247 2743 1299 2803 sit,
1329 2740 1475 2815 aliquando
1503 2742 1667 2800 dubitemus.
1704 2753 1737 2800 ut

423 2903 425 2906 Ι
449 2845 516 2902 ergo
537 2828 575 2885 dii
598 2828 673 2884 robis
695 2829 806 2903 propitii
829 2829 897 2892 sint.
926 2829 1041 2885 desinite
1064 2831 1131 2885 iam:
1162 2828 1223 2902 plns
1250 2828 1321 2883 enim
1347 2844 1407 2883 cum
1430 2827 1541 2884 silentio
1564 2828 1644 2885 tacita
1666 2829 1735 2884 recti

448 2913 625 2975 conscientia,
656 2930 735 2987 quam
761 2912 908 2988 garrulitas
935 2914 1115 2987 iactantiaque
1143 2913 1273 2970 doctrinae
1300 2912 1333 2968 ad
1354 2912 1543 2969 demerendam
1571 2912 1614 2968 dei
1637 2913 1771 2986 optimiaa

450 2998 557 3055 maximi
579 2998 694 3073 gratiam
716 2996 794 3054 valet.
831 2998 882 3054 Sed
905 3016 955 3055 suo
978 2999 1094 3073 quisque
1108 3006 1215 3062 utatur,
1238 3007 1269 3054 ut
1283 2997 1354 3060 vult,
1378 2996 1493 3061 iudicio;
1515 3014 1568 3071 ego
1583 2997 1636 3054 hoc
1650 3014 1736 3054 unum

382 3084 556 3146 crementio,
584 3091 616 3139 ut
642 3083 771 3139 muudum
793 3085 916 3157 repperi,
944 3085 982 3140 ita
1010 3100 1120 3159 quoque
1149 3082 1356 3156 relinquendum
1382 3098 1451 3138 esse.
1512 3081 1590 3137 llllll.
1606 3081 1738 3158 kalendas

450 3167 624 3243 Septembres
646 3169 732 3224 vocati
754 3169 891 3243 principes
913 3177 977 3225 sunt
999 3186 1030 3226 ac
1052 3167 1151 3242 legati:
1180 3185 1240 3224 nam
1262 3168 1351 3225 Cacsar
1378 3175 1503 3223 oratores
1523 3165 1658 3230 Polouiae,
1688 3168 1736 3241 qui

448 3252 531 3328 paulo
553 3262 615 3310 ante
637 3261 777 3314 uenerant.
801 3253 943 3310 auditurus
964 3262 1032 3310 erat.
1061 3253 1124 3309 dum
1137 3252 1229 3326 elegati
1253 3252 1376 3309 incuria
1398 3252 1607 3326 praestolantur,
1637 3269 1737 3309 rursus

449 3338 589 3394 altercatio
612 3347 726 3413 propter
747 3337 900 3411 legatorum
922 3339 1094 3412 presentiam
1116 3337 1306 3393 suborta-est:
1329 3354 1427 3411 anceps
1450 3345 1594 3413 propterea
1616 3337 1772 3411 impera-aa

450 3433 507 3486 tor,
536 3424 563 3479 in
592 3439 623 3478 ea
652 3425 782 3496 temporis
810 3423 935 3496 augustia
963 3424 1027 3498 quid
1055 3431 1150 3496 ageret
1179 3420 1312 3497 (oratores
1342 3422 1412 3477 enim
1435 3423 1487 3477 iam
1509 3423 1592 3481 euriae
1617 3423 1735 3496 proximi

448 3506 616 3582 equitabant)
639 3508 735 3581 quidve
757 3506 863 3564 consilii
886 3515 1008 3582 captaret
1029 3507 1140 3570 dubius.
1164 3507 1325 3582 Episcopum
1341 3507 1529 3579 Tergestinum
1551 3524 1671 3581 propere
1685 3508 1737 3563 nri·

448 3593 499 3655 sit,
529 3593 575 3666 qui
598 3591 754 3649 oratoribus
775 3591 891 3666 aliquam
914 3593 1096 3666 impedimenti
1124 3609 1230 3648 causam
1260 3591 1445 3653 substrueret,
1474 3599 1501 3647 ct
1529 3600 1737 3666 propterea·ut

448 3677 559 3734 domum
580 3684 795 3740 reverterentur,
818 3677 898 3750 idque
913 3694 993 3750 aequo
1009 3677 1097 3733 animo
1113 3679 1225 3733 terrent.
1262 3677 1331 3732 idem
1354 3674 1432 3732 alteri
1447 3674 1600 3749 legatorum
1615 3677 1735 3732 dictum:

450 3779 512 3820 nam
534 3761 679 3818 (luccensis
700 3764 771 3818 intra
792 3761 947 3818 cubiculum
967 3762 1080 3819 Caesaris
1108 3763 1249 3836 proiectus
1275 3770 1325 3818 est.
1369 3758 1408 3820 lta
1436 3760 1510 3816 illius
1537 3761 1590 3818 diei
1619 3763 1772 3835 negociare

381 3855 567 3920 t.ao.tractata
589 3854 661 3903 sunt.
705 3847 833 3921 Sequenti
855 3847 899 3903 dio
920 3847 1009 3904 Cesar
1030 3849 1181 3922 principum
1204 3846 1319 3907 curiam.
1349 3847 1376 3901 in
1406 3861 1458 3919 qua
1487 3863 1580 3902 omues
1601 3863 1735 3904 convene-

449 3939 525 3996 rant,
548 3934 688 4006 ingressus
710 3940 767 3994 est,
790 3931 837 3988 ubi
859 3932 893 3988 de
914 3933 1030 3988 honesto
1053 3940 1081 3988 et
1102 3931 1164 3988 utih
1186 3933 1254 3989 satis
1274 3927 1435 4005 disputavit,
1459 3930 1585 4004 quodque
1600 3931 1736 3988 eiusmodi

449 4010 624 4090 liffi'lfflfff'ffi
645 4008 652 4078 l
675 4015 911 4079 altercationibus,
944 4035 1003 4090 quae
1025 4018 1111 4090 magis
1133 4017 1167 4073 ab
1189 4017 1253 4072 odio
1277 4033 1358 4089 quam
1380 4014 1413 4071 ab
1440 4015 1611 4073 emulatione
1638 4015 1736 4090 gloriae

448 4182 651 4192 -————--

515 4286 555 4348 ἐξ.
568 4281 688 4352 32.aqq.]
708 4284 776 4336 Haec
786 4285 900 4336 liuttere
916 4287 1047 4351 proeea‘pue
1065 4285 1347 4350 deprecere-poterent.
1367 4283 1410 4334 Cf.
1424 4282 1476 4334 rol.
1488 4281 1510 4333 Ι.
1522 4298 1548 4349 p.
1555 4283 1660 4351 maq.
1680 4286 1737 4336 ‘oc-

448 4369 552 4421 cultum
570 4371 704 4435 quendam
722 4374 855 4422 morsum'.
891 4372 972 4436 ⁸quo
985 4374 1059 4419 1...3.
1107 4368 1126 4401 ¹¹
1144 4371 1259 4422 trobarm
1276 4372 1301 4418 2.
1342 4368 1363 4401 ¹²
1381 4356 1482 4418 Perillo
1500 4366 1597 4433 equus]
1614 4369 1678 4421 bos!
1697 4371 1736 4421 cf.

451 4457 566 4507 Huttoni
583 4455 744 4506 Phaloriam.
757 4455 826 4518 §.ab
875 4454 896 4488 ¹¹
912 4451 1041 4521 Daedalo]
1062 4454 1099 4502 cf.
1113 4455 1231 4519 interpp.
1245 4454 1280 4503 sd
1293 4452 1395 4518 Vergil.
1402 4454 1465 4502 AEn.
1479 4454 1525 4503 Vl.
1536 4453 1575 4503 14.
1621 4453 1643 4487 ¹⁴
1660 4454 1736 4505 Tbe-

448 4556 539 4606 myras
557 4542 615 4592 edd.
634 4542 677 4592 De
695 4541 826 4606 Thamyri
844 4557 861 4591 a
878 4541 963 4590 Musis
982 4542 1123 4588 exeoecato
1146 4538 1182 4588 ei.
1195 4538 1320 4604 Apollod.
1334 4538 1355 4587 1.
1362 4537 1386 4598 3,
1394 4546 1414 4587 t.
1438 4538 1540 4603 Hygin.
1554 4545 1656 4607 astron
1669 4537 1695 4590 ὓ.
1709 4556 1735 4592 e.

448 4628 566 4692 interpp.
601 4623 699 4691 Niobe]
713 4627 749 4677 cf.
757 4626 858 4691 Hygin.
871 4622 959 4675 rabo.
974 4640 997 4673 c.
1005 4624 1123 4688 interpp.
1158 4621 1361 4688 '‘Maphoril.
1396 4622 1507 4687 &niveis
1519 4627 1544 4673 2.
1579 4622 1737 4690 Anippeeis]

449 4711 537 4764 rolnlt
553 4711 612 4762 sine
629 4709 713 4761 dubio
729 4711 790 4761 sire
806 4708 881 4759 rollo
897 4700 1018 4758 debebat
1035 4705 1208 4772 doctiloquus
1225 4713 1317 4757 orator
1334 4707 1474 4772 Euippoea'a.
1494 4707 1530 4757 es.
1537 4706 1690 4761 Ovidmet.
1699 4707 1735 4760 V.

448 4794 578 4860 Maqq·
635 4792 658 4827 ¹⁷
674 4792 733 4860 noa]
749 4794 859 4845 debebat
875 4794 971 4843 addere
988 4806 1123 4858 pauperes
1140 4792 1246 4857 spiritu.
1282 4789 1303 4824 ¹⁸
1319 4792 1369 4841 Dii
1384 4789 1445 4857 etc]
1464 4791 1600 4842 Plautino.
1640 4789 1664 4825 ¹⁴
1679 4806 1738 4857 pas-

448 4880 545 4943 plait).
601 4877 624 4912 ¹⁸
639 4886 806 4932 benetentum
824 4881 849 4927 2.
900 4875 922 4909 ²⁷
940 4877 958 4926 i.
972 4892 998 4928 c.
1011 4876 1111 4926 nudum
1125 4912 1132 4925 .
1145 4892 1200 4927 non
1215 4881 1246 4926 ut
1262 4875 1348 4926 hobel
1365 4893 1408 4926 er·
1422 4892 1479 4927 aec.
1496 4877 1591 4927 Ioann.
1604 4874 1735 4926 uvea&

448 4961 801 5028 ”panticapaeum
820 4963 1005 5027 praesentiat.
1048 4958 1068 4991 ³¹
1088 4959 1260 5015 retrituratur
1274 4965 1297 5012 2.
1333 4959 1355 4992 ³⁵
1374 4958 1428 5025 lta]
1446 4962 1521 5025 digne
1538 4966 1577 5011 ea‘e
1593 4962 1735 5026 remmia.

450 5049 601 5114 negotist.
636 5046 658 5080 ⁸⁸
675 5055 798 5100 tranetoto
810 5050 835 5095 2.
