4300 6059
317 772 364 877 1

536 664 582 733 32
676 693 798 730 nvrurtrtr
817 694 846 728 lli
865 694 957 730 ΝΟΜ
977 692 1254 729 ἬΒΤΕΝΡΕΒΟΙΝΒΕΙ
1273 691 1375 728 omro
1394 694 1426 727 11.
1446 686 1559 729 ῙΝΕΥΝΤῖ
1572 691 1600 728 Δ.
1614 688 1671 728 1517.

526 848 643 926 limites
667 848 770 920 habet,
797 850 918 927 suisque
939 849 1072 909 terminis
1099 849 1344 927 circunscriptum
1367 856 1423 916 est;
1453 854 1483 908 et
1507 854 1577 908 tunc
1605 846 1703 910 locum
1730 849 1820 911 babet

466 959 526 1010 ιιι.
537 953 700 1018 miseratio,
724 950 840 1030 quaudo
864 968 898 1011 ex
920 949 1060 1031 fortuna,
1075 968 1136 1011 non
1153 970 1188 1012 er
1205 949 1347 1019 malellcio
1364 958 1408 1012 est
1425 949 1582 1029 calamitas
1611 951 1668 1014 Ubi
1683 969 1818 1029 magnam

534 1053 621 1115 nubis
643 1053 808 1114 felicitatem
831 1051 985 1127 adscribo,
1007 1052 1085 1131 quod
1109 1059 1139 1115 et
1158 1053 1215 1115 hoc
1237 1055 1292 1116 iste
1319 1052 1420 1115 scelus
1442 1040 1614 1124 corilitetur,
1644 1062 1674 1116 et
1694 1053 1748 1113 hos
1766 1052 1818 1113 lra-

534 1156 638 1217 bemus
660 1162 764 1223 testes,
785 1155 814 1214 in
840 1170 915 1232 quos
936 1171 1042 1216 roccus
1062 1155 1120 1214 iam
1140 1162 1201 1216 tum
1221 1155 1341 1219 lacinus-
1360 1156 1470 1234 apertis
1499 1154 1615 1216 indiciis
1644 1155 1818 1217 manifestis·

535 1277 591 1338 que
621 1259 712 1336 signis
738 1256 859 1316 incidit:
892 1273 960 1317 uam
988 1257 1014 1318 si
1042 1255 1099 1316 boc
1127 1257 1199 1318 deus
1220 1259 1349 1337 optimus
1373 1259 1517 1321 maximus
1539 1257 1694 1328 voluisset,
1720 1264 1753 1319 ut
1775 1256 1842 1318 volt

535 1361 597 1438 ipse
616 1365 752 1436 negaret,
771 1357 862 1418 vellii
880 1374 939 1418 non
957 1365 1155 1436 spectassent,
1179 1361 1245 1439 quis
1260 1359 1466 1421 accusantibus
1480 1358 1565 1421 nobis
1580 1359 1734 1421 crederet?
1752 1361 1819 1438 quis

471 1512 476 1521 ,
532 1469 641 1522 tautam
664 1461 872 1521 immanitatem
892 1460 922 1520 in
946 1459 1039 1522 ullum
1066 1461 1233 1532 hominem,
1256 1464 1285 1522 in
1306 1463 1486 1541 principem,
1512 1462 1542 1522 iu
1565 1463 1760 1530 Germanum,
1789 1463 1818 1522 in

535 1562 730 1625 Christianum
746 1563 852 1623 cadere
867 1564 1001 1641 putaret?
1015 1569 1064 1624 aut
1080 1563 1186 1642 quibus
1204 1583 1253 1625 vos
1267 1563 1391 1635 testibus
1406 1564 1492 1624 iidem
1508 1562 1665 1630 haberetis,
1683 1565 1738 1625 nisi
1755 1564 1818 1642 ipse

467 1674 524 1725 ιιι.
536 1664 697 1727 fateretur?
715 1664 776 1725 Etsi
792 1665 870 1725 enim
886 1671 988 1725 notum
1005 1665 1105 1726 multis
1119 1667 1174 1727 luit
1188 1665 1297 1728 malum
1313 1684 1377 1740 esse
1395 1667 1496 1736 istum,
1512 1664 1601 1727 talem
1616 1672 1712 1725 tamen
1731 1676 1819 1725 nenio

534 1766 752 1847 suspicabator;
777 1768 784 1781 ‘
812 1772 819 1779 “
873 1784 954 1847 'quae
977 1767 1045 1828 lecit
1067 1785 1153 1835 nemo
1170 1767 1329 1845 cogitabat:
1352 1769 1410 1829 iam
1426 1770 1490 1847 quis
1509 1766 1553 1829 vel
1570 1768 1670 1829 latenti
1687 1768 1741 1846 ipsi
1761 1766 1817 1827 boc
1830 1782 1853 1822 ro

536 1869 618 1933 nolas
639 1869 764 1957 credid
876 1858 879 1863 ’
924 1869 954 1929 tu
973 1871 1164 1946 contigissent
1185 1888 1261 1949 pene
1283 1870 1480 1949 spectatores?
1501 1887 1555 1949 per
1576 1870 1718 1931 insaniam
1737 1887 1819 1930 men·

466 1973 584 2035 §.scari
606 1972 642 2033 de
663 1991 695 2033 se
717 1973 777 2030 in'
818 2040 822 2047 ¹
901 1966 1071 2050 {ponent
1089 1989 1203 2034 mes
1239 1970 1322 2042 Quod
1345 1990 1403 2050 quo
1426 1972 1519 2050 magis
1538 1977 1646 2051 praeter
1668 1970 1819 2032 bominum

533 2076 620 2137 iidem
644 2081 702 2143 est,
730 2073 787 2133 hoc
814 2062 920 2135 uideri
944 2073 1000 2134 iste
1027 2071 1105 2134 malo
1127 2076 1169 2135 sic
1195 2081 1414 2153 comportare,
1442 2073 1485 2132 sic
1506 2071 1662 2134 manifesto
1690 2073 1820 2133 facinore

533 2175 701 2238 multandus
723 2183 781 2243 est:
806 2192 900 2252 eoque
923 2160 1038 2252 lougius
1060 2194 1077 2235 a
1100 2177 1181 2237 venia
1207 2195 1242 2238 ac
1259 2176 1457 2251 miseratione
1479 2193 1544 2236 esse
1571 2174 1674 2243 debet,
1703 2175 1819 2254 quoad

535 2277 636 2340 ultima
659 2276 791 2356 exempla
814 2278 938 2357 propius
958 2279 1095 2346 accessit:
1121 2296 1210 2356 quem
1230 2295 1326 2360 neque
1347 2276 1467 2339 sceleris
1490 2278 1626 2356 poenitet,
1656 2295 1752 2363 neque
1771 2296 1818 2339 ve·
1831 2291 1855 2333 ιι

465 2382 615 2442 §.numm
637 2387 715 2449 orat,
741 2387 770 2440 et
791 2380 848 2439 vim
870 2385 962 2459 parat.
1005 2380 1083 2457 linge
1105 2387 1202 2442 autem
1224 2382 1383 2460 paenitere,
1407 2385 1437 2440 et
1455 2380 1511 2441 rite
1533 2368 1619 2441 orare
1641 2381 1768 2461 veniam,
1791 2386 1820 2440 et

450 2543 460 2557 ,
532 2483 596 2543 siue
618 2483 707 2542 armis
730 2499 808 2550 esso,
830 2480 940 2559 aliquid
961 2488 1005 2543 est
1030 2500 1148 2552 eorum,
1175 2481 1253 2543 unde
1273 2481 1456 2562 supplicibus
1476 2483 1537 2542 reis
1556 2480 1747 2543 absolutionis
1767 2481 1819 2543 be·

532 2585 669 2646 neiicium
691 2585 817 2662 irrogari
839 2583 931 2645 solet?
949 2583 1013 2645 haec
1031 2591 1119 2663 puto,
1142 2584 1220 2664 quod
1236 2591 1288 2646 aut
1303 2583 1424 2645 lortuito
1439 2583 1614 2646 maleficium
1630 2585 1818 2654 commiserit,
1850 2640 1855 2647 .

499 2680 584 2749 *aut
604 2686 699 2749 subita
720 2685 871 2747 iracundia
894 2687 1024 2765 percitus
1046 2687 1242 2759 commiserit,
1266 2693 1316 2747 aut
1340 2705 1373 2748 ea
1394 2687 1453 2748 sint
1476 2687 1539 2747 eius
1556 2693 1623 2747 ante
1638 2685 1819 2748 benemerita

533 2807 599 2868 qum
620 2808 687 2850 cum
706 2787 754 2847 bis
774 2787 887 2850 delictis
907 2791 1073 2867 comparari
1092 2796 1200 2868 queant
1223 2806 1346 2868 qumque
1369 2787 1542 2850 delictorum
1565 2787 1675 2868 aliquid
1701 2787 1853 2849 eluantlao

532 2892 570 2953 Et
591 2910 680 2970 quam
702 2889 835 2950 consulto
857 2890 975 2970 quidem
1003 2908 1038 2950 ac
1059 2878 1313 2969 praemeditate⁰ct
1337 2896 1372 2951 ex
1401 2891 1544 2951 industria
1573 2890 1729 2958 occiderit,
1759 2908 1819 2950 non

533 3000 602 3072 eget
623 2993 807 3061 ostensione;
837 2992 915 3071 quod
937 3010 1006 3053 vero
1029 3010 1158 3072 unquam
1181 2992 1397 3063 benefecerit,
1428 3011 1524 3072 neque
1549 2992 1611 3071 ipse
1638 3011 1819 3055 commemo-

466 3104 526 3154 ιιι.
536 3102 595 3156 rat:
618 3094 693 3156 mala
716 3114 771 3174 ego
794 3096 917 3174 exposui
936 3093 1064 3174 plurima
1088 3101 1116 3156 et
1138 3113 1203 3175 quac
1224 3096 1287 3157 sine
1308 3093 1443 3175 exemplo
1464 3095 1533 3157 lectt
1554 3096 1616 3156 iste.
1650 3093 1743 3165 Quam
1763 3093 1819 3155 sibi

534 3200 612 3261 enim
633 3206 712 3259 tutus
733 3198 900 3265 videretur,
925 3214 1013 3275 quam
1035 3204 1133 3259 erecta
1154 3215 1206 3276 spe
1232 3217 1266 3258 ac
1294 3197 1484 3265 confidentia,
1513 3198 1538 3257 si
1565 3196 1601 3257 ad
1629 3195 1707 3257 illam
1735 3214 1818 3257 suam

533 3301 703 3380 pravitatem
727 3298 846 3378 aliquod
865 3298 901 3360 ab
920 3300 1040 3377 antiquo
1062 3305 1286 3360 monumentum
1312 3305 1449 3379 repetere
1476 3300 1592 3378 posset?
1618 3297 1817 3369 Quamobrem
1828 3320 1852 3360 aa

531 3403 625 3464 miror
645 3402 781 3481 equidem
802 3403 828 3462 si
847 3407 946 3480 sperat
969 3403 1096 3472 veniam,
1122 3401 1214 3479 magis
1237 3409 1334 3463 autem
1357 3402 1450 3463 miror
1469 3400 1547 3479 quod
1570 3418 1638 3461 cum
1661 3418 1719 3461 uon
1740 3407 1820 3480 petat

535 3511 564 3565 et
585 3503 667 3566 nullo
690 3504 727 3565 ad
746 3503 957 3582 penitudinem
979 3521 1117 3582 regressu
1139 3502 1298 3582 singularia
1313 3522 1363 3565 sua
1381 3504 1511 3564 lacinora
1526 3489 1712 3572 confiteatur,
1736 3521 1818 3564 mora

464 3613 632 3668 §.sutameu
661 3607 711 3667 liat
732 3612 761 3667 et
782 3607 812 3666 in
839 3605 960 3667 serenda
988 3607 1131 3667 sententia
1161 3611 1334 3667 cunctentur
1360 3588 1480 3666 iudices,
1524 3604 1568 3664 bn
1594 3622 1653 3665 nou
1681 3603 1747 3666 talis
1775 3610 1819 3667 est

532 3709 601 3780 iste,
624 3709 740 3786 dequo
763 3707 835 3768 nibil
855 3707 961 3769 dicitur·
985 3707 1063 3786 quod
1086 3707 1123 3769 dc
1143 3707 1203 3769 ullo
1226 3727 1354 3788 uuquam
1376 3708 1464 3768 huius
1487 3707 1612 3767 nationis
1634 3706 1753 3768 homine
1776 3706 1818 3768 di-

533 3818 612 3872 ctum
633 3810 695 3871 est?
718 3810 801 3870 cuius
823 3811 946 3870 crimina
968 3816 1027 3870 tam
1048 3817 1117 3871 sunt
1138 3810 1291 3889 manifesta
1317 3818 1346 3872 et
1366 3811 1397 3869 in
1419 3807 1511 3869 oculis
1532 3827 1567 3869 ac
1584 3808 1706 3870 auribus
1722 3808 1854 3870 homi-oo

532 3931 618 3983 num,
652 3918 684 3972 ut
708 3909 885 3989 probatione
907 3930 966 3972 non
989 3912 1155 3991 indigeaut;
1190 3917 1250 3972 tam
1271 3913 1363 3991 ipsius
1385 3912 1521 3990 propria,
1559 3917 1591 3971 ut
1619 3929 1686 3971 cum
1709 3909 1819 3972 nullius

532 4013 829 4093 improbitatemixta
846 4013 918 4080 sint;
939 4004 1021 4084 cuius
1038 4014 1187 4076 maleficiis
1204 4011 1316 4073 nullum
1336 4019 1394 4073 tatu
1414 4012 1554 4074 acerbum
1568 4020 1613 4074 est
1629 4010 1816 4092 supplicium,
1829 4033 1842 4096 j

531 4115 608 4196 quod
632 4133 691 4175 non
714 4113 869 4183 debeatur,
897 4117 986 4177 imum
1010 4117 1086 4195 quod
1109 4118 1179 4177 satis
1200 4116 1252 4181 sit:
1280 4123 1309 4175 et
1331 4115 1380 4192 qui
1401 4134 1482 4176 suam
1506 4114 1622 4194 culpam
1649 4132 1744 4193 neque
1767 4113 1817 4176 dc·

349 4282 354 4291 ,
461 4219 626 4279 §.tumuere
650 4218 680 4277 in
702 4215 795 4290 ulium¹
810 4223 921 4296 potest,
945 4237 1040 4296 neque
1064 4237 1131 4280 cum
1160 4216 1216 4277 alio
1244 4235 1430 4278 communem
1452 4216 1548 4278 lrahet.
1592 4215 1676 4286 Quod
1697 4233 1751 4292 ego
1775 4217 1818 4276 sic

530 4320 679 4387 existimo,
708 4318 861 4389 Germani,
891 4339 941 4382 eos
970 4324 1019 4401 qui
1047 4306 1167 4400 pessimi
1195 4321 1336 4398 cuiusque
1363 4321 1449 4381 vitam
1478 4339 1513 4379 ac
1537 4336 1635 4379 mores
1662 4316 1815 4377 literarum
1826 4340 1851 4378 ιι

528 4421 726 4482 monumentis
748 4428 975 4502 perpetuarum,
998 4423 1065 4484 odio
1088 4422 1132 4500 (ut
1148 4439 1202 4500 par
1220 4422 1290 4500 erat)
1313 4420 1459 4482 scelerum
1482 4421 1511 4482 id
1526 4419 1683 4488 studuisse,
1701 4437 1759 4498 quo
1778 4437 1815 4478 nu

529 4522 638 4602 aliquid
661 4524 846 4587 inexcussum
868 4524 1085 4603 relinquerent,
1113 4523 1151 4583 ob
1173 4523 1262 4600 idque
1282 4541 1330 4583 res
1351 4522 1447 4585 verbis
1467 4524 1600 4590 auxisse,
1623 4541 1658 4582 ac
1684 4539 1762 4600 saepe
1785 4522 1815 4581 in

527 4626 648 4687 minimo
667 4625 764 4704 aliquo
783 4628 954 4704 magedam
972 4627 1115 4694 movisse,
1133 4644 1236 4686 omnes
1253 4624 1376 4702 angulos
1396 4624 1624 4704 pervestigasse,
1644 4623 1679 4687 ad
1697 4640 1816 4685 omnem

593 4846 604 4882 ⁴
622 4856 678 4899 tum
696 4851 765 4898 ontio.
781 4852 802 4897 1.
823 4848 911 4897 addid.
925 4853 953 4894 ll.
989 4843 1011 4876 ²⁰
1029 4862 1143 4911 quaeque
1200 4845 1294 4896 eluant
1312 4849 1381 4895 carris.
1397 4850 1418 4893 l.
1438 4846 1525 4893 addid.
1539 4848 1568 4893 il.
1604 4842 1625 4876 ¹³
1644 4860 1695 4909 ego
1708 4846 1769 4893 add.
1786 4851 1814 4895 11.

525 4931 546 4966 ²⁴
566 4949 598 4984 ac
618 4938 641 4985 1.
671 4940 700 4983 et
717 4938 746 4983 11.
777 4935 845 4984 Ante
863 4932 888 4980 si
906 4933 1003 4997 aliquid
1019 4932 1131 4983 criditurn
1149 4948 1204 4992 epse
1229 4931 1260 4980 ud
1278 4934 1307 4978 ιι,
1326 4931 1374 4979 sed
1395 4945 1422 4978 re
1446 4934 1531 4992 tepere·
1554 4932 1662 4978 immisse
1681 4931 1769 4977 ιιιιιιιιι.
1792 4935 1815 4994 2.

523 5018 546 5050 ’ὓ
563 5025 689 5086 speraret
707 5024 735 5069 tl.
755 5018 869 5068 mirarer
886 5021 914 5066 ιι.
