4300 6059
422 706 606 743 mutum
625 709 683 744 tter.
702 710 870 745 rnorosxrto
889 711 923 745 DE
943 712 1031 746 BELLO
1052 692 1173 747 TVECICO
1192 710 1228 746 ΔΙ)
1242 713 1389 748 rnlnctrtrs
1402 713 1437 748 ET
1450 714 1474 748 C.
1494 715 1520 748 Δ.
1534 708 1594 761 151β.
1634 684 1705 755 179

423 868 468 922 sed
497 866 558 940 lege
580 877 682 940 cogunt
706 868 846 941 imperium
869 870 1026 932 extendere:
1055 880 1083 925 et
1111 889 1252 927 successus
1275 872 1342 926 tanti
1366 880 1474 945 tamque¹
1496 873 1637 948 prosperi,
1660 891 1707 929 an-

422 969 519 1007 nornm
543 954 599 1007 lere
621 952 815 1016 ducentorum,
839 954 938 1009 addunt
961 955 1000 1009 eis
1024 948 1142 1017 animos,
1171 964 1201 1011 ut
1226 957 1365 1029 quiescere
1388 955 1464 1012 nullo
1487 958 1566 1013 modo
1589 959 1705 1031 possint.

421 1035 498 1103 Quod
521 1037 544 1092 si
569 1045 642 1093 tanta
666 1037 717 1093 luit
739 1036 835 1111 gloriae
857 1046 939 1111 atque
962 1040 1067 1113 imperii
1083 1041 1224 1114 cupiditas,
1248 1049 1321 1097 tanta
1337 1041 1445 1097 audacia
1462 1050 1526 1097 tunc
1553 1060 1613 1099 eum
1637 1044 1706 1099 vires
1790 1049 1793 1053 ’

421 1121 533 1177 haberet
555 1121 697 1179 admodum
720 1124 839 1196 exiguas,
861 1141 911 1180 uec
927 1125 1070 1198 quicquam
1086 1126 1138 1181 nisi
1154 1123 1232 1181 littus
1247 1126 1278 1182 ad
1294 1126 1409 1182 Pontum
1425 1125 1556 1183 Euxinum
1572 1135 1706 1190 tenorent.
1761 1174 1771 1188 a

398 1216 452 1263 ant
474 1224 527 1264 non
543 1209 618 1269 mari,
642 1224 696 1264 non
718 1210 871 1271 montibus,
894 1225 947 1265 non
970 1211 1155 1283 magnitudine
1176 1210 1262 1279 Graeci
1285 1211 1392 1285 Imperii
1414 1211 1538 1267 deterriti
1567 1214 1622 1268 sint
1651 1231 1706 1287 quo

421 1293 511 1347 minus
533 1291 560 1348 in
583 1293 673 1348 Asiam
695 1303 723 1349 et
738 1294 873 1368 Europam
897 1295 1027 1369 impetum
1043 1296 1176 1357 lacerent,
1199 1314 1259 1353 cum
1276 1296 1383 1370 quidem
1399 1314 1510 1369 magnas
1526 1298 1638 1371 insuper
1652 1297 1706 1354 cla-

421 1377 469 1432 des
492 1387 665 1451 acceperant,
689 1395 722 1433 an
746 1394 818 1435 nunc
840 1380 952 1453 adeptos
977 1388 1078 1437 tantam
1101 1381 1268 1455 potentiam,
1293 1389 1380 1437 tantas
1404 1381 1473 1437 vires
1496 1391 1523 1437 et
1545 1382 1598 1439 hoc
1614 1400 1704 1439 rerum

421 1462 559 1534 fastigium
587 1463 747 1519 existimatis
778 1481 832 1519 non
860 1463 988 1520 delectari
1015 1466 1122 1540 lmperii
1151 1464 1256 1539 gloria?
1284 1467 1366 1540 Atqui
1396 1484 1458 1522 vero
1488 1467 1635 1523 acerrimus
1663 1476 1705 1523 est

421 1545 547 1602 stimulus
578 1549 603 1603 in
632 1547 770 1604 bellicosis
793 1549 909 1623 ingeniis
932 1564 1067 1606 armorum
1091 1559 1118 1606 et
1142 1551 1246 1626 imperii
1269 1551 1365 1613 decus,
1389 1552 1541 1625 praesertim
1564 1554 1587 1608 si
1602 1553 1704 1626 aspiret
1739 1574 1742 1579 ·

389 1631 503 1687 raetiam
526 1633 644 1688 lortuna.
689 1632 781 1689 multae
804 1643 894 1691 autem
917 1643 1018 1691 nostrae
1028 1636 1130 1692 clades
1146 1637 1281 1692 numerari
1297 1644 1412 1711 possunt
1428 1638 1489 1692 iude
1505 1654 1592 1711 usqne
1606 1655 1621 1692 a
1637 1655 1706 1712 pre·

420 1715 458 1772 lio
481 1718 554 1790 quod
577 1717 767 1790 sigismundus
789 1713 940 1792 lmp'erator
961 1738 1021 1776 cnm
1045 1721 1140 1775 Turcis
1163 1721 1308 1780 infeliciter
1335 1721 1484 1783 commisit.
1512 1739 1573 1779 cum
1601 1723 1704 1778 interea

422 1800 598 1876 nullam.ipsi
622 1804 754 1877 insignem
777 1803 880 1860 cladem
902 1806 1063 1878 acceperint.
1109 1805 1201 1878 ltaque
1225 1806 1250 1860 in
1275 1814 1328 1861 tam
1345 1806 1417 1862 lelici
1433 1807 1606 1863 victoriarum
1622 1824 1704 1863 cursu

422 1904 503 1960 quam
530 1904 585 1942 non
612 1889 745 1944 cessarint
772 1889 882 1945 videtis:
912 1898 942 1945 ut
964 1889 1035 1945 enim
1059 1892 1181 1945 omittam
1204 1907 1249 1945 res
1273 1898 1368 1963 gestas
1397 1892 1583 1964 superiorum,
1613 1892 1703 1948 llaho·

421 1981 528 2033 metus,
557 1972 602 2046 qui
625 1990 667 2029 me
690 1991 776 2047 puero
804 1973 911 2036 deruit,
941 1992 1043 2030 summa
1065 1974 1206 2030 eeleritate
1228 1991 1277 2030 ceu
1301 1973 1401 2031 lulmen
1424 1975 1557 2049 quoddam
1579 1993 1703 2050 magnam

389 2073 412 2113 tt
422 2055 537 2131 Europae
559 2067 664 2130 partem
687 2068 854 2137 pervagatus.
871 2068 926 2119 est:
956 2075 1016 2115 cum
1047 2059 1073 2115 in
1095 2059 1241 2115 Pannoniis
1265 2059 1410 2116 inleliciter
1431 2061 1594 2123 dimicasset,
1617 2061 1704 2118 rietus

420 2142 577 2199 alohanne
600 2143 736 2200 llu‘nniade
764 2161 934 2218 nequaquam
963 2145 1051 2200 auimo
1080 2146 1266 2206 lractus'est‚
1295 2145 1342 2200 scd
1370 2144 1632 2220 Constantinopolim
1660 2147 1706 2202 ad·

421 2236 499 2283 ortus
513 2228 561 2284 diu
584 2228 721 2286 obsessam
743 2231 850 2286 tandem
874 2247 944 2285 anno
966 2237 1110 2303 antequam
1132 2238 1212 2285 natus
1235 2246 1295 2285 sum
1318 2238 1395 2285 sexto
1417 2230 1443 2285 vi
1464 2239 1570 2303 captam
1592 2231 1705 2305 diripuit

420 2312 607 2408 cmpelissime
636 2313 780 2372 interiecto
808 2316 972 2389 imperatore
994 2315 1187 2375 Constantino,
1217 2323 1335 2387 cognato
1363 2322 1473 2378 nostro,
1502 2322 1531 2372 et
1558 2317 1645 2390 raptis
1672 2317 1704 2372 ad

421 2406 546 2472 stuprum
569 2398 627 2454 eius
649 2399 751 2456 liberis.
796 2408 890 2474 postea
912 2408 990 2474 capta
1014 2400 1125 2455 Thracia
1148 2400 1257 2473 llysiam
1287 2399 1386 2455 invadit
1414 2418 1444 2456 ac
1473 2401 1530 2456 lere
1560 2409 1620 2457 toto
1643 2399 1705 2476 llly-

387 2482 478 2538 rorico
501 2484 605 2540 domito
635 2494 662 2540 et
691 2493 822 2559 occupato
851 2502 935 2559 reguo
959 2485 1053 2540 llosnae
1076 2484 1206 2541 Graeciam
1229 2485 1365 2546 adoritur,
1395 2484 1553 2541 Corinthum
1575 2486 1600 2541 ri
1623 2503 1706 2560 expu-

418 2577 485 2640 gnat
512 2577 541 2624 et
562 2567 780 2642 Peloponnesum
809 2570 906 2626 ditioni
935 2587 991 2625 suae
1019 2570 1123 2632 adiicit,
1154 2569 1304 2626 interiectis
1325 2567 1488 2642 Palaeologis
1514 2571 1649 2644 llemetrio
1677 2580 1705 2628 ct

419 2653 520 2710 'Plroma
544 2654 683 2710 iratribus.
728 2655 779 2711 'lot
802 2656 893 2728 regnis
916 2673 946 2710 ac
968 2655 1114 2729 provinciis
1137 2656 1162 2710 in
1179 2653 1285 2728 Europa
1308 2655 1413 2727 potitus
1435 2655 1502 2710 adeo
1524 2672 1579 2711 non
1602 2658 1705 2730 recepit

419 2755 449 2794 se
470 2740 498 2795 in
520 2741 625 2801 ocium,
654 2749 685 2797 ut
699 2741 819 2796 subinde
841 2740 943 2796 maiora
966 2757 1014 2814 spe
1037 2750 1119 2813 atque
1141 2742 1230 2795 animo
1258 2740 1429 2812 conciperet:
1460 2741 1618 2797 constitutis
1640 2758 1704 2815 pro·

419 2824 511 2881 vinciis
541 2826 568 2879 in
596 2824 701 2900 Europa
732 2827 833 2882 traiicit
861 2827 888 2880 in
916 2826 1020 2887 Asiam,
1055 2827 1251 2899 Trapezuntem
1279 2831 1416 2897 expugnat
1449 2841 1513 2896 rege
1541 2825 1703 2892 interlecto;

387 2909 516 2989 tadeinde
531 2909 685 2984 llytilenem
707 2911 789 2966 armis
810 2911 896 2985 capit,
919 2927 1034 2983 eumque
1056 2910 1107 2965 iam
1130 2910 1259 2966 Minorem
1281 2909 1370 2964 Asiam
1393 2925 1424 2964 ac
1445 2909 1523 2966 Ponti
1547 2927 1621 2966 oram
1643 2912 1704 2967 uni·
1805 2975 1817 2988 ⁶

418 3010 520 3052 versam
549 3003 669 3062 teneret,
700 2997 829 3052 transient
858 2994 959 3051 bellum
989 2996 1014 3050 in
1038 2994 1143 3069 Syriam
1173 3004 1201 3051 et
1223 2994 1385 3068 AEgyptum;
1416 2994 1462 3048 sed
1489 3011 1549 3060 eum
1573 2994 1701 3052 Sultanus

417 3081 474 3136 acie
495 3081 581 3136 victus
604 3098 696 3154 pacem
719 3088 838 3155 peteret,
863 3082 924 3155 quia
948 3081 1057 3136 maioris
1080 3080 1177 3153 gloriae
1201 3081 1339 3135 materiam
1362 3095 1423 3134 esse
1445 3078 1511 3134 vidit
1534 3079 1561 3134 in
1584 3079 1700 3154 Europa,

417 3164 506 3222 tmolus
527 3178 588 3222 cum
611 3163 723 3223 Sullano
753 3167 820 3223 lecit
844 3174 871 3222 et
900 3166 1005 3222 rediens
1033 3166 1060 3220 in
1083 3166 1219 3239 Europam
1242 3167 1374 3220 instructa
1396 3163 1483 3219 classe
1505 3172 1534 3220 et
1554 3167 1703 3222 contractis
1728 3176 1733 3187 ‘

417 3253 503 3326 copiis
525 3252 627 3307 traiicit
649 3252 676 3307 in
698 3251 799 3333 ltaliam
823 3261 850 3307 ct
873 3253 1039 3325 oppugnavit
1054 3250 1221 3324 Hydruntem
1244 3267 1275 3304 ac
1297 3257 1400 3305 tantum
1424 3250 1538 3304 terroris
1554 3248 1638 3306 ltaliae
1660 3252 1701 3306 in·

385 3338 517 3400 nauscit,
542 3345 572 3392 ut
599 3337 652 3393 iam
667 3337 803 3393 Romanus
818 3336 943 3392 Pontilex
966 3339 1057 3409 lugam
1081 3328 1203 3409 pararet;
1228 3335 1317 3390 omnia
1340 3343 1417 3390 erant
1434 3334 1461 3388 iu
1476 3333 1551 3390 ltalia
1575 3342 1602 3389 et
1618 3335 1704 3392 Gallia

415 3420 551 3483 bellorum
573 3421 661 3495 plena.
704 3422 801 3478 deinde
823 3438 878 3477 non
901 3420 988 3477 salum
1005 3422 1151 3477 Turearum
1175 3421 1259 3481 vires,
1283 3420 1329 3474 sed
1353 3417 1438 3475 multo
1461 3419 1548 3492 magis
1569 3420 1647 3476 ducis
1663 3421 1702 3477 le-

415 3505 560 3569 licitatem,
589 3508 727 3564 seientiam
751 3508 790 3562 rei
814 3506 950 3569 militaris,
980 3506 1146 3579 vigilantiam
1169 3515 1195 3561 et
1218 3504 1387 3561 celeritatem
1410 3519 1504 3560 omnes
1526 3513 1622 3576 gentes
1646 3506 1702 3561 lor-

415 3592 567 3656 midabant3
590 3593 699 3648 memini
722 3609 764 3648 me
787 3609 872 3666 puero
896 3593 966 3647 liuuc
990 3602 1116 3666 tanquam
1133 3589 1310 3646 Alexandrum
1333 3589 1449 3645 alterum
1472 3589 1613 3663 predicari
1631 3592 1702 3645 eius-

416 3685 468 3750 que
495 3678 589 3733 virtuti
620 3686 660 3733 et·
675 3677 797 3734 felicitati
825 3694 910 3750 prona
940 3678 1028 3733 omnia
1058 3677 1149 3731 videri.
1193 3676 1221 3731 ln
1246 3683 1319 3730 tanta
1342 3673 1522 3748 trepidatione
1544 3684 1702 3732 nostrorum

383 3762 485 3818 &fleus
507 3760 656 3820 clementer
677 3764 796 3837 respexit
818 3761 962 3818 Ecclesiam
986 3779 1060 3817 sunm
1083 3769 1111 3817 et
1133 3761 1172 3817 illi
1196 3762 1321 3835 Tyranno
1350 3760 1402 3815 iarn
1425 3758 1508 3814 ltaliae
1537 3760 1639 3815 aditum
1662 3770 1701 3815 te·

414 3848 488 3903 nenti
511 3865 606 3904 manus
628 3848 733 3909 iniecit,
758 3864 887 3921 eumque,
911 3865 944 3902 ne
967 3847 1089 3902 funditus
1112 3846 1293 3903 Christianum
1317 3862 1430 3907 nomen,
1459 3861 1519 3900 aras
1542 3854 1651 3900 nostras
1673 3854 1699 3900 et

414 3933 622 3990 sacratissimam
644 3934 822 3990 Christianam
854 3932 1015 4006 religionem
1042 3930 1160 3994 deleret,
1189 3931 1315 3988 emedio
1338 3929 1450 3986 sustulit
1473 3937 1556 4003 atque
1578 3929 1699 3986 extinxit.

414 4017 489 4086 Quod
512 4018 620 4093 quidem
644 4020 666 4074 si
690 4018 878 4092 agnoscimus,
908 4019 1061 4091 cogitemus
1084 4033 1135 4072 nos
1158 4017 1265 4091 quidem
1287 4033 1320 4073 eo
1344 4023 1466 4071 servatos
1488 4032 1562 4077 csse,
1593 4032 1647 4070 non
1670 4023 1700 4070 ut

478 4200 1011 4265 ¹Ab0smauuol.(n.1300...132ll.i
1036 4199 1172 4251 rationem
1196 4202 1248 4251 init
1267 4200 1370 4249 Caesar.
1417 4196 1438 4231 ¹¹
1458 4194 1606 4263 commisit]
1627 4198 1699 4263 apud

415 4289 564 4356 Nicopolin
582 4304 709 4355 magnam
730 4289 755 4338 d.
768 4286 811 4339 28.
825 4289 900 4352 Sept.
915 4304 940 4337 a.
955 4286 1029 4338 tono.
1050 4303 1111 4337 eum
1130 4286 1319 4352 sigismundus
1336 4283 1462 4333 nondum·
1473 4283 1629 4348 imperator,
1649 4283 1698 4332 sed

413 4376 565 4440 Hungnrioe
583 4390 630 4424 rex
650 4378 733 4423 esset.
769 4371 820 4405 ¹³¹¹
839 4372 1012 4423 Mahometus
1031 4374 1066 4423 ll.
1086 4374 1217 4437 Magnus,
1238 4365 1543 4435 regn.a.1451...1481.
1581 4366 1601 4398 ¹¹
1619 4368 1698 4416 Ioan-

413 4475 462 4509 nes
479 4459 611 4522 Hunyad‚
631 4458 847 4509 Enanssilvnuiae
866 4458 931 4518 dux,
952 4458 1078 4507 Matthiae
1098 4457 1170 4522 regis
1183 4455 1335 4519 Hungariae
1353 4468 1467 4517 parens,
1488 4466 1542 4501 non
1560 4449 1646 4500 semel
1663 4451 1718 4509 de,

413 4545 562 4594 'l'urcarum
582 4545 704 4594 exercitu
722 4544 865 4595 victoriam
879 4543 1044 4607 reportavit,
1064 4543 1111 4591 sed
1129 4542 1230 4605 saepius
1249 4540 1331 4588 etiam
1351 4538 1441 4587 rictus
1461 4542 1515 4597 est;
1535 4541 1564 4584 at
1576 4541 1638 4599 post
1649 4550 1696 4599 pu-

412 4622 492 4694 gnam
511 4630 584 4695 apud
603 4630 728 4680 Kosaoxnn
745 4627 784 4695 (n.
799 4626 898 4691 lton),
918 4628 946 4676 in
965 4640 1019 4690 qne
1036 4627 1084 4676 XL
1103 4626 1180 4675 milia
1192 4621 1342 4674 Turdrum
1361 4622 1529 4682 ceciderant,
1550 4621 1698 4685 imperator

412 4715 576 4766 Amarathns
593 4716 645 4773 11„
668 4715 820 4765 Mahumeti
843 4708 943 4779 puter,¹
962 4712 1065 4760 dixisse
1083 4711 1183 4771 fertur,
1207 4723 1270 4758 suns
1288 4706 1342 4757 sibi
1359 4706 1392 4754 de
1411 4705 1547 4769 Hnuyado
1564 4704 1696 4754 victorias

412 4801 523 4850 nimium
542 4802 679 4850 constes.
726 4797 747 4830 ¹⁷
769 4797 859 4863 Capta
882 4801 924 4845 est
943 4794 1197 4858 Constantinopolis
1219 4793 1244 4843 d.
1256 4791 1299 4842 29.
1312 4791 1382 4840 Maii
1401 4806 1426 4839 a.
1442 4789 1515 4840 1453.
1545 4789 1634 4838 Natus
1652 4794 1695 4840 est

411 4883 617 4950 Muimilinnus
629 4883 654 4933 d.
667 4883 708 4933 22.
721 4882 815 4935 Martii
834 4897 859 4930 a.
875 4878 946 4932 1459.
982 4877 1004 4912 ¹⁸
1023 4877 1219 4926 Constantinus
1231 4877 1293 4926 ΧΠ.
1312 4875 1487 4940 Pnlaeologns
1500 4879 1630 4938 parentes
1646 4873 1695 4923 ha·

412 4970 470 5020 buit
486 4967 645 5021 llanuelem
663 4973 692 5017 et
709 4969 827 5018 laenam.
866 4963 888 4996 ¹¹
906 4961 980 5028 rege]
1000 4962 1094 5011 David
1111 4961 1297 5010 Comneno.n.
1315 4958 1386 5009 1462.
1426 4955 1694 5011 ¹¹Otremtomnlul.

413 5052 526 5104 closo.
560 5047 884 5116 ”PontiClSixtuslw
936 5046 957 5077 ¹¹
977 5044 1014 5111 et]
1034 5049 1106 5095 act.
1141 5045 1163 5076 ¹¹
1181 5043 1481 5095 annectentem.

1415 5127 1474 5186 12*
