4300 6059
489 716 612 754 ΗΠΤΕΜ
632 716 661 753 ut
681 717 773 753 DVCBH
792 719 1070 755 WIBTENHBGBNSH
1089 719 1190 754 onusto
1210 718 1242 753 ll·
1266 718 1380 755 tostus.
1392 687 1492 754 Mbll.
1584 690 1632 763 29

343 872 555 952 desyderctur:
586 891 622 934 ex
651 873 713 943 nde,
736 875 881 936 Germana
910 880 954 935 est
979 872 1088 935 nulbus
1118 875 1147 933 in
1165 873 1321 934 iudicando
1342 876 1467 951 gratiam
1485 881 1632 954 spectare,
1714 870 1717 877 ’

342 972 577 1036 nullius‘iavorc
599 983 649 1036 aut
670 976 777 1057 invidia
800 977 885 1046 duci,
909 974 1026 1037 nullius
1039 978 1199 1055 potentiam
1220 978 1324 1036 vereri.
1368 977 1473 1038 deinde
1497 996 1531 1037 eo
1552 976 1633 1038 dete·

342 1078 406 1137 rior
430 1084 476 1138 est
495 1076 559 1138 baec
578 1078 723 1147 conditio,
743 1078 822 1156 quod
843 1097 891 1139 res
913 1080 1010 1156 agitur
1033 1078 1171 1139 omuibus
1190 1089 1258 1137 nota
1283 1086 1313 1138 et
1332 1096 1397 1155 quae
1416 1079 1461 1139 sui
1479 1078 1555 1138 laura
1573 1096 1632 1139 non

343 1181 535 1241 Germaniam
557 1180 663 1255 modo,
694 1180 746 1240 sed
766 1178 932 1242 universam
955 1197 1049 1258 prope
1071 1179 1220 1259 Europam
1245 1187 1404 1258 pervagata
1433 1186 1492 1249 cst,
1522 1188 1552 1239 ut
1579 1179 1632 1240 ob·

319 1295 467 1342 oscurum
490 1300 639 1343 essenon
660 1283 754 1361 possit
772 1282 869 1360 siquid
891 1301 907 1344 a
929 1265 1026 1351 vobis,
1050 1281 1130 1360 quod
1150 1299 1237 1343 nemo
1258 1288 1357 1359 putat,
1378 1283 1475 1342 minus
1490 1291 1631 1343 strennue
1680 1266 1684 1274 ⁵

342 1384 505 1445 iudicatum
527 1383 624 1446 luerit.
670 1381 766 1453 Quam
785 1392 828 1445 cst
850 1385 908 1446 boc
928 1393 1025 1447 autem
1048 1385 1257 1463 spectandum,
1282 1384 1360 1463 quod
1384 1383 1497 1443 abhoc
1519 1385 1630 1463 posteri
1640 1391 1699 1442 §.ts

343 1485 513 1565 exemplum
535 1486 614 1565 quod
635 1492 754 1546 sumant
773 1485 941 1556 babebuut;
970 1505 1026 1548 noc
1048 1488 1114 1547 lieri
1134 1487 1258 1564 poterit,
1280 1488 1337 1546 nisi
1353 1485 1397 1545 lvis
1411 1487 1565 1564 principiis
1580 1484 1632 1545 ob·

324 1590 483 1659 sistatur,
505 1590 576 1667 quin
596 1590 716 1666 pessimi
736 1590 768 1648 in
790 1589 978 1650 Germaniam
998 1607 1098 1649 mores
1118 1588 1301 1649 invehamur.
1344 1587 1429 1659 Quod
1451 1594 1494 1655 te,
1525 1588 1630 1655 Gaesar,

343 1691 502 1772 providere
524 1698 655 1768 oportet,
681 1709 720 1752 ne
741 1693 769 1752 si
787 1709 843 1752 nos
865 1691 967 1752 audias
988 1691 1156 1757 remissius,
1193 1690 1341 1750 communi
1363 1690 1529 1750 Germaniae
1550 1688 1630 1748 bouo

309 1803 335 1843 ¹⁰
346 1792 476 1853 doluisse
498 1792 632 1861 ridearis.
669 1792 740 1871 quid
763 1777 841 1854 en'im
861 1795 989 1872 petimus
1011 1791 1090 1868 aliud
1111 1809 1199 1870 quam
1226 1809 1262 1852 ex
1284 1800 1326 1861 te,
1352 1792 1433 1851 lonte
1456 1792 1551 1852 omnis
1574 1791 1631 1851 hoc
1708 1769 1717 1787 ’

343 1872 481 1974 tempor'e
503 1895 634 1964 tusone,
657 1896 783 1973 aspergi
796 1912 831 1955 ac
852 1894 950 1964 retici,
973 1903 1006 1954 ut
1026 1912 1082 1955 nos
1103 1894 1294 1971 fortunasque
1313 1899 1431 1954 nostras
1446 1901 1548 1955 eontra
1563 1911 1630 1973 per-

343 1997 481 2058 ditissimi
502 1997 645 2074 euiusque
667 1997 725 2063 vim
744 2016 779 2057 ac
806 1995 974 2058 violentiam
993 2003 1023 2057 te
1045 1996 1159 2057 vindice
1176 2013 1413 2074 propuguemus,
1436 2004 1482 2065 ut,
1505 1997 1555 2074 qui
1577 2014 1631 2055 nos

344 2107 409 2159 tam
428 2099 589 2160 inhumano
610 2096 742 2159 facinore
764 2096 859 2160 dolori
881 2115 916 2160 ac
937 2098 1030 2159 luctui
1052 2096 1197 2157 obnoxios
1224 2090 1364 2166 reddidit,
1392 2098 1481 2174 digno
1511 2098 1629 2157 taudem

343 2199 489 2279 supplicio
511 2209 542 2262 te
562 2201 710 2262 iudicante
734 2201 855 2262 allectus
876 2200 987 2262 soletur
1011 2219 1046 2260 ac
1067 2198 1176 2260 leniat?
1207 2198 1310 2259 Totam
1337 2201 1368 2258 in
1398 2206 1448 2259 tua
1475 2199 1697 2277 religionetos

308 2302 425 2381 vsqvvod
447 2301 605 2372 debemus,
629 2310 737 2381 tuaque
758 2302 964 2367 ddecausam.
978 2303 1162 2381 deponimus.
1197 2300 1249 2361 ubi
1272 2301 1344 2362 nilvil
1364 2300 1468 2362 laboro
1490 2303 1553 2362 eius
1577 2304 1630 2363 ite-

342 2423 412 2464 rum
435 2420 625 2466 commonere
646 2410 691 2475 te,
714 2405 795 2483 quod
817 2407 858 2466 sis
880 2407 943 2484 ipse
962 2403 1152 2465 vehementer
1167 2402 1204 2463 ab
1221 2405 1276 2464 isto
1290 2402 1391 2472 laesus,
1415 2422 1512 2483 quone
1526 2404 1632 2480 dignus

343 2508 399 2566 iste
430 2506 563 2567 videatur
592 2509 723 2585 quicum
745 2515 777 2568 tu
799 2507 936 2567 iniuriam
960 2505 1141 2585 expostules,
1169 2514 1199 2567 et
1219 2505 1275 2565 lvoc
1299 2505 1365 2565 loco
1388 2508 1431 2565 sic
1452 2512 1482 2567 te
1503 2507 1630 2574 intueor,

342 2615 376 2667 nt
397 2610 449 2686 qui
467 2607 616 2685 publicam
638 2626 796 2687 personam
818 2600 979 2679 su'stiue'aS,
1000 2626 1181 2688 pessumque
1204 2608 1281 2667 lerre
1302 2616 1331 2667 et
1344 2606 1423 2667 bono
1439 2610 1537 2667 auimo
1555 2628 1630 2676 esse,

342 2709 425 2787 quod
446 2708 534 2770 buius
556 2710 675 2788 privatae
695 2712 808 2775 iniuriae
830 2717 886 2772 tuae
908 2713 1024 2790 penitus
1043 2710 1234 2772 obliviscaris.
1268 2727 1436 2788 quanquam
1454 2709 1587 2770 nonnihil
1602 2717 1632 2771 et

307 2811 393 2872 scilla
417 2812 537 2890 pessimi
559 2831 594 2875 ac
615 2812 734 2891 publico
756 2813 837 2892 digni
854 2812 997 2892 supplicio
1018 2811 1145 2891 exempli
1168 2811 1399 2890 complectitur,
1412 2820 1441 2872 et
1462 2810 1515 2872 abs
1531 2819 1560 2872 te
1576 2830 1630 2872 suo
1684 2890 1690 2900 ·

341 2913 410 2976 loeo
432 2913 614 2976 mactabitur.
659 2913 718 2976 Sed
738 2916 844 2994 nequis
865 2917 904 2977 ita
927 2933 982 2976 nos
998 2933 1087 2977 eausa
1103 2915 1246 2975 excidisse
1259 2913 1431 2983 arbitretur,
1454 2921 1486 2973 ut
1507 2914 1543 2974 ad
1559 2914 1627 2974 alie·
1639 2931 1699 2981 aaa.

342 3035 416 3078 num
436 3015 559 3095 quodvis
580 3017 779 3095 patrocinium
800 3018 1016 3086 recurrendum
1035 3019 1087 3085 sit,
1118 3025 1259 3095 quantum
1277 3024 1381 3094 potero
1402 3017 1477 3076 iutra
1501 3025 1632 3076 nostram
1691 3032 1719 3092 ᾗ

343 3138 392 3180 me
412 3136 532 3179 causam
554 3117 728 3202 continebo;
751 3118 805 3181 ubi
827 3121 857 3180 in
877 3139 992 3182 summa
1014 3119 1087 3180 illud
1106 3134 1178 3195 ago,
1207 3126 1239 3178 ut
1260 3119 1285 3177 si
1306 3135 1361 3177 nos
1387 3119 1442 3178 iste
1463 3118 1631 3178 immaniter
1664 3190 1666 3197 Ι

342 3221 433 3291 lesit,
456 3222 482 3281 si
502 3221 658 3286 novissimo
682 3220 816 3300 exemplo
838 3224 1021 3283 teterrimum
1042 3221 1099 3282 sibi
1117 3206 1293 3300 supplicium
1315 3220 1483 3290 accersivit,
1509 3220 1567 3280 hoc
1588 3222 1631 3281 la·

306 3338 333 3379 as
344 3325 405 3385 cias
424 3322 503 3401 quod
526 3330 556 3384 et
574 3323 664 3386 debes
686 3331 717 3385 et
734 3331 832 3405 potes,
855 3330 888 3384 ut
904 3342 991 3403 quam
1007 3323 1163 3385 celerrime
1180 3324 1299 3402 punias:
1322 3321 1486 3401 quidecim
1503 3325 1557 3382 ista
1576 3323 1700 3391 sibinm.

341 3425 406 3486 vult
429 3425 717 3503 comperendinatio?
738 3432 789 3488 aut
810 3444 864 3487 cur
884 3444 943 3487 uon
962 3425 1039 3487 ultro
1061 3424 1142 3485 bunc
1162 3426 1198 3485 ad
1217 3424 1392 3503 supplicium
1408 3425 1504 3503 rapis?
1527 3443 1632 3486 aneos

342 3529 425 3589 feres
447 3528 499 3607 qui
524 3535 574 3587 tuo
594 3529 705 3589 nomini
726 3526 870 3589 maculam
884 3530 1020 3597 inurunt,
1042 3528 1167 3605 imperio
1183 3530 1365 3588 eversionem
1379 3525 1555 3601 moliuntur,
1578 3526 1633 3587 bo·

342 3631 391 3690 nis
411 3630 484 3690 viris
503 3631 664 3707 perniciem
682 3629 840 3694 invehunt?
862 3629 923 3692 noli
944 3630 999 3691 hos
1018 3629 1098 3691 alere
1120 3630 1150 3689 in
1173 3631 1330 3693 Germania
1351 3630 1495 3708 pessimos
1517 3647 1631 3697 mores;

341 3731 406 3792 noli
428 3732 564 3794 dominos
583 3732 737 3811 imponere
758 3731 861 3803 nobis,
884 3741 913 3793 et
936 3751 986 3794 eos
1008 3731 1182 3801 insolentes,
1210 3734 1304 3802 ieros,
1334 3730 1484 3803 crudeles,
1513 3733 1631 3809 saugui-

307 3835 447 3895 aanarios
468 3852 503 3894 ac
525 3832 627 3912 populi
648 3852 765 3912 semper
786 3833 873 3896 liberi
895 3842 1059 3902 voratores;
1083 3833 1158 3903 noli,
1181 3837 1316 3914 inquam,
1340 3842 1453 3895 tantum
1474 3832 1559 3894 nobis
1577 3833 1631 3894 ob·

341 3935 467 3996 trudere
488 3936 632 4005 dedecus,
666 3954 721 3997 nec
747 3938 830 3997 istam
857 3938 920 3997 sine
945 3937 1128 4016 temporibus
1154 3940 1212 3998 tuis
1236 3947 1336 3998 notam
1366 3937 1476 4013 iniligi:
1515 3938 1691 4016 suscipens

343 4056 466 4099 causam
486 4039 618 4109 iustitiae,
641 4040 710 4100 fidei
730 4058 765 4099 ac
786 4038 952 4117 religionis,
973 4058 1092 4100 causam
1114 4042 1202 4102 totius
1224 4041 1406 4108 Germaniae,
1429 4039 1556 4100 universi
1577 4040 1654 4104 im·.

341 4139 434 4218 perii;
458 4147 607 4201 memento
629 4148 746 4202 tuorum
768 4141 929 4210 maiorum,
957 4143 999 4200 tui
1024 4149 1131 4211 status,
1155 4149 1212 4203 tuae
1236 4142 1466 4204 existimationis.
1507 4149 1537 4201 te
1559 4140 1632 4202 Ger·

343 4243 457 4310 mania,
481 4249 513 4301 ut
534 4240 681 4302 bellorum
702 4244 742 4303 sis
766 4244 984 4304 administrator
1006 4250 1036 4304 et
1053 4246 1170 4324 irnperii
1191 4245 1279 4306 huius
1301 4251 1396 4313 tutor,
1418 4244 1632 4323 imperatorem

308 4342 492 4423 tslegit,⁴ob
513 4345 612 4423 idque
624 4345 657 4405 in
678 4363 780 4408 omnes
801 4353 921 4408 eventus
942 4353 971 4407 te
999 4348 1169 4416 comitatur,
1199 4347 1252 4407 tibi
1278 4354 1376 4426 paret:
1407 4347 1467 4409 noli
1488 4348 1544 4409 lroc
1569 4345 1632 4409 leve

342 4446 430 4508 nobis
458 4449 572 4525 iugum.
588 4434 624 4523 lsi
646 4449 747 4527 iugum
772 4456 818 4509 est
844 4449 941 4526 potius
964 4467 1052 4527 quam
1072 4448 1217 4509 libertatis
1238 4456 1347 4510 nostrae
1368 4453 1560 4528 conservatio)
1582 4451 1632 4511 ad·

343 4550 434 4611 nussa
457 4550 567 4613 senua
587 4567 675 4627 grave
696 4569 731 4613 ac
752 4550 887 4613 odiosum
909 4552 1051 4613 reddere:
1076 4553 1187 4630 extirpa
1204 4568 1380 4629 magnorum
1399 4552 1548 4622 malorum
1567 4551 1632 4631 pul·

342 4650 487 4714 lulautem
513 4637 665 4723 irub'cem3
698 4652 782 4716 dune
798 4657 800 4661 ’
817 4663 1000 4717 crescentem
1029 4656 1062 4716 in
1092 4661 1225 4716 nostram
1260 4656 1425 4733 perniciem
1458 4662 1632 4733 nostrasque

1676 1970 1699 2007 ί

412 4873 435 4907 ¹⁷
452 4881 512 4939 port
531 4874 656 4939 quicum
675 4875 703 4933 [ι’.
721 4891 744 4924 e.
764 4889 824 4926 cum
844 4871 906 4940 quo]
930 4880 959 4924 tu
978 4878 1078 4926 cddtdit
1096 4878 1232 4942 privatam
1248 4881 1279 4927 11.
1341 4881 1436 4926 rectius
1452 4876 1633 4926 domesticam

344 4958 367 4991 ²²
385 4959 489 5024 quodq)
508 4962 531 5010 t.
567 4959 682 5023 quodvis
698 4965 728 5009 11.
780 4957 802 4991 ¹⁸
821 4961 896 5013 ‚Ubi
913 4966 942 5010 11.
1003 4959 1025 4993 ⁸⁷
1043 4960 1184 5024 pululante
1202 4967 1226 5025 1.
1251 4963 1288 5015 el.
1301 4961 1404 5027 Vergil.
1424 4961 1523 5026 Georg.
1536 4961 1572 5010 ll.
1593 4960 1633 5009 17.

343 5043 480 5094 ‘Pullulat
503 5044 539 5093 nlv
563 5045 658 5095 radies
682 5045 746 5096 aliia
764 5044 929 5096 densissime
947 5045 1037 5096 silvo'.
