4300 6059
515 702 638 739 HVTTRM
657 701 687 737 18
706 703 849 740 VLBICHVH
868 702 1266 759 winnnnrnuuuttstu'ontrro
1286 706 1307 740 1.
1325 706 1391 742 ΜΤ.
1405 707 1432 742 Δ.
1448 699 1504 743 1615.
1605 678 1650 750 19

362 876 396 918 11
421 857 480 917 boo
498 857 604 918 indicio
627 857 782 919 incolumis
803 860 855 929 sit,
878 858 1011 938 polliceri
1031 860 1086 922 sibi
1110 860 1231 939 debeat:
1254 871 1374 941 experta
1396 870 1440 924 est
1461 870 1602 944 qrranturn
1620 882 1652 925 se

361 959 410 1020 bic
433 962 600 1030 continere,
621 969 764 1040 quatenns
786 979 818 1021 se
833 961 961 1039 fingere,
983 981 1066 1023 snam
1088 971 1222 1025 naturam
1243 952 1426 1028 dissimulare
1440 968 1546 1045 possit:
1572 966 1650 1045 quod

360 1065 429 1142 quia
452 1062 561 1124 diutins
583 1080 642 1122 non
663 1065 772 1142 potuit,
804 1071 833 1124 et
856 1065 898 1123 sic
919 1066 1032 1142 erupit,
1058 1073 1129 1126 uta
1152 1065 1258 1146 quibus
1284 1074 1328 1127 tot
1351 1074 1488 1148 mritoque
1509 1068 1650 1130 beneficia

360 1166 489 1242 accepit,
518 1166 547 1225 in
570 1183 621 1225 eos
640 1167 768 1244 primum
790 1172 938 1227 evomeret
959 1166 1125 1229 acerbitatis
1147 1187 1208 1230 suae
1229 1187 1388 1239 venenum,
1417 1169 1489 1231 nibil
1518 1188 1575 1230 non
1599 1189 1651 1230 an·

339 1284 465 1327 esurum
488 1268 516 1327 in
536 1265 624 1328 aliurn
648 1286 815 1348 quenquam
836 1275 935 1346 putat:
956 1268 1004 1329 bic
1022 1270 1146 1330 terentis
1165 1289 1282 1347 cursum
1298 1271 1451 1351 impediet,
1474 1272 1523 1333 hic
1539 1282 1650 1352 pestem

360 1368 527 1446 publicam,
551 1387 707 1431 commune
728 1371 862 1439 exitium,
885 1369 982 1449 legum
1005 1390 1040 1431 ac
1060 1373 1132 1432 iuris
1154 1375 1335 1435 eversionem
1354 1374 1450 1444 sistet,
1480 1381 1592 1435 evertet
1617 1393 1652 1434 ac

361 1473 527 1550 extinguet;
556 1490 615 1533 non
643 1474 719 1534 sinet
742 1472 800 1533 boc
822 1471 945 1533 ulterius
967 1474 1113 1551 proficisci
1143 1474 1324 1554 exemplum:
1354 1474 1487 1536 consulet
1509 1476 1650 1544 moribus,

360 1572 491 1634 servabit
511 1571 608 1652 legem
628 1575 747 1636 minime
770 1573 847 1636 volet
866 1582 1033 1636 exterarum
1055 1577 1206 1637 nationum
1230 1575 1382 1638 calumniis
1410 1577 1556 1648 obnoxia,
1590 1595 1650 1638 suae

359 1675 491 1754 pristine
511 1677 625 1738 virtutis
646 1675 734 1738 oblita
757 1695 830 1739 esse.
875 1677 921 1738 Tu
947 1691 1032 1746 vero,
1063 1677 1175 1749 Cesar,
1204 1697 1292 1758 qnam
1322 1681 1432 1740 nemini
1463 1679 1719 1741 deoiubente.

329 1793 399 1836 coer
420 1776 528 1855 quibus
547 1780 605 1839 tuis
626 1778 760 1840 moribus
782 1779 930 1859 quomodo
953 1778 1078 1841 aliorum
1100 1783 1240 1851 aestimes,
1264 1780 1344 1842 rides
1365 1781 1443 1861 apud
1464 1789 1492 1842 te
1513 1784 1559 1859 agi
1582 1800 1650 1843 can-

362 1887 442 1950 sam,
466 1898 530 1959 quae
552 1882 576 1941 si
598 1887 698 1942 nostra
717 1889 831 1943 tanttun
854 1888 883 1942 et
903 1882 1013 1959 privata
1032 1890 1126 1952 esset,
1150 1883 1272 1944 iudicari
1293 1890 1390 1944 tamen
1413 1883 1515 1945 abste
1538 1884 1652 1946 fortiter

361 1980 501 2049 deberet;
525 1999 605 2043 nunc
627 2001 694 2046 cum
712 1982 828 2062 publica
850 1985 888 2045 sit
907 1990 937 2043 et
958 1983 1083 2062 exempli
1107 1985 1304 2063 magnitudine
1326 1985 1361 2045 ad
1377 2004 1480 2047 ornnes
1496 1987 1651 2065 pertineat,

362 2100 422 2142 non
442 2084 485 2144 ris
506 2091 534 2144 te
556 2086 719 2164 imperante
740 2088 934 2163 pessimorum
964 2085 1093 2147 andacia.
1121 2088 1309 2147 innocentum
1338 2089 1431 2166 capita
1458 2087 1559 2167 prodi;
1592 2106 1651 2147 non

362 2185 433 2245 sinis
455 2185 512 2246 boc
531 2194 560 2246 te
582 2185 677 2248 alente
699 2187 866 2248 incendium
889 2189 985 2248 omnia
1009 2186 1099 2257 licere
1123 2187 1220 2257 malis,
1251 2187 1323 2248 nibil
1351 2188 1437 2250 bonis
1456 2196 1552 2260 ,tutum
1576 2209 1649 2260 osse,

326 2301 351 2342 1⁵
362 2271 528 2348 libertatem
550 2290 687 2360 interire,
719 2287 800 2366 leges
827 2307 1016 2359 evanescere,
1051 2291 1206 2369 imperium
1233 2292 1397 2359 contemni;
1430 2291 1510 2352 rides
1536 2293 1565 2352 in
1592 2293 1720 2371 qualil-

361 2388 494 2467 periculo
516 2391 575 2451 sint
594 2393 706 2462 omnia,
729 2410 785 2452 nec
806 2391 932 2452 obscure
953 2392 1044 2452 sentis
1067 2410 1155 2470 quarn
1174 2410 1234 2453 non
1252 2393 1366 2471 possint
1381 2393 1462 2469 leges
1480 2395 1650 2463 consistere,

360 2493 416 2553 nisi
439 2510 519 2554 nunc
540 2510 593 2571 per
616 2500 836 2565 1111111111111,4
859 2500 890 2555 et
911 2511 997 2573 quam
1021 2493 1118 2554 omnia
1141 2495 1198 2554 sint
1217 2495 1347 2573 perdita,
1371 2496 1394 2554 si
1416 2493 1497 2572 leges
1513 2503 1651 2574 pereant:

361 2601 430 2654 sunt
451 2596 526 2655 enim
547 2594 593 2656 bae
614 2595 751 2657 bnmanae
772 2597 918 2656 societatis
939 2594 1068 2664 vincula,
1098 2602 1185 2674 atquo
1211 2613 1261 2656 eas
1288 2598 1381 2657 nostri
1407 2598 1548 2669 maiores,
1577 2616 1659 2681 non·¹

361 2695 432 2756 dum
454 2714 559 2775 parere
581 2697 707 2773 dociles,
730 2704 906 2777 acceperunt
930 2705 1036 2767 tamen,
1060 2704 1089 2758 et
1107 2700 1233 2775 posteris
1255 2716 1308 2776 per
1329 2716 1434 2759 manus
1456 2699 1649 2769 tradiderunt,

323 2816 427 2877 eoquae
447 2797 534 2878 longo
559 2817 614 2860 usu
634 2801 755 2862 lirmatae
781 2801 811 2861 in
842 2817 907 2861 carn
934 2799 1051 2860 tarnlem
1078 2799 1275 2860 conditionem
1302 2808 1461 2872 venerunt,
1496 2807 1529 2860 111
1556 2800 1652 2878 donec

359 2900 442 2979 leges
463 2903 535 2970 sint,
559 2919 613 2963 nos
635 2910 794 2982 nostraque
814 2904 909 2963 omnia
932 2903 960 2963 in
984 2908 1046 2962 tuto
1074 2902 1166 2979 posita
1193 2902 1406 2969 existimemus3
1436 2909 1465 2961 at
1486 2904 1510 2961 si
1534 2895 1656 2981 ‹prando'

359 3002 417 3072 illae
444 3005 604 3075 intereant,
636 3012 707 3066 tunc
734 3003 820 3065 simul
848 3004 944 3065 huius
960 3004 1075 3080 imperii
1104 3004 1285 3064 firmamenta
1320 3020 1496 3064 concussum
1531 3006 1582 3075 iri,
1621 3011 1651 3064 et

360 3107 491 3167 omnium
511 3107 704 3186 precipitium
726 3107 867 3168 futurum.
911 3105 1158 3168 instituendarum
1181 3093 1277 3165 autem
1299 3103 1396 3182 legum
1415 3109 1503 3165 carisa
1521 3106 1591 3175 luit,
1613 3112 1717 3166 111111.

361 3208 431 3285 quid
452 3210 499 3269 cni
521 3228 587 3269 curn
611 3210 716 3270 iniuria
742 3207 861 3270 alterius
882 3207 992 3268 liceret.
1035 3208 1071 3267 At
1094 3225 1158 3286 quae
1181 3209 1274 3267 maior
1296 3206 1399 3267 iniuria
1422 3224 1509 3284 qnmn
1534 3209 1671 3288 eripere·

323 3308 445 3370 unalteri
468 3312 572 3371 uitam?
605 3330 692 3390 qnam
715 3309 971 3390 pessundabnntur
992 3310 1106 3378 omnia,
1141 3310 1163 3368 si
1192 3308 1249 3368 hoc
1278 3309 1304 3367 ei
1332 3306 1432 3369 licebit
1458 3310 1507 3386 qui
1536 3310 1650 3388 potest?

359 3412 429 3491 quid
453 3414 530 3474 enim
554 3413 676 3474 divinius
697 3413 747 3474 hic
769 3412 895 3474 hominis
913 3414 984 3480 rita,
1018 3427 1083 3489 quae
1112 3428 1146 3469 er
1178 3409 1233 3470 deo
1255 3416 1299 3469 est
1326 3416 1355 3469 et
1376 3427 1444 3487 pars
1466 3408 1527 3480 dei,
1562 3429 1649 3489 quam

359 3515 411 3592 qui
432 3512 516 3575 alteri
538 3515 639 3593 eripit,
667 3533 754 3594 qnam
783 3513 903 3576 violasse
931 3513 1028 3574 omnia
1056 3511 1183 3572 bumana
1211 3511 1364 3589 divinaque
1391 3512 1557 3572 censendus
1585 3514 1649 3573 esti

359 3614 454 3675 Porro
477 3614 513 3675 de
536 3616 662 3695 ecquid
685 3615 889 3686 statuendum,
913 3617 962 3696 qui
984 3614 1124 3674 interimit
1144 3600 1294 3674 hominem
1316 3614 1353 3674 de
1375 3631 1406 3673 se
1429 3612 1538 3690 optime
1561 3615 1717 3676 meri-ce.

357 3717 443 3778 tum?
464 3736 552 3796 quarn
574 3716 622 3777 ille
644 3725 766 3796 propter
788 3715 1042 3796 ingratitudinem,
1069 3716 1237 3794 perfidiam,
1262 3715 1484 3783 immanitatem,
1508 3722 1647 3775 nontam

323 3837 395 3879 aoex
417 3817 516 3897 legum
538 3827 642 3880 natura
668 3837 754 3898 quam
775 3820 906 3880 ninnium
928 3819 1066 3896 opinione
1089 3826 1117 3878 et
1143 3819 1286 3878 sententia
1315 3823 1452 3895 tanquam
1480 3815 1646 3877 morbidum

290 3916 296 3951 ¹
358 3919 478 3998 aliquod
498 3920 664 3982 membrum
687 3940 703 3981 a
719 3939 844 4000 corpore
859 3921 995 3981 humanae
1013 3920 1227 3980 coniunctionis
1243 3916 1455 3979 rescindendus
1474 3916 1537 3977 esti
1558 3916 1715 3995 quodam.

359 4024 413 4082 nisi
435 4021 516 4101 leges
538 4030 653 4092 essent,
676 4023 712 4084 ad
736 4040 863 4102 quornm
885 4021 1010 4082 lormam
1036 4039 1072 4083 ac
1093 4023 1298 4101 praescriptum
1324 4020 1429 4080 indicia
1455 4017 1646 4088 haberentur,
1708 4073 1713 4082 .

358 4145 394 4186 11
416 4121 521 4187 natura
543 4124 606 4185 haec
627 4125 840 4203 penderemus:
868 4125 975 4203 quippe
998 4130 1101 4183 contra
1124 4130 1258 4183 naturam
1285 4123 1378 4200 magis
1399 4119 1471 4180 nihil
1484 4128 1539 4181 est
1561 4137 1647 4201 quam

358 4227 495 4288 occidere
517 4229 644 4305 primum
666 4227 831 4298 bominem,
854 4226 960 4288 deinde
984 4243 1051 4285 enm
1074 4223 1264 4303 occidere,„a
1288 4242 1346 4301 quo
1370 4240 1428 4282 non
1446 4228 1557 4282 tantum
1578 4221 1648 4281 nibil

323 4328 427 4392 umali
449 4329 500 4390 sed
522 4327 592 4390 boni
615 4330 701 4390 eliam
723 4328 847 4390 multum
872 4326 1171 4407 acceperisnullam
1192 4324 1230 4384 ob
1247 4322 1379 4402 culpam,
1402 4343 1437 4384 ex
1454 4322 1532 4384 nulla
1549 4332 1647 4390 causa,

357 4449 414 4491 nec
435 4430 467 4508 id
487 4429 585 4491 subito
608 4450 642 4492 ac
663 4428 779 4492 turbata
806 4431 936 4499 rationo,
959 4429 1010 4491 sed
1034 4437 1062 4489 et
1084 4427 1179 4487 studio
1204 4433 1233 4485 et
1255 4424 1350 4485 dedita
1373 4414 1478 4503 opera,
1508 4442 1567 4484 non
1591 4426 1646 4485 im·
1688 4497 1695 4505 ,

357 4533 530 4611 prudenter,
551 4532 602 4595 sed
626 4551 661 4593 ex
682 4533 849 4612 proposito,
872 4550 928 4592 nec
949 4533 987 4592 ita
1010 4538 1043 4592 ut
1064 4529 1207 4589 occidisse
1228 4528 1297 4586 satis
1317 4532 1413 4604 putet,
1435 4526 1486 4587 sed
1509 4525 1572 4585 bac
1594 4524 1644 4602 ad·

356 4634 406 4694 dat
429 4643 462 4695 ut
486 4636 618 4696 exanime
641 4651 748 4712 corpus
766 4641 871 4694 tractet
885 4642 914 4694 11
937 4652 952 4693 a
973 4633 1087 4711 pietatis
1104 4630 1199 4691 officio
1215 4645 1269 4687 nos
1291 4636 1399 4688 arceat.
1445 4625 1538 4697 Quam
1554 4624 1644 4687 muita
1654 4638 1714 4690 111.

423 4855 583 4906 ⁵.Htorr.
636 4856 711 4906 .Hic
730 4862 759 4904 11.
806 4848 1391 4918 impediet-sistetetc.]i.o.Germonin.
1429 4845 1646 4898 ¹⁰.Videsedd.

357 4940 581 4991 ¹².Nnneedd.
618 4936 639 4971 ¹⁰
656 4955 754 5004 potere
768 4937 883 4998 dociles]
898 4938 935 4986 ef.
947 4937 995 4986 Sil.
1008 4937 1073 4986 Ital.
1087 4937 1163 4986 Xlll.
1179 4934 1233 4984 120.
1284 4931 1414 4993 ²⁰.Quae
1426 4935 1455 4980 11.
1491 4929 1646 4994 ¹⁵quisac·

355 5028 464 5093 ceperit
474 5031 504 5073 n.
538 5022 725 5089 ”CtUlplc
735 5021 1032 5085 10.§.1.D.de¹iust.et
1043 5020 1113 5069 iure.
1147 5016 1425 5082 111111111111111111111
1435 5015 1646 5066 necessariora.

1364 5101 1410 5163 2·
