4300 6059
459 692 505 761 62
591 721 712 756 ΗἿΤΤΕΝΙ
732 722 760 755 IN
771 722 872 776 Ι1110111
890 720 1168 755 WIRTENPBRGENSEH
1187 721 1289 756 ORATlO
1308 722 1365 755 1111.
1385 722 1413 756 Ι.
1428 722 1531 756 111111.
1547 716 1605 756 lbll·

407 924 410 931 .
458 883 488 935 et
508 876 537 934 11
559 883 610 936 tuo
633 875 716 934 sinu?
739 882 771 933 ut
792 850 1044 953 quam‘perpetuo
1067 876 1163 936 odisse
1182 874 1339 944 debuerat,
1363 894 1430 936 cum
1446 894 1480 936 eo
1496 876 1737 937 consuetudinem

386 1025 390 1032 .
457 977 575 1045 babeat;
599 962 641 1037 111
658 977 740 1036 cuius
761 994 869 1035 nornen
891 979 1042 1038 attonitam
1065 996 1128 1038 esse
1152 984 1336 1056 oportuerat,
1360 979 1387 1038 ei
1409 976 1550 1046 arrideat,
1580 997 1647 1040 eum
1676 997 1738 1039 am·

389 1079 603 1158 amplexetur,
627 1096 694 1139 eum
716 1075 744 1155 lo
766 1079 976 1156 turpitudinem
998 1077 1209 1160 incredibilem)
1232 1078 1382 1140 osculetur
1402 1080 1506 1139 ‘etiami
1529 1080 1590 1165 Sed¹
1603 1080 1739 1140 custodes

410 1220 412 1224 -
455 1181 546 1242 babes
567 1199 621 1258 per
643 1197 717 1260 quos
739 1180 925 1258 cupiditatem
947 1173 1065 1262 explere
1087 1200 1146 1243 non
1169 1180 1251 1253 licet,
1275 1180 1357 1243 illurn
1379 1181 1442 1242 eius
1464 1189 1578 1259 patrem
1593 1184 1643 1260 qni
1659 1182 1738 1246 lrunc

456 1283 508 1343 tibi
530 1300 661 1343 amorem
680 1282 855 1353 conciliavit,
879 1291 908 1344 et
923 1283 1051 1363 probum
1065 1285 1201 1345 iuvenem
1216 1269 1346 1346 eiusdem
1362 1284 1498 1353 fratrem,
1521 1302 1580 1364 quo
1595 1293 1627 1344 tu
1642 1299 1758 1362 pueros

455 1386 581 1463 primurn
604 1391 633 1446 et
654 1384 837 1446 adolescente
858 1384 946 1463 paulo
959 1392 1034 1464 post
1055 1386 1204 1464 quomodo
1226 1405 1297 1448 usus
1318 1388 1373 1459 sis,
1402 1387 1472 1465 quid
1499 1387 1536 1447 ad
1564 1386 1621 1446 hoc
1647 1403 1738 1462 nego·

455 1489 526 1548 tium
548 1488 693 1565 pertinet?
714 1487 811 1548 Facile
833 1494 932 1550 autem
954 1490 1048 1567 patior
1071 1488 1128 1549 hoc
1150 1487 1284 1550 obtinere
1305 1497 1334 1548 te
1354 1495 1456 1549 contra
1472 1496 1636 1558 mortuum,
1659 1488 1737 1567 quod

455 1607 514 1649 non
537 1591 668 1666 coegeris
690 1588 783 1658 illam,
813 1594 847 1650 a'c
870 1591 943 1650 citra
965 1592 1022 1651 vim
1045 1597 1075 1651 et
1096 1589 1261 1651 violentiam
1283 1609 1395 1652 amasse
1424 1598 1471 1660 te,
1501 1581 1738 1669 quandoquidem

455 1710 529 1771 opus
550 1692 626 1751 forte
647 1710 707 1752 non
730 1691 784 1752 luit
805 1694 870 1771 cogi
895 1711 959 1772 quae
981 1691 1087 1762 voluit,
1111 1700 1139 1753 et
1161 1710 1193 1752 ea
1217 1691 1400 1772 simplicitate
1422 1701 1523 1753 noster
1544 1693 1612 1762 luit,
1641 1702 1673 1754 ut
1694 1695 1738 1753 in·

386 1793 664 1857 §.secredibilia'de
686 1813 778 1855 uxore
800 1812 860 1854 non
881 1798 1090 1875 suspicaretur.
1129 1795 1186 1855 Sed
1207 1801 1357 1874 utcunque
1379 1796 1527 1872 negotium
1548 1794 1604 1855 boc
1620 1801 1737 1864 tractes,
1749 1813 1773 1851 ro

458 1894 504 1956 ille
526 1895 579 1956 abs
601 1903 629 1956 te
651 1897 843 1975 interemptus
865 1905 923 1966 est,
954 1898 1017 1958 lraec
1045 1898 1074 1957 in
1102 1905 1151 1957 tua
1175 1895 1240 1958 aula
1263 1898 1292 1957 in
1315 1904 1422 1977 tuoque
1444 1895 1582 1958 cubiculo
1605 1897 1686 1966 visit,
1710 1904 1739 1956 et

456 1999 524 2058 sivit
544 1997 685 2068 libenter,
713 1997 793 2075 nullo
820 2000 918 2059 mariti
945 2001 991 2059 sui
1020 1999 1188 2078 desyderio,
1219 1999 1255 2059 ad
1282 2007 1349 2060 tuas
1371 1998 1563 2077 cupiditates,
1592 1998 1630 2058 ad
1657 1993 1737 2058 tuam

388 2110 445 2161 tat
456 2098 620 2169 libidinem,
643 2118 699 2160 nec
721 2108 852 2178 compta,
874 2110 908 2161 ut
929 2089 1083 2172 1111111111,
1107 2120 1162 2162 1111
1184 2108 1312 2171 morata,
1335 2108 1367 2162 ut
1381 2101 1512 2162 honeste
1526 2099 1630 2162 solent.
1659 2099 1737 2160 Reli·

456 2220 513 2280 qua
535 2202 606 2262 sileo
628 2209 658 2262 et
679 2220 727 2262 me
748 2203 856 2262 iterum
879 2204 926 2263 bic
948 2203 1093 2264 contineo,
1131 2222 1219 2282 quarn
1241 2210 1310 2264 sunt
1331 2202 1422 2263 multa
1444 2204 1521 2264 enim
1537 2221 1603 2281 quae
1618 2209 1648 2262 tu
1666 2220 1738 2262 con-

317 2281 324 2296 ’
455 2304 578 2366 tidenter
601 2305 685 2376 11113,
715 2323 769 2383 ego
791 2305 890 2366 timide
919 2304 997 2392 dico:
1027 2314 1126 2366 metuo
1154 2308 1230 2366 enirn
1259 2305 1442 2367 verecundiae
1472 2323 1545 2366 meae
1573 2324 1606 2365 ea
1635 2304 1771 2365 dioensis

367 2388 370 2395 l
455 2425 519 2485 quae
541 2414 582 2467 tn·
596 2405 704 2470 iaciens
726 2408 869 2468 rationem
892 2408 976 2468 laruae
998 2425 1058 2467 non
1073 2406 1200 2468 habuisti
1216 2415 1281 2468 tuae.
1315 2409 1474 2486 quinetiam
1490 2406 1632 2486 siquando
1648 2405 1737 2466 edan·

454 2517 502 2568 tur
525 2508 601 2579 baec,
624 2508 783 2569 verendum
806 2516 838 2569 ut
860 2509 981 2570 credant
1002 2511 1111 2587 posteri
1135 2528 1199 2589 quar
1221 2517 1380 2589 presentes
1405 2518 1531 2570 norunt:
1554 2516 1597 2569 tot
1617 2515 1737 2586 tamque

455 2618 562 2689 praeter
583 2609 671 2670 iidem
692 2617 761 2670 sunt
782 2613 858 2672 enim
881 2620 929 2672 tua
946 2594 1079 2681 scelera,
1103 2619 1134 2672 ut
1154 2614 1227 2673 citra
1242 2612 1386 2685 mendacii
1402 2612 1583 2692 opinionem,
1607 2612 1657 2689 qni
1672 2611 1736 2689 qui·

393 2762 396 2768 a
456 2713 521 2773 dem
544 2711 621 2773 haud
644 2729 774 2791 presens
796 2715 977 2793 cognoverit,
1001 2714 1099 2774 audiat
1121 2733 1155 2774 ea
1177 2732 1279 2783 nemo,
1303 2722 1333 2775 et
1354 2732 1419 2793 quae
1441 2731 1496 2792 ego
1517 2715 1541 2773 si
1557 2711 1745 2773 commemo?

386 2821 521 2874 §.ttrare
542 2813 628 2892 velim
651 2817 762 2885 omnia,
785 2814 953 2894 longissime
969 2822 1056 2876 ¹entra
1073 2835 1189 2878 causam
1206 2824 1380 2893 evagaturus
1396 2818 1460 2876 sim.
1496 2817 1589 2892 Igitur
1603 2815 1640 2875 ad
1655 2822 1771 2876 1111111

454 2918 650 2978 narrationem
673 2918 844 2979 redeamus:
873 2917 926 2979 Cui
948 2919 1054 2980 obnixe
1077 2922 1191 2980 veniam
1212 2920 1307 2978 oranti
1328 2937 1387 2979 non
1410 2918 1477 2987 das,
1507 2919 1643 2996 periuro,
1666 2935 1736 2996 pro·

453 3019 552 3090 ditori,
574 3019 669 3080 infido·
686 3028 771 3099 atque
794 3020 877 3081 aliter
899 3023 1061 3082 sexcenties
1083 3021 1176 3091 malo,
1199 3022 1225 3080 is
1246 3020 1299 3082 abs
1321 3028 1349 3082 te
1365 3019 1518 3081 consilium
1533 3021 1624 3098 petiit.
1654 3018 1735 3086 Esto,

452 3123 582 3200 petierit,
613 3120 650 3181 ab
673 3141 728 3192 eo,
757 3141 844 3202 quern
867 3122 922 3183 sibi
945 3122 1106 3201 capitaliter
1135 3131 1164 3184 et
1192 3122 1473 3184 irreconciliabiliter
1496 3123 1586 3208 irasci
1609 3120 1734 3190 videbat,

454 3241 619 3303 quanquam
641 3223 698 3283 hoc
720 3241 807 3285 nemo
830 3223 911 3293 iacit;
948 3233 1044 3286 tamen
1074 3232 1106 3286 nt
1133 3227 1264 3304 petierit,
1298 3225 1375 3303 quod
1405 3223 1474 3284 illud
1503 3209 1559 3283 iu'it
1585 3221 1733 3291 delictum,

414 3399 418 3407 Ι
453 3325 536 3386 cuins
557 3323 609 3386 abs
631 3331 659 3386 te
681 3327 795 3387 veniam
817 3326 968 3407 deprecari
991 3335 1113 3388 conatus
1135 3334 1194 3397 est,
1222 3336 1252 3388 et
1278 3327 1361 3388 cuius
1384 3326 1561 3404 penitudine
1584 3325 1658 3414 mori
1681 3333 1767 3386 autes

384 3431 443 3482 §.⁵2
454 3428 483 3487 in
506 3427 623 3488 exilium
645 3429 688 3488 ire
710 3428 854 3505 decrevit,
877 3430 916 3490 ita
937 3436 1036 3490 tamen
1058 3439 1090 3490 ut
1111 3436 1161 3490 tuo
1182 3428 1224 3489 ibi
1246 3428 1366 3489 consilio
1390 3428 1539 3488 uteretur?
1562 3427 1650 3487 Cuius
1672 3446 1734 3487 rna·

452 3531 541 3590 ritum
563 3530 734 3592 interemisti
755 3550 815 3592 non
837 3537 1020 3601 accusatum,
1049 3549 1108 3591 non
1137 3531 1321 3599 damnatum,
1353 3548 1416 3590 eam
1444 3537 1557 3607 septem
1580 3536 1608 3588 et
1631 3529 1734 3588 decem

451 3633 507 3691 iam
530 3632 653 3712 amplius
675 3651 791 3705 menses
813 3632 1031 3712 complecteris
1055 3641 1084 3693 et
1105 3632 1191 3693 nobis
1213 3633 1335 3693 dubium
1357 3649 1421 3692 esse
1443 3632 1484 3690 sis
1507 3649 1559 3690 cur
1580 3631 1733 3700 occideris,

450 3751 485 3794 ac
507 3733 571 3796 dici
585 3735 725 3813 prohibes
747 3736 824 3816 quod
847 3735 977 3797 libidinis
999 3734 1149 3814 explendae
1171 3755 1258 3796 causa
1281 3733 1441 3794 occideris?
1463 3730 1620 3808 Responde
1635 3738 1734 3791 autern

408 3857 412 3866 ·
450 3834 529 3896 aliud
549 3837 607 3897 boc
630 3838 714 3908 milri,
736 3838 784 3898 illa
807 3837 931 3900 honesto
952 3844 1019 3898 nata
1041 3837 1107 3897 loco
1129 3839 1153 3898 si
1175 3856 1192 3897 a
1214 3819 1244 3897 te
1265 3842 1342 3897 casta
1366 3841 1424 3903 est,
1449 3851 1506 3893 non
1531 3833 1687 3893 metuisne
1704 3841 1768 3893 teao

449 3938 602 3999 interliciat
624 3940 654 3998 in
676 3941 773 4000 mariti
793 3940 935 4002 ultionem
957 3941 1032 4019 ipsa,
1056 3939 1219 4018 prasertim
1241 3939 1283 3999 sic
1305 3938 1415 3997 tractus
1437 3944 1514 3996 rnetu
1538 3953 1606 3995 1111
1628 3936 1677 4004 sis,
1703 3941 1735 3996 11

453 4049 531 4101 tuam
553 4048 581 4102 te
604 4040 739 4102 umbram
761 4043 865 4102 timere
887 4042 1020 4118 homines
1042 4042 1179 4101 credant?
1208 4047 1257 4100 aut
1285 4037 1357 4098 nolit
1379 4036 1479 4098 ulcisci
1501 4055 1569 4097 cum
1590 4038 1682 4114 possit
1704 4044 1734 4097 et

382 4151 400 4202 t.
408 4153 439 4196 11.
451 4141 543 4221 proba
565 4144 617 4210 sit,
645 4161 732 4222 quarn
760 4152 792 4204 tu
819 4143 869 4203 tali
897 4144 1032 4222 coniugio
1055 4143 1097 4202 sic
1120 4139 1322 4202 miserabiliter
1345 4139 1472 4200 orbastii
1502 4137 1558 4200 Ubi
1585 4145 1653 4197 sunt
1675 4137 1733 4197 illae

449 4250 546 4305 autem
580 4244 694 4323 pudica
726 4244 865 4306 mulieres
896 4264 960 4323 quae
988 4246 1161 4304 maritorum
1188 4236 1310 4304 suoru'rn
1339 4242 1541 4302 interfectores
1569 4239 1643 4300 adeo
1672 4257 1732 4299 non

449 4346 590 4415 oderunt,
613 4354 644 4406 ut
667 4355 764 4408 ament
787 4347 890 4407 etiam?
912 4346 1129 4406 dementissime
1146 4345 1312 4414 bominum,
1335 4342 1498 4404 elleborum
1513 4339 1581 4402 bibe
1596 4360 1630 4401 ac
1645 4342 1732 4402 istam
1740 4363 1767 4404 as

450 4467 579 4527 expurga
602 4450 759 4520 insaniam,
789 4448 867 4528 quod
889 4447 934 4509 vel
956 4449 993 4509 ad
1014 4456 1130 4525 tempus
1152 4449 1268 4526 sapiens
1289 4444 1367 4506 illam
1390 4453 1469 4505 tuam
1499 4444 1661 4503 orationem
1684 4461 1732 4503 re·

381 4561 440 4612 §.sc
450 4568 584 4620 censeas,
614 4550 643 4609 11
666 4569 723 4629 qua
746 4549 817 4611 nibil
839 4549 893 4610 sibi
916 4549 1058 4618 cohaeret,
1088 4549 1184 4608 omnia
1206 4548 1328 4609 invicem
1357 4565 1388 4607 se
1416 4545 1628 4607 comminuunt.
1673 4543 1732 4605 Sed

514 4788 580 4841 ί111
596 4796 625 4841 11.
676 4786 790 4838 ⁸etium
808 4791 836 4836 et
853 4800 1016 4851 congressus
1038 4786 1073 4836 ad
1096 4785 1240 4836 libidinem
1257 4784 1385 4851 dignetur
1402 4783 1489 4834 addid.
1503 4787 1534 4831 11.
1586 4783 1611 4842 δ.
1622 4778 1667 4851 48]
1687 4782 1731 4834 De

447 4875 532 4942 petris
549 4875 686 4927 lenocinio
706 4873 787 4922 etiarn
806 4887 840 4920 ex
858 4871 925 4936 ipsis
942 4871 1083 4937 utriusque
1101 4871 1189 4935 pertis
1207 4870 1318 4934 scriptis
1335 4867 1446 4934 publico
1470 4868 1552 4918 editis
1576 4869 1645 4918 setis
1665 4883 1729 4918 con·

447 4954 588 5022 stennon
605 4962 671 5009 item
690 4958 723 5007 do
742 4962 834 5020 stupro
853 4956 880 5004 in
900 4955 1020 5005 fratrem.
1072 4950 1205 5020 ⁹noster]
1225 4955 1333 5004 occisus
1350 4953 1496 5004 Huttenus.
1555 4949 1576 4983 ¹¹
1594 4951 1681 5001 desid·
1702 4955 1727 5002 2.

375 5052 381 5064 '
446 5041 469 5076 ²⁸
486 5043 600 5094 uidebat
617 5045 640 5092 1.
660 5056 728 5093 corr.
746 5042 801 5105 ipae
818 5044 847 5089 H.
899 5035 921 5070 ¹⁵
938 5041 1049 5091 ueniam
1066 5043 1096 5092 a.
1119 5052 1228 5105 poenam
1247 5039 1271 5088 t.

396 5340 397 5344 Ἰ
438 5294 455 5327 Ι
