4300 6059
415 737 539 777 annm
553 737 590 773 sn
602 733 750 770 rsrncrus
760 734 845 770 assu.
854 736 887 770 vr
898 736 1008 771 axauvrr
1022 737 1123 772 rvscrs
1137 737 1279 772 rurxssnr
1292 737 1368 773 xxxo
1386 725 1606 788 nrsroxutttt.)
1627 709 1699 782 113

413 895 507 956 uteris
528 893 661 953 nondum
682 897 767 951 natos
789 889 919 951 excindit
940 884 1043 958 loetus;
1072 892 1122 968 qui
1150 893 1180 951 in
1203 910 1304 953 omncs
1326 895 1421 955 omnis
1443 913 1530 956 sexus
1552 915 1586 956 ac
1608 896 1701 956 astans

414 997 573 1057 novissimo
595 991 776 1055 crudelitatis
797 991 932 1070 exemplo
955 1001 1115 1069 grassatur.
1160 996 1204 1055 dn
1227 993 1309 1054 vobis
1331 996 1437 1056 excidit
1458 995 1551 1075 qualis
1572 996 1621 1057 illa
1636 998 1770 1065 tue-sn.

413 1099 456 1159 rit
470 1094 790 1173 constantinopolitana
805 1091 917 1162 cladem
940 1094 1047 1155 misera
1063 1097 1228 1173 captivitas,
1252 1095 1417 1157 luctuosum
1433 1100 1570 1159 exitium?
1593 1106 1622 1159 et
1642 1117 1702 1158 non

406 1198 513 1278 adbuc
534 1196 732 1259 recordamini
753 1194 912 1272 multarum
933 1197 963 1255 in
979 1196 1098 1275 Europa
1120 1198 1268 1257 civitatum
1286 1216 1359 1276 quas
1374 1201 1481 1277 partim
1496 1208 1612 1270 nostra,
1634 1218 1702 1279 par·

388 1303 467 1363 sum
490 1299 587 1361 adhuc
608 1306 726 1378 patrum
748 1297 917 1361 meorum
939 1299 1081 1358 memoria
1109 1296 1263 1359 debellavit
1290 1298 1399 1359 bostis?
1427 1300 1470 1362 Ne
1492 1320 1561 1362 vero
1590 1321 1626 1362 ex
1655 1300 1703 1361 illa
1738 1300 1742 1309 “

416 1401 581 1463 Sultbanici
602 1398 673 1461 belli
695 1398 771 1460 lama
794 1397 901 1478 aliquid
924 1407 1024 1476 putate
1046 1400 1162 1459 lictum:
1190 1402 1278 1460 nimis
1300 1419 1368 1462 vera
1391 1410 1459 1463 sunt
1480 1403 1593 1473 omnia,
1623 1420 1702 1480 quaa-

415 1503 593 1590 demetiam
616 1502 840 1580 verioraquam
862 1502 891 1560 in
913 1509 1044 1561 nostram
1067 1500 1145 1562 cadit
1166 1501 1269 1571 lidem;
1298 1504 1435 1564 nimirum
1458 1507 1522 1583 qui,
1546 1505 1624 1585 quod
1648 1505 1769 1565 du-t.⁷¹.

416 1605 502 1666 bitari
525 1621 583 1664 non
606 1604 703 1682 potest
724 1620 811 1681 quarn
833 1604 871 1661 sit
897 1603 1082 1679 pudendum,
1111 1602 1224 1664 'l'urcas
1253 1611 1314 1664 tam
1341 1605 1391 1667 diu
1418 1615 1462 1667 tot
1488 1625 1544 1667 nos
1571 1606 1704 1668 cladibus

415 1707 579 1768 allicientes
601 1722 662 1764 non
683 1705 834 1773 novimus,
856 1704 967 1765 nedum
990 1713 1174 1782 quae'gerant
1188 1707 1423 1782 magnifacimus,
1447 1708 1554 1787 quibus
1570 1709 1639 1769 durn
1654 1709 1704 1768 bic

385 1796 560 1878 tundamur,
584 1808 688 1866 omuia'
704 1806 780 1866 loris·
796 1806 943 1884 incognita
965 1814 1047 1876 sunt,
1071 1808 1122 1883 qui
1137 1807 1207 1866 dum
1222 1825 1340 1867 omnem
1356 1807 1435 1869 domi
1450 1817 1563 1872 aetatem
1579 1812 1702 1888 agimus,

417 1909 527 1988 ubique
549 1911 713 1971 Germanos
734 1926 800 1969 csse
828 1907 1019 1976 arbitramur,
1048 1925 1180 1986 quorum
1204 1909 1330 1969 civilitati
1359 1929 1394 1971 ac
1421 1911 1635 1973 mansuetudini
1657 1910 1704 1971 illa

416 2013 535 2090 penitus
556 2012 708 2089 ignoratur
729 2008 854 2070 barbara
879 2009 986 2074 leritas,
1029 2011 1066 2070 itt
1091 2009 1139 2070 ille
1161 2012 1204 2071 sic
1226 2018 1391 2082 natusest,
1414 2013 1456 2073 sic
1478 2013 1553 2074 altus
1574 2032 1608 2074 ac
1631 2012 1771 2074 edu-§.rs

417 2121 526 2197 catus,
540 2115 584 2173 sic
606 2113 748 2180 assuevit,
771 2120 805 2172 ut
825 2110 955 2181 occidat,
978 2119 1010 2172 ut
1032 2118 1180 2190 torqueat,
1210 2120 1241 2171 ut
1263 2113 1408 2192 supplicio
1431 2116 1554 2184 alliciat,
1584 2132 1703 2195 semper

416 2215 579 2275 bumanum
602 2215 704 2275 sitiens
725 2214 912 2321 sargpipem,
942 2231 1061 2293 semper
1083 2206 1175 2274 caedis
1191 2231 1227 2274 ac
1254 2221 1375 2276 torturae
1405 2215 1569 2286 lamelicus;
1599 2218 1649 2296 qui
1672 2223 1704 2278 ut

319 2352 325 2363 »
387 2315 604 2381 asmauibstius
625 2315 757 2377 babeatis
780 2315 875 2394 qualis
891 2317 934 2384 sit
955 2322 984 2374 et
1005 2332 1093 2392 quarn
1116 2333 1176 2375 non
1198 2318 1310 2394 possint
1324 2336 1380 2396 per
1394 2326 1538 2386 naturam,
1560 2320 1585 2380 si
1606 2317 1703 2389 velint,

417 2419 552 2480 misereri
574 2418 693 2486 Turcaa,
718 2418 797 2478 dorni
818 2419 940 2477 invicem
963 2417 1118 2489 ordiuntur
1141 2417 1265 2487 eodem,
1289 2417 1381 2480 irater
1403 2419 1525 2481 tratrem
1547 2439 1581 2481 ac
1604 2420 1703 2480 iratris

416 2530 468 2581 aut
489 2521 600 2580 sororis
622 2519 735 2599 prolem
757 2521 912 2588 interimit,
941 2518 992 2579 lilii
1014 2525 1128 2596 patres,
1155 2538 1335 2599 rursumque
1363 2523 1461 2598 pitres
1482 2520 1558 2582 lilios
1580 2521 1703 2582 obtrnn·
1742 2568 1745 2573 .

416 2630 500 2683 cant:
522 2621 666 2691 breviter,
689 2622 817 2700 patrium
833 2620 896 2681 illis
918 2628 961 2682 est
983 2640 1021 2681 ne
1043 2638 1118 2697 qnos
1139 2623 1186 2683 sui
1207 2623 1358 2699 sauguinis
1372 2627 1545 2702 superstites
1558 2623 1772 2692 lausannen.

420 2726 584 2785 institutum
607 2732 653 2785 est
668 2724 746 2784 euim
761 2723 926 2784 'l'urearum
940 2730 974 2783 ut
995 2723 1041 2783 cui
1064 2740 1189 2800 regnare
1205 2725 1326 2802 contigit
1341 2742 1475 2792 emnem,
1491 2727 1521 2785 in
1537 2727 1705 2788 universum

382 2825 516 2887 aedelcat
532 2827 802 2905 propinquitatem,
833 2832 864 2884 ut
884 2817 1049 2885 rectissime
1070 2827 1196 2886 senserit
1223 2827 1273 2905 qui
1295 2826 1367 2886 dixit
1393 2825 1507 2887 felicius
1529 2827 1606 2905 apud
1629 2826 1705 2886 Tur·

417 2947 468 2988 cas
489 2945 607 2988 servum
629 2945 717 3006 quam
739 2944 840 3004 regern
862 2928 953 2987 nasci.
996 2926 1088 3004 lgitur
1110 2928 1159 2987 eui
1180 2934 1282 3006 parcet
1302 2929 1354 3007 qui
1375 2947 1428 2989 suo
1448 2946 1507 2987 non
1522 2933 1625 3006 parcet
1638 2945 1705 2987 san·

418 3031 518 3108 guini,
541 3037 591 3090 aut
612 3046 700 3106 quern
722 3035 871 3089 servatum
893 3047 928 3088 ex
951 3026 1085 3089 hostibus
1107 3028 1192 3090 vellet
1213 3031 1339 3109 quisunt
1354 3030 1448 3100 domi,
1473 3049 1507 3090 ex
1524 3048 1577 3089 suo
1592 3046 1703 3106 genere

418 3132 498 3192 terre
519 3131 667 3191 neminem
683 3132 796 3209 potesti
819 3129 951 3209 lienique
973 3128 1024 3190 ulli
1047 3110 1255 3208 suspicin'est
1279 3133 1379 3194 mitem
1401 3132 1465 3193 lore
1481 3149 1549 3191 eum
1564 3132 1703 3192 victorem
1714 3137 1774 3188 tu.

418 3235 467 3294 cui
490 3251 557 3293 curn
580 3233 742 3311 ingenitum
770 3239 815 3299 est
840 3235 1016 3294 acerrimum
1045 3232 1186 3292 adversus
1214 3233 1393 3294 Christianos
1419 3234 1534 3304 odium,
1570 3240 1631 3293 tum
1646 3229 1707 3312 ,vel

382 3337 547 3397 asmaxime
568 3334 667 3396 studet
688 3352 740 3395 eos
760 3335 886 3413 perdere
908 3353 924 3394 a
947 3334 1054 3413 quibus
1082 3336 1242 3414 perniciem
1270 3338 1333 3414 ipse
1360 3335 1415 3396 sibi
1438 3334 1599 3414 prospicit?
1627 3334 1707 3395 tneo
1731 3414 1738 3423 μ

418 3439 517 3498 omnia
539 3436 626 3498 nobis
646 3454 663 3496 a
686 3436 791 3497 'l'urcis
813 3435 926 3496 infensa
948 3443 978 3497 et
999 3437 1108 3497 atrocia
1132 3438 1294 3522 imminent.
1331 3455 1428 3517 neque
1450 3437 1628 3515 agesinem,
1652 3436 1707 3494 nisi

419 3548 467 3600 me
489 3557 548 3599 non
571 3539 692 3607 auditis,
715 3538 805 3600 ullam
828 3545 932 3616 putare
955 3557 1006 3600 vos
1028 3540 1217 3599 humanitatis
1232 3547 1282 3600 aut
1304 3538 1484 3599 dexteritatis
1505 3539 1535 3597 in
1557 3537 1614 3598 boc
1636 3554 1706 3616 por·

419 3649 502 3702 tento
523 3641 629 3719 micam
652 3641 799 3712 residere,
822 3642 861 3701 ita
884 3648 916 3700 ut
937 3640 961 3700 si
984 3642 1078 3716 vincet
1107 3639 1213 3719 (vincet
1234 3649 1332 3701 autern
1354 3640 1444 3701 dubio
1466 3638 1572 3719 procul
1593 3640 1635 3698 sic
1658 3657 1707 3699 ex-

419 3743 552 3823 peditus,
574 3743 616 3802 sic
639 3749 758 3820 paratus
781 3749 810 3803 et
831 3743 991 3812 exercitus,
1016 3744 1069 3802 nisi
1092 3761 1144 3803 vos
1166 3741 1320 3803 celerrime
1342 3744 1371 3803 in
1392 3742 1520 3803 medium
1537 3728 1707 3820 consulitis),

385 3853 520 3906 mactum
541 3844 580 3904 de
602 3844 704 3916 nobis,
727 3853 826 3907 actum
849 3845 885 3905 de
903 3846 1041 3922 imperio,
1065 3851 1177 3912 actura,
1201 3845 1364 3923 principes,
1387 3845 1424 3905 dc
1439 3843 1581 3921 religione
1595 3849 1705 3920 putem.

420 3946 518 4017 Quare
541 3963 592 4006 vos
613 3945 755 4026 pervelim
776 3949 888 4025 integra
911 3945 1008 4006 adbuc
1030 3964 1063 4005 re
1086 3945 1155 4023 quid
1177 3946 1241 4006 lieri
1263 3953 1399 4024 oporteat
1413 3947 1584 4007 decernere.
1606 3944 1777 4005 Alteras-⁷⁶·

420 4048 545 4129 periculi
566 4066 636 4127 pars
657 4049 733 4115 iutra
757 4049 942 4111 Germaniam
966 4047 1050 4109 rrnbis
1072 4046 1245 4109 obversatur
1267 4054 1458 4126 magnumst
1474 4049 1570 4126 ipsum
1586 4044 1704 4106 malum.

421 4151 593 4229 quodcum
621 4150 803 4211 manifestius
832 4151 869 4211 sit
896 4168 985 4228 quam
1007 4156 1040 4211 ut
1061 4150 1194 4211 oratione
1217 4149 1354 4227 explicari
1377 4147 1459 4217 velit,
1483 4148 1583 4227 paucis
1598 4154 1708 4208 tactum
1756 4219 1764 4225 ,μ

420 4256 556 4323 mittam,
585 4254 683 4313 sivos
705 4253 787 4329 prius
809 4269 952 4312 monuero
974 4259 1008 4311 ut
1029 4250 1107 4312 illam
1129 4254 1216 4314 tertio
1239 4250 1345 4311 abhinc
1367 4269 1445 4312 anno
1474 4248 1551 4328 apud
1574 4248 1708 4326 Wyrten·

387 4377 412 4414 sa
423 4356 586 4434 bergenses
608 4360 703 4414 ortam
725 4355 958 4414 coniurationem
973 4354 1002 4413 in
1018 4333 1191 4414 memobiam
1205 4353 1356 4413 revocetis.
1394 4370 1458 4430 qnae
1473 4369 1544 4410 cum
1556 4368 1591 4409 ex
1607 4349 1709 4410 eadem

421 4475 541 4526 canusa,
564 4475 623 4536 qua
644 4473 724 4516 nuuc
746 4455 933 4532 quorundam
957 4456 1044 4516 animi
1067 4456 1239 4523 incitantur,
1269 4454 1453 4531 provenerit,
1484 4470 1525 4512 ac·
1542 4453 1628 4510 unius
1649 4467 1709 4510 nou
1737 4452 1739 4456 '

420 4562 460 4620 ita
482 4560 584 4636 magni
607 4558 747 4619 territorii
769 4557 870 4627 luerit,
900 4564 1048 4617 ettamen
1071 4557 1219 4635 ingentem
1247 4554 1382 4615 omnibus
1410 4561 1521 4614 metum
1550 4553 1708 4632 pepererit,

421 4661 492 4740 quid
514 4662 647 4721 luturnrn
669 4661 791 4738 putatis,
815 4661 840 4720 si
864 4658 950 4748 (qpod
975 4659 1046 4719 deus
1061 4657 1227 4737 prohibeat)
1250 4663 1369 4735 egentes
1385 4655 1445 4724 isti,
1468 4666 1533 4732 quae
1549 4669 1709 4732 permagna

489 4880 501 4913 ²
519 4877 582 4945 ills]
602 4879 804 4932 recentissime.
857 4877 877 4910 ¹⁹
896 4879 940 4927 cni
958 4892 1073 4943 regnare
1092 4881 1176 4936 cont]
1201 4878 1270 4928 Hsec
1288 4877 1321 4926 de
1340 4875 1442 4925 Solimo
1459 4873 1569 4939 proprie
1588 4871 1644 4931 dici
1663 4886 1708 4936 po·

420 4968 547 5016 tuerunt:
567 4963 605 5014 cf,
618 4963 678 5024 adn.
695 4963 730 5013 ad
742 4964 766 5024 §-
779 4963 821 5014 47.
873 4960 1034 5012 ”foelicius
1053 4965 1121 5012 tut
1138 4961 1205 5027 udtp.
1261 4960 1283 4993 ²³
1302 4961 1406 5011 ferris.
1459 4955 1514 4990 ³⁴⁴³
1531 4957 1709 5006 Wiirteuber·

420 5065 524 5117 geuses
542 5051 568 5099 4.
621 5046 644 5080 ⁸³
662 5044 777 5114 coniux]
798 5029 852 5097 Iler
870 5063 938 5098 arnae
956 5047 1039 5097 Knnz.
1091 5044 1113 5077 ⁸⁸
1131 5059 1148 5109 p
1166 5060 1268 5111 megae
1285 5049 1310 5095 2.
1337 5059 1386 5118 per
1403 5055 1505 5108 magus
1524 5045 1548 5094 t.

484 5135 619 5186 Hvrrxnr
638 5131 708 5184 Ora.
727 5147 790 5183 von.
805 5132 837 5183 V.
1511 5126 1531 5189 8
