4300 6059
441 701 514 774 346
551 733 673 768 Lt'attunt
687 733 832 792 remaneto
845 735 879 769 BT
893 734 1048 770 contentam
1062 735 1139 769 titulat
1153 733 1216 770 ΠΝ.
1230 735 1365 771 aucuns,
1379 736 1489 771 mind!
1501 736 1695 774 duracmum.

439 895 535 953 Eecius
556 893 668 950 auditur
688 902 716 948 et
739 891 822 954 valet,
853 892 888 948 ibi
913 891 1071 949 huticliristi
1095 910 1209 967 regnum
1231 911 1305 957 esse,
1335 903 1363 950 et
1390 895 1457 951 nihil
1484 911 1540 951 nnn
1562 895 1731 954 insaniarum

440 980 563 1037 homiues
586 978 693 1035 audere.
737 977 846 1033 {nterim
871 986 958 1033 tamen
981 995 1072 1050 agam,
1101 995 1135 1034 ne
1156 978 1263 1035 credam
1285 979 1403 1035 Leonem
1424 979 1557 1036 decimum
1580 980 1730 1038 Romanum

439 1065 604 1139 Episcopum
627 1080 687 1118 cum
710 1063 766 1118 suis
789 1062 903 1118 eruditis
920 1061 1104 1118 cardinalibus
1127 1080 1187 1118 esse
1209 1063 1303 1119 harum
1326 1064 1489 1121 insaniarum
1505 1073 1632 1128 autores,
1656 1067 1731 1140 qued

440 1167 495 1206 uon
518 1157 571 1205 um
591 1147 661 1204 lacio
685 1157 715 1203 ut
736 1147 848 1203 Romani
871 1148 989 1203 nominis
1012 1147 1143 1204 honorem
1165 1149 1331 1210 custodiam,
1354 1166 1433 1222 quam
1455 1167 1489 1205 ue
1505 1149 1633 1224 superbia
1649 1151 1730 1207 nimis

439 1234 518 1291 iuller
539 1241 567 1289 et
589 1232 689 1305 dignus
711 1231 777 1288 mihi
798 1232 890 1288 ridear
912 1232 975 1288 talia
997 1241 1051 1288 tarn
1074 1232 1203 1308 pulchra,
1233 1241 1286 1288 mm
1315 1233 1436 1306 gloriosa
1462 1235 1519 1309 pati
1541 1251 1592 1308 pro
1616 1236 1756 1293 veritate⁵

439 1319 492 1376 dei.
529 1317 557 1374 Si
580 1318 651 1374 enim
673 1334 736 1374 vere
758 1317 894 1373 Romanus
916 1318 1066 1392 Episcopus
1090 1320 1117 1373 in
1143 1318 1253 1374 mesic
1279 1319 1423 1381 insaniret,
1452 1321 1513 1391 quis
1534 1319 1656 1376 Luthero
1683 1336 1731 1377 co·

439 1421 496 1461 ram
519 1403 570 1460 deo
593 1402 700 1459 felicior
722 1410 810 1464 essct,
834 1402 880 1476 qui
903 1402 938 1459 oh
961 1410 1014 1459 tana
1037 1403 1206 1459 manifestam
1229 1403 1368 1460 veritatem
1384 1421 1399 1459 a
1414 1412 1491 1460 tanto
1507 1404 1607 1460 vertice
1621 1405 1732 1461 damua-

440 1489 533 1545 retur?
556 1486 624 1555 Quid
647 1489 719 1543 euim
742 1487 785 1543 hic
807 1488 954 1561 optandum
977 1487 1043 1543 mihi
1065 1487 1151 1550 foret,
1175 1505 1254 1561 quam
1278 1497 1305 1544 ut
1330 1505 1468 1561 uunquam
1490 1487 1663 1552 absolverer,
1686 1507 1731 1546 re·

439 1572 615 1635 conciliarem
636 1571 850 1629 communicarer
864 1572 1032 1630 Antichristo
1048 1572 1093 1628 isti
1118 1572 1319 1635 indoctissimo,
1337 1571 1512 1647 impiissimo,
1528 1573 1730 1630 furiosissime?
1790 1572 1792 1576 ’

438 1657 514 1715 helix
536 1656 582 1713 illa
604 1657 676 1720 dies,
700 1656 764 1713 felix
786 1656 832 1713 illa
855 1675 942 1720 mors,
964 1675 1024 1714 eum
1047 1657 1147 1730 gaudio
1167 1666 1195 1714 et
1210 1675 1312 1713 summa
1331 1657 1495 1731 gratitudine
1510 1658 1562 1713 deo
1577 1658 1728 1721 relercuda,
1742 1667 1768 1706 ¹⁰

439 1743 573 1817 siquando
589 1741 635 1798 liat
650 1751 681 1798 ut
696 1743 723 1797 in
739 1742 791 1797 ista
807 1759 886 1799 causa
903 1760 944 1799 inc
960 1743 1145 1817 apprehendat
1161 1750 1188 1797 ct
1203 1743 1306 1816 perdat.
1340 1742 1393 1798 Sed
1407 1741 1469 1797 aliis
1483 1743 1531 1798 des
1546 1742 1627 1798 huius
1643 1743 1731 1800 nomi·

440 1829 483 1884 nis
498 1827 639 1890 honorem,
662 1835 690 1883 et
704 1828 816 1900 dignum
832 1829 932 1900 quaerit
948 1829 998 1883 ista
1014 1844 1095 1884 causa
1109 1835 1272 1901 martyrem:
1294 1842 1347 1898 ego
1362 1829 1480 1900 peccatis
1495 1827 1562 1883 meis
1577 1827 1630 1885 alia
1648 1829 1731 1885 meri·

442 1921 486 1969 tus
509 1930 577 1968 sum.
621 1912 852 1968 Existimationem
875 1914 961 1986 igitur
983 1930 1059 1969 suam
1083 1913 1198 1986 quisque
1220 1911 1317 1968 habeat
1338 1912 1371 1968 de
1393 1911 1535 1967 hamanis:
1564 1929 1632 1986 ego,
1656 1913 1732 1986 quis·

441 1997 502 2072 quis
525 1996 609 2053 luerit
631 1995 711 2052 huius
733 1995 817 2053 llullm
840 2006 933 2059 autor,
957 2014 1018 2054 eum
1040 2014 1092 2072 pro
1114 1997 1281 2053 Antichristo
1304 1995 1403 2058 habco,
1427 2004 1455 2052 et
1476 2005 1570 2052 contra
1592 1998 1731 2054 Antichri-

440 2090 511 2139 stum
534 2082 593 2138 haec
615 2081 720 2144 scribo,
743 2081 933 2155 redempturus
955 2083 1094 2139 veritatem
1110 2082 1225 2143 Christi,
1249 2081 1321 2155 quod
1345 2081 1370 2137 in
1394 2098 1436 2137 mc
1459 2080 1555 2144 luerit,
1580 2099 1659 2155 quam
1683 2081 1729 2139 illc
1744 2093 1769 2132 ¹⁵

440 2169 600 2240 extinguere
622 2173 746 2222 conatur.
790 2167 878 2239 hiique
902 2167 1033 2241 primum,
1061 2175 1092 2222 ut
1114 2164 1181 2222 nihil
1206 2166 1232 2221 in
1255 2183 1297 2220 nne
1320 2165 1442 2221 obtineat
1464 2182 1495 2221 ex
1518 2165 1644 2223 omnibus
1667 2184 1730 2241 quae
1762 2232 1768 2240 ,

440 2251 541 2318 voluit,
564 2251 707 2306 Protestor
728 2267 820 2307 eoram
843 2251 909 2314 deo,
932 2260 960 2307 et
982 2253 1093 2308 domino
1115 2259 1211 2307 nostro
1234 2250 1293 2306 lesu
1317 2250 1438 2312 Christo,
1468 2258 1495 2305 et
1525 2253 1626 2307 sanctis
1648 2268 1732 2325 ange·

440 2336 474 2393 lis
497 2337 571 2397 eius,
599 2343 627 2391 et
658 2342 717 2391 toto
746 2335 863 2398 mundo,
892 2354 935 2393 me
961 2337 1107 2392 dissentire
1136 2343 1196 2391 toto
1226 2335 1308 2391 corde
1335 2334 1501 2391 damnationi
1529 2334 1609 2391 huius
1637 2336 1731 2400 Bullae,

440 2438 520 2495 quam
542 2428 570 2476 et
592 2418 722 2476 maledico
745 2428 772 2475 et
795 2437 907 2488 execror
933 2420 1007 2477 velut
1033 2422 1146 2478 hostem·
1169 2419 1326 2493 sacrilegam
1354 2427 1381 2475 et
1409 2418 1601 2493 blasphemiam
1630 2420 1731 2478 Christi

440 2504 487 2560 lilii
509 2504 553 2560 dei
575 2513 602 2560 et
624 2504 725 2560 domini
748 2505 851 2568 nostri,
876 2508 968 2562 hmen.
1012 2506 1111 2563 lleiude
1132 2521 1226 2561 assero
1249 2513 1276 2560 et
1298 2503 1448 2579 amplector
1469 2504 1564 2560 hducia
1592 2513 1650 2561 tota
1673 2506 1783 2580 spi-ao,

440 2591 510 2645 ritus
532 2589 583 2644 mei
606 2588 737 2646 articulos
759 2607 809 2664 per
831 2607 888 2648 eam
911 2591 1065 2653 damnatos,
1095 2588 1310 2663 asserendosque
1332 2589 1484 2663 pronuncio
1507 2588 1633 2645 omnibus
1654 2589 1731 2646 Chri·

440 2672 552 2735 stianis,
581 2673 632 2729 sub
655 2691 734 2746 prena
757 2682 867 2732 aetcrnae
896 2674 1111 2738 maledictionis,
1143 2682 1170 2730 et
1197 2673 1379 2730 Antichristos
1408 2672 1546 2730 habendos
1574 2674 1732 2749 quicunque

439 2756 523 2814 hulla
545 2759 747 2821 consenserint,
777 2776 847 2833 quos
870 2768 897 2816 et
921 2760 962 2816 his
979 2759 1113 2834 seriptis,
1141 2758 1287 2815 coniuncto
1309 2758 1375 2814 mihi
1405 2759 1525 2818 omnium
1554 2758 1655 2832 spiritu
1683 2761 1732 2833 qui

439 2859 508 2918 pure
530 2842 666 2899 Christum
689 2853 860 2918 cognoscunt
882 2854 911 2901 et
931 2843 1039 2907 colunt,
1070 2862 1121 2919 pro
1143 2843 1263 2899 lithnicis
1285 2842 1372 2899 habeo
1394 2850 1429 2899 et
1449 2843 1554 2905 devito,
1581 2845 1732 2901 secundum

439 2935 604 3001 praeceptum
627 2928 747 2984 eiusdem
768 2929 868 2985 domiui
891 2929 979 2985 nostri
1001 2929 1061 2985 lesu
1083 2927 1196 2989 Christi,
1219 2929 1313 2983 Arnen.
1350 2927 1413 2984 llaec
1434 2944 1494 2984 meu
1508 2928 1645 2985 revocatio
1659 2936 1767 2993 estona

440 3011 568 3075 oBulla.
592 3029 653 3075 rerc
675 3012 809 3069 bullarum
832 3012 900 3069 lilia!

525 3264 613 3334 Quare
635 3282 696 3322 cum
711 3266 828 3340 Papistae
850 3275 878 3323 et
899 3267 1020 3324 Bullistaa
1043 3265 1089 3322 isti
1112 3264 1326 3339 ignorantissimi
1348 3272 1412 3322 ante
1434 3264 1556 3321 veritatis
1578 3255 1732 3323 manifestae

440 3351 535 3408 faciem
558 3351 598 3406 sic
619 3351 675 3406 sint
696 3350 804 3408 confusi
826 3360 956 3426 metuque
979 3350 1114 3426 perculsi,
1137 3357 1168 3416 ut
1189 3366 1240 3424 pro
1262 3367 1291 3406 se
1305 3366 1408 3423 suaque
1423 3348 1558 3406 sententia
1572 3366 1606 3406 ne
1621 3350 1767 3408 hiscereao

440 3435 548 3509 quidem
571 3434 701 3498 audeaut,
725 3443 752 3492 et
774 3437 1037 3494 meticulosissimam
1059 3436 1128 3492 hanc
1149 3433 1251 3491 bullam
1273 3451 1346 3507 egre
1367 3434 1538 3491 emutierint:
1560 3434 1618 3508 Ego
1641 3433 1733 3491 inimi·

439 3536 534 3578 corum
557 3519 621 3594 luga
644 3528 750 3576 erectus
773 3521 842 3578 hanc
863 3520 1050 3579 meticulosam
1072 3519 1270 3577 damnationem
1291 3518 1349 3575 vice
1371 3516 1576 3594 approbationis
1595 3518 1734 3576 robustis·

440 3604 516 3661 simae
538 3612 664 3678 accepto,
688 3611 715 3661 et
738 3622 813 3663 suam
836 3606 862 3662 in
885 3624 933 3664 eos
956 3608 1031 3680 ipsos
1054 3613 1203 3678 retorqueo
1225 3603 1437 3664 damnationem,
1467 3619 1560 3677 want,
1588 3604 1651 3661 dum
1676 3620 1733 3660 me·

441 3696 521 3746 luunt
543 3688 645 3745 erroris
668 3697 696 3746 et
717 3690 855 3747 hereseos
877 3692 917 3748 rei
940 3690 1068 3753 inveniri,
1092 3689 1115 3745 si
1139 3689 1272 3745 rationem
1294 3687 1407 3745 reddere
1428 3694 1605 3761 cogerentur,
1628 3689 1734 3746 adhoc

439 3781 592 3831 extremum
611 3781 640 3830 et
661 3772 845 3832 frustraneum
867 3777 1029 3833 miserorum
1051 3775 1181 3848 ellugiurn
1203 3772 1347 3834 labuntur,
1369 3780 1401 3828 ut
1422 3772 1521 3829 clausis
1542 3780 1571 3829 ct
1592 3772 1680 3830 oculis
1702 3780 1768 3830 etas

363 3880 366 3885 ·
440 3858 552 3916 auribus
573 3858 664 3914 dicant
687 3858 779 3923 holo,
806 3861 919 3924 damno,
949 3877 1003 3916 non
1025 3860 1119 3923 audio,
1148 3876 1203 3914 non
1225 3857 1356 3914 admitto'.
1400 3856 1428 3913 Si
1456 3872 1509 3930 ego
1536 3857 1577 3914 sic
1603 3858 1734 3914 insaniis·

439 3960 511 4006 sem,
535 3943 664 4006 obsecro,
687 3953 787 4018 quanta
809 3946 897 4018 gloria
920 3947 946 4002 iu
969 3962 1012 4002 me
1035 3943 1249 4018 triumpharent?
1277 3943 1429 4016 Degeneres
1456 3942 1561 3998 animos
1584 3942 1667 3998 timor
1688 3960 1734 3999 ar·

440 4027 508 4104 guit.
553 4026 609 4100 Ego
633 4028 739 4101 itaque,
762 4047 796 4086 ue
818 4030 926 4105 prolixo
948 4029 1079 4087 lectorem
1102 4045 1210 4102 gravem
1233 4042 1372 4088 sermone,
1400 4026 1423 4083 si
1451 4025 1575 4100 singulos
1597 4027 1733 4084 articulos

439 4128 605 4187 prosequar,
629 4113 671 4169 his
693 4115 803 4188 scriptis
826 4124 927 4178 testor,
956 4133 999 4172 me
1030 4115 1119 4171 omnia
1147 4114 1271 4170 damnata
1292 4128 1342 4186 per
1364 4110 1465 4167 bullam
1493 4110 1572 4166 i'stam
1593 4113 1734 4170 execrabi-

439 4197 491 4254 lem
513 4196 637 4253 confiteri
660 4215 711 4271 pro
733 4197 879 4256 Catholicis
900 4200 1090 4274 dogmatibus,
1113 4199 1146 4254 dc
1169 4196 1268 4270 quihus
1290 4196 1422 4252 rationem
1438 4195 1541 4251 reddidi
1556 4196 1769 4268 editislibelwo

330 4342 335 4352 ¹
440 4281 485 4338 lis.
521 4281 633 4343 Deinde,
662 4282 750 4339 adhuc
770 4283 834 4340 volo
856 4283 965 4341 libellos
988 4300 1064 4341 meos
1087 4284 1114 4338 in
1143 4281 1209 4339 orbe
1239 4289 1367 4355 vagantes
1395 4281 1452 4338 vice
1479 4279 1596 4354 publicae
1622 4298 1734 4338 aarum·

441 4365 525 4422 bonis
555 4365 648 4422 haberi
679 4367 807 4423 adversus
835 4368 935 4443 impios
963 4370 1031 4425 istos
1054 4367 1213 4442 Sophistas,
1241 4365 1337 4440 populi
1364 4365 1408 4421 dei
1437 4365 1611 4426 seductores,
1642 4366 1680 4422 itu
1703 4374 1736 4422 ut

440 4450 493 4506 uisi
516 4450 622 4506 ratione
645 4450 749 4507 reddita
771 4470 814 4508 me
836 4453 1002 4510 convicerint
1023 4462 1051 4509 et
1079 4470 1127 4508 sua
1156 4450 1318 4513 statuerint,
1348 4467 1410 4506 reos
1438 4449 1555 4510 erroris,
1584 4451 1734 4514 hereseos,

440 4534 590 4609 sacrilegii,
619 4537 799 4608 quantumin
823 4552 865 4593 me
888 4538 985 4601 fuerit,
1012 4536 1078 4593 mihi
1100 4543 1278 4598 censeantur,
1308 4551 1435 4597 monens,
1465 4550 1581 4608 rogans,
1604 4535 1734 4592 hortans·

440 4636 493 4694 que
514 4619 544 4675 in
562 4619 687 4682 domino,
715 4637 809 4678 omues
832 4621 879 4694 qui
901 4622 1037 4677 Christum
1059 4637 1121 4677 vere
1148 4619 1327 4682 confitentur,
1358 4619 1392 4675 ab
1421 4636 1518 4676 eorum
1545 4620 1684 4693 perversis
1705 4628 1769 4678 etas

440 4703 530 4777 impiis
558 4702 690 4761 doehiuis
718 4704 770 4761 sihi
796 4713 920 4767 careant,
947 4712 975 4761 ct
1002 4722 1095 4762 verum
1125 4705 1199 4762 illum
1229 4704 1425 4761 Antichristum
1453 4719 1503 4778 per
1529 4721 1578 4760 eos
1608 4704 1636 4761 in
1667 4703 1735 4768 orbe

440 4788 555 4861 regnare
578 4803 633 4843 non
654 4787 790 4845 dubitent.
827 4788 903 4856 Quod
927 4790 1033 4863 siquis
1056 4791 1205 4847 fraternum
1228 4790 1281 4846 hoc
1301 4788 1477 4845 monitorium
1500 4805 1590 4844 meum
1612 4796 1735 4847 coutem-

440 4871 541 4945 pserit,
570 4870 638 4927 sciat
665 4889 708 4928 me
737 4889 798 4928 essa
825 4873 955 4928 mundum
977 4891 992 4929 a
1014 4875 1145 4948 sanguine
1167 4891 1219 4929 suo
1241 4881 1269 4930 et
1298 4874 1324 4929 in
1354 4880 1476 4931 extremo
1502 4873 1604 4930 iudicio
1634 4874 1735 4931 Christi

421 5052 424 5056 ·
507 5050 530 5082 ar
546 5049 718 5118 nomem]
738 5051 1004 5117 Verg.AEn.IV.13.
