4300 6059
457 669 525 742 18ss
605 700 795 734 consarcinato
809 700 969 735 Gnuuustcs
983 700 1136 736 rnorostrn
1150 703 1184 736 AB
1198 702 1388 743 enscroutuvs
1402 703 1434 736 ET
1448 694 1472 736 C·
1485 702 1510 736 Λ.
1527 697 1583 736 lili.

453 861 542 923 leros,
572 859 701 933 regnandi
724 859 932 932 dominandique
954 860 1084 934 cupidus,
1112 859 1294 916 Christianum
1321 877 1446 938 errrorem
1474 861 1608 935 inexpleto
1639 861 1730 917 lurore

452 945 561 1005 sitiens.
585 945 727 1017 omnisque
748 942 901 1000 Nobilitatis
924 953 951 1000 et
972 940 1125 1018 Principium
1142 945 1228 1001 hostis
1244 946 1403 1006 acerrimus,
1426 964 1486 1001 cum
1503 946 1553 1001 inm
1570 947 1626 1001 lere
1642 947 1731 1001 erien·
1805 947 1814 957 '

452 1039 507 1086 tem
529 1039 557 1085 et
578 1027 780 1085 meridionalem
803 1028 910 1102 plagam
934 1029 983 1084 sihi
1007 1029 1154 1085 subiecisse
1176 1029 1325 1102 glorietur.
1356 1031 1381 1085 iu
1406 1031 1586 1092 occidentem,
1615 1031 1666 1087 hoc
1688 1019 1745 1087 est'

453 1116 479 1170 in
502 1115 715 1170 Christianorum
738 1114 854 1173 viscera.
877 1132 938 1170 oum
961 1114 1065 1170 nullum
1088 1114 1170 1171 alium
1193 1133 1274 1188 posse
1297 1115 1348 1170 sihi
1372 1115 1469 1171 obesse
1491 1117 1634 1178 existimet,
1656 1133 1731 1172 arma

451 1200 586 1256 antevertit
608 1208 750 1272 totumque
772 1199 824 1254 sibi
846 1199 943 1255 Orbem
966 1199 1080 1255 subdere
1103 1209 1130 1254 et
1152 1200 1179 1254 in
1203 1201 1296 1273 primis
1311 1201 1487 1257 Christianam
1504 1201 1648 1258 Ecclesiam
1701 1211 1753 1257 u·³

451 1284 521 1342 cilixi
543 1285 602 1341 lesu
624 1284 724 1339 Christi
746 1284 877 1357 sanguine
901 1285 1036 1342 fundatam
1059 1293 1086 1340 et
1109 1284 1272 1341 Catholicam
1300 1304 1330 1341 ae
1359 1294 1477 1342 sanctam
1505 1287 1582 1342 helem
1609 1214 1731 1343 noszun

451 1371 632 1444 spurcissimae
647 1370 894 1425 llahumetanorum
916 1379 996 1427 sectae
1020 1369 1166 1431 subiicere,
1188 1370 1410 1444 christianosque
1432 1371 1549 1444 populos
1571 1371 1730 1444 religionem

451 1472 527 1511 suam
549 1472 602 1510 non
625 1455 705 1511 modo
727 1455 866 1524 deserere,
890 1455 936 1510 sed
959 1455 1116 1529 parmarias
1138 1473 1231 1528 peenas
1253 1455 1491 1528 atrocissiurosque
1513 1457 1648 1512 cruciatus
1669 1474 1731 1530 per·

451 1557 550 1614 negare
572 1537 710 1613 cogendos
732 1540 884 1613 proposuit.
930 1540 975 1613 qui
998 1549 1025 1595 et
1047 1558 1081 1595 eo
1104 1541 1188 1613 stragis
1219 1539 1306 1596 elatus
1328 1558 1358 1596 ac
1380 1541 1513 1621 superbus
1535 1541 1670 1615 superiori
1694 1541 1730 1595 vi·

451 1626 537 1682 ctoria
560 1625 674 1686 incedit,
703 1626 776 1699 quod
806 1626 832 1680 in
863 1641 895 1681 ee
924 1624 996 1681 bello
1025 1633 1053 1681 et
1075 1633 1174 1681 terram
1196 1626 1283 1698 ipsam
1306 1643 1365 1698 quae
1388 1625 1446 1681 lesu
1468 1626 1569 1682 Christi
1590 1625 1730 1682 cunabulis
1741 1633 1766 1674 to

451 1711 564 1784 gaudet,
588 1719 615 1767 et
637 1709 763 1768 Calvariae
785 1708 888 1772 locum,
912 1710 958 1766 ubi
980 1710 1072 1766 Crucis
1095 1710 1153 1765 eius
1175 1710 1261 1767 adhuc
1283 1711 1397 1783 vestigia
1420 1711 1566 1772 inhaerent,
1590 1711 1730 1784 sanctique

452 1796 511 1851 eius
532 1795 656 1870 corporis
679 1795 857 1851 venerandum
880 1794 1066 1869 sepulchrum,
1092 1796 1311 1869 intemerataque
1333 1797 1445 1868 virginis
1468 1796 1556 1854 hlariae
1578 1815 1608 1853 ac
1623 1804 1730 1852 saucto-

451 1899 511 1936 rum
526 1879 723 1955 Apostolorum
744 1880 863 1936 uatirum
886 1879 973 1935 selum
996 1898 1052 1937 sum
1073 1879 1169 1935 ditioni
1192 1880 1373 1953 acquisiverit.
1417 1899 1477 1954 qum
1499 1880 1559 1937 loca
1581 1899 1651 1937 nuuc
1666 1898 1730 1937 con-

451 1966 586 2021 taminatis
609 1973 636 2022 et
659 1965 842 2038 spurcissimis
864 1964 976 2039 pedibus
998 1963 1137 2020 calcantur
1165 1965 1325 2038 loedatisque
1347 1965 1499 2021 Christiano
1523 1966 1652 2040 sauguine
1676 1983 1730 2021 ma·

357 2119 360 2124 .
450 2050 543 2112 nibus,
573 2050 643 2124 proh
670 2049 763 2110 dolor,
792 2049 818 2104 iu
847 2049 964 2105 nominis
986 2049 1074 2106 nostri
1097 2047 1257 2123 perpetuhm
1279 2051 1527 2107 dedecus‘tractari
1550 2068 1564 2106 a
1587 2050 1665 2106 nobis
1689 2051 1728 2105 in·
1741 2060 1763 2100 ¹⁵

449 2136 615 2208 spiciuntur;
639 2151 753 2208 quorum
776 2135 856 2190 etiam
878 2134 1044 2196 visitatione,
1069 2152 1122 2207 qua
1143 2134 1201 2190 sola
1224 2136 1338 2190 antehac
1360 2135 1495 2195 consolari
1513 2144 1633 2209 poterat,
1655 2136 1731 2191 Chri·

450 2220 566 2275 stianum
589 2237 675 2293 genus
697 2220 829 2293 privatum
852 2227 903 2288 est.

532 2304 579 2360 llis
600 2313 690 2361 autem
712 2303 826 2377 siugulis
847 2304 991 2377 diligenter
1012 2305 1191 2361 consideratis
1213 2305 1429 2379 «quandoquidem
1444 2305 1658 2361 Cluistianorum
1673 2323 1731 2362 cer·

450 2390 551 2448 vicibus
574 2407 628 2445 non
650 2389 730 2445 medo
754 2407 848 2463 magna
871 2387 992 2464 pericula
1015 2389 1183 2452 immineant,
1213 2408 1273 2446 cum
1301 2391 1353 2445 iarn
1376 2399 1556 2447 trecentarum
1581 2391 1730 2446 triremium

390 2522 392 2527 .
449 2475 569 2532 velorum
592 2491 736 2548 parrvorum
759 2492 789 2530 ac
811 2491 969 2548 iinaguorum
998 2481 1119 2548 paratam
1147 2474 1259 2530 classem
1282 2475 1368 2531 hostis
1391 2474 1485 2530 haheat
1510 2493 1539 2531 ac
1561 2475 1646 2530 indies
1669 2475 1779 2552 plu-ant

450 2578 493 2616 res
516 2560 547 2615 ad
570 2559 622 2615 hoc
645 2558 772 2620 labricet,
800 2561 886 2633 deque
910 2559 1042 2620 fortunis,
1074 2559 1107 2615 de
1130 2560 1196 2620 vita,
1225 2560 1258 2616 de
1288 2559 1375 2615 salute
1402 2578 1462 2615 cum
1486 2562 1565 2615 hoste
1586 2560 1732 2615 decernere

451 2643 612 2700 inevitabilis
642 2645 790 2700 necessitas
819 2662 869 2700 nos
891 2654 987 2717 cogat,
1019 2662 1071 2699 uon
1095 2661 1156 2701 csse
1177 2645 1279 2699 diutius
1303 2645 1508 2717 quiescendum,
1532 2662 1619 2718 neque
1641 2644 1732 2700 locum

450 2730 534 2786 ullum
555 2728 772 2786 diuturnioribus
794 2729 1036 2802 disceptationibus
1058 2728 1183 2786 relictum
1199 2730 1332 2785 Sanctitas
1347 2731 1405 2785 cius
1426 2730 1602 2791 existimarit,
1625 2747 1733 2785 sumen·

450 2816 564 2888 demque
592 2815 619 2868 iu
648 2814 754 2869 hostem
784 2831 951 2872 communem
981 2813 1135 2888 generalem
1164 2833 1178 2869 a
1201 2814 1361 2869 Cluistiauis
1384 2815 1508 2870 omuibus
1531 2814 1731 2888 expeditionem

450 2918 499 2956 nec
577 2899 631 2955 ium
654 2899 714 2954 sore
736 2899 816 2960 dixit,
845 2900 1006 2974 participato
1030 2901 1148 2954 omnium
1171 2899 1362 2973 praedictorum
1384 2898 1512 2960 consilio,
1542 2917 1602 2955 eum
1625 2899 1652 2954 in
1673 2898 1766 2973 pri-ea

450 2916 602 3041 ωἰεἛιη
626 2983 758 3057 optimum
780 2985 923 3040 marimum
946 2984 1143 3041 incessantibus
1166 2984 1307 3060 precibus,
1332 2984 1515 3045 orationibus,
1547 2983 1667 3046 ieiuniis,
1690 3003 1733 3039 sa·

449 3069 571 3135 orificiis,
594 3068 752 3142 poenitentia
774 3069 955 3142 contritisque
977 3077 1004 3125 et
1027 3069 1175 3125 humiliatis
1197 3069 1324 3125 cordibus
1347 3069 1534 3131 constituerit,
1564 3076 1593 3123 ut
1616 3086 1670 3123 nou
1693 3076 1734 3123 at·

414 3194 417 3201 ·
451 3155 532 3211 tentis
555 3153 673 3227 peccatis
696 3155 810 3218 nostris,
843 3155 889 3209 sed
917 3171 1020 3210 memor
1049 3172 1105 3209 suae
1127 3154 1214 3211 solitae
1236 3154 1429 3211 misericordiae
1451 3153 1543 3209 mitius
1564 3172 1595 3209 ac
1616 3152 1734 3209 clemen·

451 3240 504 3296 tius
520 3238 660 3296 nobiscum
682 3247 758 3312 agat.
782 3256 889 3312 suoque
910 3240 1032 3312 auspicio
1055 3240 1087 3294 ad
1103 3246 1225 3295 sanctum
1248 3240 1299 3295 ho'o
1322 3256 1390 3313 opus
1412 3248 1440 3294 ct
1460 3237 1562 3295 bellum
1584 3238 1734 3312 suscipien-

451 3326 514 3381 dum
537 3331 641 3380 mentes
663 3332 772 3380 nostras
794 3325 902 3398 dirigat.
946 3325 1042 3380 deinde
1071 3332 1101 3379 ut
1130 3323 1236 3396 singula
1264 3323 1348 3386 bella,
1378 3323 1555 3386 hostilitates,
1584 3322 1768 3379 dissensio-ae

452 3427 514 3471 nes,
544 3427 603 3483 quae
632 3410 703 3465 inter
725 3409 891 3484 Christianos
913 3410 1051 3484 Principes
1079 3417 1107 3464 et
1128 3417 1286 3483 potentatus
1315 3409 1419 3482 vigent,
1447 3409 1481 3464 de
1509 3409 1597 3464 medio
1620 3408 1733 3463 omniuo

452 3493 597 3556 tollentem
626 3494 725 3566 quihus
748 3494 850 3568 pacatis
873 3495 896 3549 si
920 3512 974 3550 nou
997 3494 1071 3550 hum
1095 3511 1173 3567 pace.
1204 3494 1299 3550 saltem
1323 3511 1371 3568 per
1394 3493 1529 3555 indicias,
1559 3501 1643 3548 uteo
1666 3490 1734 3548 libe·

451 3579 507 3634 rius
529 3579 561 3634 ad
584 3577 738 3652 generalem
760 3579 957 3652 expeditionem
987 3579 1013 3633 in
1043 3580 1136 3634 hostes
1166 3579 1240 3652 ipsos
1268 3579 1423 3635 sumendam
1452 3577 1566 3651 quilibet
1594 3595 1623 3632 se
1646 3578 1735 3633 accin-

450 3680 516 3737 gere
538 3673 566 3719 et
594 3681 689 3737 parare
718 3665 818 3738 possit,
847 3673 997 3737 caeteraque
1026 3664 1128 3726 cannia,
1159 3680 1218 3736 quae
1247 3664 1280 3718 nd
1309 3673 1388 3721 tantae
1417 3664 1454 3717 rei
1483 3663 1580 3718 molem
1609 3662 1734 3724 attinent,

450 3748 596 3822 praehabita
614 3757 666 3804 tam
682 3749 715 3804 de
730 3748 811 3805 modo
827 3748 891 3805 belli
914 3749 1036 3805 sumendi
1059 3767 1139 3822 qoam
1161 3748 1194 3803 de
1216 3749 1311 3821 copiis,
1333 3749 1366 3804 de
1389 3747 1520 3822 pecuniis,
1542 3748 1575 3803 de
1597 3739 1769 3804 mmmm-aa

363 3840 366 3845 ’
451 3833 523 3889 tibus
546 3832 709 3890 articulatim
724 3833 828 3890 abunde
842 3852 872 3890 ac
887 3834 1096 3908 prudentissime
1112 3833 1249 3907 complexa
1264 3833 1356 3894 luerit,
1379 3850 1491 3906 eamque
1506 3831 1735 3889 consultationem

451 3928 478 3974 et
499 3936 667 3983 communem
689 3918 808 3975 oninium
830 3926 1059 3994 congregatorum
1081 3919 1241 3974 seutentiam
1264 3918 1291 3973 in
1315 3918 1423 3992 scriptis
1451 3918 1584 3973 redactam
1612 3917 1644 3972 ed
1668 3917 1735 3972 inri-

449 4003 598 4060 ctissimurn
613 4004 743 4061 Caesarem
758 4003 964 4061 Maximilianum
987 4005 1168 4060 Romanorum
1191 4003 1381 4076 lmperatorem
1404 4001 1521 4059 electum
1544 4010 1679 4076 tamquam
1703 4002 1735 4057 ad

451 4097 532 4162 caput
555 4087 717 4145 secularium
739 4089 895 4164 Principum
918 4097 946 4145 ct
968 4090 1126 4146 advocatum
1150 4096 1249 4144 sauctae
1278 4088 1437 4162 apostolicae
1466 4087 1538 4144 sedis
1560 4087 1735 4143 Christianae-

452 4190 504 4245 que
527 4173 587 4228 lidci
611 4182 794 4247 protectorem
817 4183 844 4230 et
868 4175 906 4231 rei
930 4174 1055 4230 militaris
1079 4176 1150 4230 inter
1172 4190 1267 4228 omnes
1282 4174 1422 4247 Principes
1437 4172 1655 4246 expertissimum
1673 4184 1769 4228 esa-so

450 4258 601 4314 mittendam
624 4259 1036 4336 perpendendumqueymiserit,
1060 4267 1089 4314 ut
1112 4258 1201 4331 siquid
1223 4275 1273 4331 pro
1290 4257 1446 4314 bellicarum
1463 4275 1553 4313 rerum
1568 4257 1735 4332 experientia

450 4424 651 4433 ——---—-

518 4526 703 4592 ¹inexpleto
723 4531 778 4576 t.2.
818 4526 909 4576 ⁴cum
975 4526 1052 4577 exist.
1065 4542 1112 4575 om.
1128 4528 1153 4573 d.
1188 4524 1406 4575 nnttusatiuss.
1448 4522 1688 4589 ⁵Prntotumque

453 4619 607 4675 caeteraque
625 4611 907 4674 triapnnctahabetd.
941 4609 1255 4659 'maumethanoruma
1293 4609 1314 4642 ¹⁰
1326 4610 1438 4675 qnod'et
1449 4611 1477 4659 in
1491 4626 1524 4659 eo
1536 4615 1562 4658 2.
1599 4616 1628 4658 et
1645 4626 1692 4659 om.
1708 4613 1734 4659 3.

452 4695 473 4730 ¹⁴
492 4696 648 4759 sedatisque
661 4699 688 4745 2.
723 4695 744 4727 ¹⁹
763 4693 891 4760 trecent]
910 4695 1088 4745 ducentarum
1101 4697 1159 4742 2.3.
1193 4690 1214 4725 ²¹
1234 4692 1331 4758 iisqne]
1351 4694 1399 4743 sed
1417 4694 1450 4743 de
1465 4698 1490 4744 3.
1525 4691 1547 4723 ¹⁸
1566 4694 1625 4743 eius
1642 4709 1736 4745 omnies.

450 4778 472 4812 ¹⁸
491 4781 611 4846 suspitio
629 4784 654 4829 2.
700 4778 723 4811 ⁸⁰
744 4780 927 4830 dissentiones
945 4783 970 4828 2.
1017 4777 1039 4809 ³²
1057 4779 1182 4844 peccetis
1200 4783 1225 4827 2.
1272 4777 1295 4808 ³⁴
1313 4776 1470 4843 ceteraque]
1495 4778 1692 4843 sanctitasque
1710 4782 1737 4829 4.

451 4866 580 4929 afiartam
596 4865 698 4915 netad
713 4864 774 4914 uh.
815 4862 838 4895 ³⁴
856 4861 945 4929 attin]
964 4865 1122 4929 pertineant
1141 4866 1165 4912 d.
1206 4862 1228 4893 ³³
1247 4863 1279 4912 de
1297 4863 1405 4929 pende
1425 4865 1579 4914 comeam.
1620 4861 1672 4894 Ml
1690 4880 1737 4913 co·

452 4952 606 5000 meet.2.d.
641 4947 663 4980 ³⁸
681 4962 714 4998 ec
732 4948 909 5014 predam.
943 4947 966 4979 ⁸⁷
985 4948 1193 4999 et...rednetam
1210 4950 1296 4997 om.
1331 4946 1353 4978 ³⁸
1373 4947 1621 4999 eleotnmom.2.3.
1657 4949 1736 5008 Rom.

453 5034 516 5099 imp.
531 5033 624 5084 elom.
638 5035 662 5083 d.
705 5030 940 5083 ”etunirelh
