4300 6059
499 678 569 748 lllS
590 711 710 744 nrrraur
725 710 760 745 nn
773 709 920 744 rnrucrras
932 709 1179 745 conmmeatum(
1193 709 1294 745 rvacls
1307 710 1446 746 rurnaaur
1457 697 1777 764 nxnoararonuqtttt.)

391 892 393 897 ⁴
494 884 575 925 mum
599 886 614 926 e
637 866 752 944 Scythia
775 866 966 944 pertransitis-
983 846 1094 945 Caspiis
1115 867 1207 944 portis
1229 864 1337 927 irus'tra
1361 865 1475 926 obnixis
1496 867 1637 927 Avarihus
1659 869 1689 927 in
1711 868 1776 930 Asia

495 969 603 1028 ininori
630 967 738 1027 malum
766 967 822 1027 hoe
850 968 997 1035 consedit;
1027 967 1077 1027 uhi
1105 986 1209 1047 parurn
1239 968 1403 1047 proiectum
1432 976 1568 1047 putantes
1597 971 1621 1030 si
1650 969 1777 1031 melioris

497 1069 558 1131 caeli
581 1071 732 1146 regionem
755 1070 831 1128 nacti
854 1088 979 1148 reguum
1001 1068 1056 1130 sihi
1079 1071 1310 1138 communirent,
1332 1071 1452 1131 finitima
1476 1072 1601 1147 primum
1617 1071 1777 1132 latrociniis

474 1173 684 1238 infestarunt,
708 1171 830 1242 deinde,
853 1179 885 1231 ut
907 1189 938 1232 se
961 1173 1074 1232 occasio
1098 1172 1176 1232 dedit
1190 1180 1240 1232 aut
1255 1160 1344 1230 libido
1358 1175 1463 1241 suasit,
1487 1171 1597 1233 bellum
1612 1183 1775 1250 gesserunt.

426 1274 603 1353 §.aquibus
624 1273 736 1334 artibus
758 1292 816 1332 non
839 1274 878 1332 ita
899 1271 1007 1333 multos
1029 1274 1105 1334 intra
1133 1291 1225 1333 anuos
1252 1273 1469 1350 opulentissima
1497 1275 1572 1334 Asiae
1598 1293 1689 1353 regna
1717 1288 1799 1337 svrae⁵

494 1375 611 1436 ditionis
643 1376 792 1444 lecerunt,
826 1377 935 1453 qqupe
968 1375 1109 1444 Pontum,
1144 1375 1370 1453 Cappadociam,
1411 1374 1568 1446 Galatiam,
1603 1377 1776 1457 Bithyniam,

493 1466 700 1556 Panrplrilianr,
730 1477 880 1546 Pisidiam,
910 1484 1065 1556 utramque
1093 1468 1263 1556 Phrygiam,
1299 1475 1439 1546 Ciliciam,
1468 1477 1571 1547 Cares,
1601 1479 1719 1558 Lydiam
1748 1487 1778 1540 et

493 1596 559 1658 quae
582 1581 658 1639 cirea
687 1587 755 1640 sunt
781 1579 817 1638 ad
846 1596 913 1638 oras
935 1597 1027 1658 usque
1050 1580 1121 1640 lonii
1145 1579 1233 1638 maris
1254 1577 1442 1653 subegerunt.
1486 1579 1607 1641 lnterim
1635 1599 1701 1640 eum
1725 1582 1776 1642 Sa·

494 1683 607 1742 racenis
623 1681 778 1741 conflictati
794 1699 896 1740 eorum
913 1682 999 1741 etiam
1015 1680 1187 1758 religionem
1209 1679 1404 1749 iruhiherunt;
1427 1700 1462 1741 ac
1482 1681 1586 1741 nohilis
1601 1681 1677 1744 illins
1693 1683 1777 1744 Chri·

493 1783 656 1845 etianoruru
679 1785 709 1843 in
733 1783 895 1843 Saracenos
918 1783 1109 1860 expeditionis
1131 1781 1259 1860 proceha
1283 1785 1330 1843 icti
1345 1782 1521 1862 aliquamdiu
1537 1784 1810 1865 Hierosolymita·¹⁰

496 1902 602 1945 norum
625 1902 728 1963 regum
752 1894 829 1946 metu
853 1888 926 1946 intra
949 1903 1000 1945 sua
1024 1903 1055 1945 se
1077 1886 1299 1953 continuerunt,
1323 1886 1417 1945 donec
1433 1885 1619 1948 Othomanuo
1634 1888 1776 1966 principe,
1882 1888 1884 1897 '

427 1990 579 2067 §.aa-quasi
603 2007 689 2067 quarn
713 1995 755 2047 tot
777 2006 870 2047 anuos
892 1985 1136 2055 dissimulassem,
1160 1986 1244 2048 solito
1260 1988 1352 2047 maior
1368 1989 1463 2064 erupit
1480 1987 1607 2048 lerocia:
1630 1988 1701 2048 nihil
1717 2007 1777 2049 non

494 2097 634 2150 strennue
664 2092 693 2148 in
723 2090 802 2150 hunc
829 2106 923 2165 usque
952 2088 1027 2149 diem
1051 2108 1087 2148 ex
1110 2107 1144 2148 ea
1166 2089 1274 2149 lamilia
1297 2089 1480 2168 principibus
1502 2089 1665 2150 Turoarum
1695 2108 1777 2150 arma

495 2191 701 2254 exercentibus
723 2199 838 2251 aetum:
861 2191 926 2249 victi
950 2199 1020 2250 tuuc
1042 2183 1173 2250 'linares
1195 2190 1332 2252 omnihus
1354 2192 1383 2250 in
1407 2193 1575 2252 servitutem
1604 2192 1776 2262 civitatibus

493 2304 601 2374 praeter
624 2291 903 2370 Constantinopolim
927 2303 955 2352 et
977 2291 1097 2362 Peram,
1121 2294 1262 2360 ,deiectis
1294 2293 1360 2353 inde
1388 2292 1588 2355 hlaeedoniarn
1617 2299 1684 2354 eum
1710 2297 1811 2354 uni-¹⁵

494 2414 607 2457 versam
630 2394 849 2473 suhiugassent,
879 2394 999 2454 crocia
1028 2396 1199 2455 invadendae
1227 2382 1378 2456 eonsdium
1409 2404 1577 2474 ceperunt,
1606 2398 1690 2456 cuius
1716 2415 1776 2455 non

494 2516 600 2577 magno
623 2497 779 2558 admodum
804 2498 920 2573 negotio
943 2496 1072 2557 subactis
1094 2497 1259 2564 Thessalia,
1282 2497 1425 2568 Phocide,
1449 2497 1558 2558 Boeotia
1574 2517 1608 2557 ac
1631 2505 1663 2558 ut
1684 2497 1776 2577 pluri·

495 2619 575 2661 mum
591 2601 699 2666 Attica,
721 2599 842 2678 lllysiam
865 2598 1035 2659 inferiorem
1057 2606 1221 2668 vastarunt,
1246 2598 1392 2678 lllyrieum
1415 2618 1449 2660 ae
1464 2598 1609 2663 Triballos
1630 2601 1776 2661 incursio·

426 2702 581 2766 §.sonibus
603 2710 758 2773 vexarunt,
782 2703 886 2785 ingens
908 2700 1030 2761 Rhodiis
1052 2700 1216 2779 perieulum
1238 2704 1432 2769 intentarunt:
1463 2701 1570 2778 quihus
1591 2701 1777 2764 successibus

494 2803 562 2865 elati
583 2822 687 2882 magua
712 2801 868 2864 Orientalis
896 2804 1011 2882 imperii
1040 2804 1173 2881 potiundi
1203 2822 1254 2881 spe
1277 2803 1557 2882 Constantinopolim
1586 2803 1775 2873 obsederunt,
1785 2815 1812 2855 ²⁰

460 2927 464 2936 ·
494 2913 580 2986 atque
604 2906 671 2967 inde
694 2924 797 2966 rursus
820 2905 995 2984 Scytharum
1018 2904 1193 2966 Tamerlane
1221 2906 1355 2983 principe
1384 2907 1474 2966 armis
1502 2904 1597 2985 pulsi,
1627 2913 1712 2983 capto
1742 2925 1777 2966 ac

494 3018 646 3088 postquam
676 3007 769 3067 rnrrlto
798 3005 927 3067 ludihrio
958 3006 1108 3067 (livoratus
1136 3015 1229 3076 esset,
1266 3009 1352 3067 etiam
1387 3009 1484 3068 occiso
1512 3026 1614 3067 eorum
1643 3009 1777 3085 principe
1885 3036 1887 3041 ¹

494 3111 624 3177 Paizete‚
656 3111 761 3170 iterum
785 3109 838 3170 suh
862 3109 1026 3198 hlahurnete
1050 3108 1158 3169 trihuta
1182 3108 1280 3188 hlysiis
1302 3111 1496 3188 imperarunt.
1539 3108 1611 3170 lude
1632 3111 1778 3171 hmuratis

475 3212 582 3273 ·.ductu
606 3211 842 3272 Thessalonicam
866 3210 1050 3271 dehellarunt
1078 3229 1112 3271 ac
1141 3211 1340 3288 diripuerunt,
1371 3210 1494 3290 Epirum
1521 3218 1608 3289 atque
1635 3210 1777 3271 neronam

426 3321 687 3392 §.temperarunt
720 3311 866 3393 lllyricum
896 3313 1077 3383 afflixerunt,
1112 3320 1141 3373 et
1168 3331 1234 3372 eum
1262 3312 1430 3380 Pannonias
1459 3330 1575 3391 quoque
1603 3319 1812 3382 tentassentaa

492 3434 590 3495 pugna
619 3415 765 3494 profligati
793 3413 968 3476 decennales
997 3433 1063 3478 eum
1093 3414 1254 3475 maioribus
1282 3417 1390 3477 uostris
1424 3413 1556 3476 inducias
1583 3415 1775 3476 admiserunt.

438 3578 442 3586 ,
493 3536 566 3597 quas
588 3536 656 3578 cum
678 3517 822 3579 scelerato
845 3518 968 3595 lingenii
990 3519 1137 3597 pontilicis
1159 3517 1277 3577 hortatu
1299 3519 1393 3576 nostri
1408 3514 1578 3587 violassent,
1601 3520 1706 3596 ingens
1720 3517 1778 3577 sihi

492 3618 617 3689 malum,
646 3637 715 3679 reor
745 3619 860 3680 Christo
890 3620 1043 3695 perfidiam
1070 3636 1193 3679 suornm
1221 3621 1374 3696 puniente,
1403 3618 1613 3687 conciliarunt,
1642 3618 1776 3679 luctuoso

494 3722 571 3800 apud
594 3713 719 3782 Varnam
742 3720 844 3800 praelio
868 3723 949 3783 eaesis
971 3724 1014 3798 (ut
1035 3721 1143 3800 lerunt)
1168 3721 1322 3782 Christiani
1344 3723 1494 3797 sanguinis
1516 3728 1633 3780 centum
1649 3720 1776 3792 milihus,

365 3901 368 3907 Ι
424 3833 484 3884 §.rc
495 3825 631 3903 interque
655 3843 705 3884 eos
727 3822 873 3884 Vladislao
895 3822 1075 3885 Polonorum
1097 3841 1178 3901 rege.
1216 3824 1309 3902 Atque
1337 3823 1400 3882 haee
1421 3821 1516 3882 ohiter
1545 3840 1636 3900 pauca
1660 3842 1676 3882 e
1698 3821 1810 3882 mul-ao

492 3927 530 3986 tis
552 3942 616 4005 quae
631 3925 737 3985 Turcae
757 3932 912 4004 gesserunt
934 3926 970 3986 ad
994 3932 1126 4005 tempora
1151 3943 1244 4003 usque
1259 3925 1447 3997 hlahumetis,
1471 3926 1535 3985 eius
1555 3926 1605 4002 qui
1626 3943 1642 3984 a
1664 3925 1777 4001 magni·

493 4028 592 4091 tudine
615 4045 715 4088 rerum
739 4047 755 4087 a
777 4047 809 4088 se
832 4022 979 4106 gestarum
995 4028 1092 4104 hlagni
1115 4035 1340 4105 cognomentum
1355 4027 1476 4095 meruit,
1500 4027 1685 4105 deprompsi:
1709 4044 1777 4087 nam

492 4129 615 4206 hlagnus
645 4131 776 4190 omnium
803 4130 988 4206 superiorum
1018 4129 1141 4208 gloriam
1171 4127 1274 4191 bellica
1298 4130 1404 4188 virtute
1426 4127 1515 4206 longe
1537 4130 1701 4207 superavit:
1729 4127 1779 4188 hi'e

560 4349 571 4382 ³
589 4349 654 4401 eceli
672 4354 696 4400 1.
707 4353 731 4400 4.
751 4355 776 4400 ei
793 4352 830 4400 aie
848 4350 915 4416 ardiq.
929 4365 954 4400 oe
1006 4348 1017 4381 ⁶
1035 4349 1085 4399 dit.
1099 4346 1164 4413 fec]
1182 4349 1232 4398 sub
1251 4349 1391 4398 Oamanno
1407 4350 1429 4398 Ι.
1450 4349 1561 4413 eiusque
1581 4346 1638 4398 lilio
1651 4347 1775 4407 Orkano.
1862 4376 1864 4381 <

491 4420 632 4500 'Pysidiai
651 4440 674 4485 1.
693 4435 823 4500 Pyeidam
841 4439 866 4485 2.
885 4437 933 4486 red
949 4438 965 4484 i.
977 4435 999 4498 s.
1019 4450 1088 4486 corr.
1102 4434 1242 4497 Pysidiam
1307 4432 1500 4483 ¹¹‘0amanuue
1518 4434 1539 4483 1.
1559 4431 1776 4484 a.1300...1326t

492 4519 514 4552 ¹⁷
531 4521 648 4587 negocio
668 4524 690 4570 1.
746 4521 847 4571 Boetia
866 4524 889 4570 1.
953 4518 974 4552 ¹⁸
992 4517 1230 4568 Tribalosomnee.
1294 4516 1317 4550 ²⁰
1335 4518 1469 4577 obseden]
1490 4534 1514 4568 a.
1530 4517 1603 4573 1397.
1624 4516 1674 4566 sub
1691 4519 1776 4568 Baia-

492 4605 572 4655 zelho
590 4606 612 4656 I.
632 4610 728 4655 eontra
746 4604 901 4655 Mannelem
920 4603 1114 4668 Paloeologum.
1167 4600 1188 4634 ²¹
1207 4602 1385 4652 Tamerlanee
1404 4619 1425 4651 s.
1439 4602 1609 4662 Timnrlenk,
1628 4606 1685 4651 nat.
1701 4600 1775 4652 1335.
1806 4635 1810 4643 ·

493 4689 600 4753 †1405.
637 4692 719 4740 armis
732 4686 817 4756 pulei]
832 4706 858 4740 a.
874 4688 947 4738 [1102.
987 4686 1180 4751 ²⁸Bajazetho
1198 4686 1343 4748 1.†1403.
1379 4688 1585 4738 Mahumetell.
1605 4686 1775 4739 1451...1481.

494 4776 664 4842 imperarent
676 4779 702 4828 4.
732 4777 764 4825 In
782 4775 845 4824 inde
859 4778 883 4823 2.
892 4776 916 4824 4.
952 4773 1109 4822 Amarathis
1121 4774 1157 4823 11.
1176 4773 1341 4823 Mahnmetis
1353 4773 1390 4822 ΙΙ.
1409 4773 1542 4838 parentis,
1561 4770 1775 4822 e.1421...1451.

492 4858 514 4892 ²¹
530 4859 661 4927 Eugenii]
678 4863 710 4911 P.
724 4861 754 4910 P.
768 4860 814 4910 IV.
833 4857 1043 4909 a.1431...rr47.
1063 4859 1180 4912 imolam
1204 4858 1318 4922 abipso
1342 4873 1402 4906 eum
1420 4857 1519 4907 Turris
1543 4873 1640 4923 pacem
1659 4859 1732 4922 rupit
1751 4873 1776 4911 a.

494 4945 568 4999 1442.
625 4944 647 4977 ²⁸
665 4946 825 5011 punientem
843 4947 869 4993 4.
927 4942 949 4974 ²⁹
968 4959 1014 5008 ap.
1026 4941 1120 5009 verm]
1141 4945 1166 4993 d.
1182 4942 1221 4993 10.
1234 4944 1302 4992 Nov.
1322 4958 1347 4992 a.
1361 4942 1435 4991 1444.
1454 4941 1550 5008 proelio
1569 4945 1591 4990 1.
1654 4942 1777 4994 millibus

492 5033 550 5082 Μ.
598 5029 620 5062 ³⁰
638 5029 780 5080 Vladielae
798 5027 1008 5092 VLIagellouis
1026 5027 1083 5079 filio
1101 5027 1303 5094 regePolouioe
1322 5028 1356 5077 ab
1376 5025 1588 5077 a.1434...1444.
1629 5023 1651 5060 ⁸¹
1670 5027 1697 5079 ei
1715 5029 1775 5080 Μ.
