4300 6059
458 671 526 744 18ss
606 702 796 737 consternato
810 702 970 737 Gennanates
984 703 1137 738 rttorosrrn
1151 705 1184 737 ΑΒ
1198 704 1388 744 rtnncrotttttvs
1403 704 1434 738 ET
1449 705 1472 737 C.
1486 705 1510 738 Α.
1528 698 1584 737 ΜΠ.

452 863 543 925 ieron,
573 860 702 935 regnandi
724 861 933 934 dominandique
955 862 1085 936 cupidus,
1113 861 1294 918 Christianum
1322 880 1447 918 eruorem
1474 863 1609 937 inexpleto
1638 863 1731 919 furore

452 948 561 1008 sitiens.
586 947 727 1019 omnisque
749 945 902 1001 h'ohilitatis
924 955 952 1002 et
972 942 1126 1020 Principum
1142 947 1228 1002 hostis
1245 948 1403 1006 acerrimus,
1426 965 1486 1003 eum
1504 948 1554 1003 iarn
1571 949 1626 1003 lere
1643 948 1731 1002 orieu·
1805 948 1815 958 ‘

454 1041 557 1089 temet
580 1030 781 1087 meridionalem
804 1030 910 1105 plagam
934 1032 984 1087 sihi
1007 1033 1154 1088 suhieeisse
1176 1031 1325 1104 glorietur.
1357 1033 1382 1087 iu
1407 1033 1586 1094 occidentem,
1615 1032 1667 1088 hoc
1688 1020 1745 1088 est'

454 1118 480 1172 in
503 1117 716 1173 Christianorum
738 1117 855 1176 viscera.
878 1135 938 1173 eum
962 1117 1065 1173 nullum
1088 1117 1170 1174 alium
1194 1135 1274 1190 posse
1297 1117 1349 1172 sihi
1373 1117 1469 1173 ohesse
1492 1119 1634 1180 existimet,
1657 1134 1730 1173 arma

452 1203 587 1259 convertit
610 1209 751 1275 totumque
773 1201 824 1257 sihi
847 1202 942 1258 Orbem
966 1202 1081 1258 subdere
1103 1211 1131 1258 et
1152 1203 1179 1257 in
1203 1203 1296 1275 primis
1311 1203 1488 1258 Christianam
1505 1203 1649 1260 Ecclesiam
1700 1212 1753 1258 u·⁵

451 1287 521 1345 cifiri
543 1288 603 1343 lesu
625 1286 725 1342 Christi
747 1287 878 1360 sanguine
901 1288 1036 1345 fundatam
1059 1295 1087 1343 et
1109 1286 1272 1343 catholicam
1301 1307 1330 1344 ae
1359 1297 1477 1343 sanctam
1506 1288 1583 1344 lhlem
1609 1216 1730 1344 uosffam

451 1373 633 1446 spurcissima
647 1372 894 1428 hlahumetauorum
917 1382 997 1429 serta
1020 1372 1166 1434 sohiieero,
1189 1372 1410 1446 christianosque
1432 1373 1549 1446 populos
1572 1371 1731 1447 religionem

452 1475 527 1514 suam
550 1475 603 1512 non
626 1457 706 1513 modo
728 1457 867 1527 deserere,
890 1457 937 1512 sed
960 1457 1116 1531 pervarias
1139 1475 1231 1530 paenas
1254 1458 1492 1530 atrocissimosquo
1514 1459 1648 1514 cruciatus
1670 1476 1732 1532 per·

452 1559 551 1615 negare
573 1541 710 1615 cogendos
732 1543 885 1615 proposuit.
930 1543 976 1615 qui
999 1551 1026 1598 et
1048 1560 1081 1598 eo
1104 1543 1189 1616 magis
1219 1541 1306 1597 elatus
1328 1559 1358 1598 ae
1381 1542 1514 1623 superhus
1536 1543 1671 1617 superiori
1695 1543 1731 1596 ai·

452 1628 537 1684 ctoria
560 1627 674 1689 incedit,
704 1627 777 1701 quod
807 1628 832 1682 in
863 1644 896 1683 eo
924 1626 996 1683 hello
1026 1636 1053 1683 et
1076 1635 1175 1683 terram
1197 1628 1283 1700 ipsam
1307 1645 1366 1700 qua
1388 1628 1447 1683 lesu
1469 1629 1569 1684 Christi
1590 1626 1731 1684 cunabulis
1741 1635 1767 1676 to

452 1713 565 1786 gaudet,
589 1720 617 1768 et
637 1712 764 1770 Calauriae
786 1710 889 1776 locum,
913 1712 957 1768 uhi
981 1712 1072 1768 Crucis
1096 1713 1154 1768 eius
1176 1713 1262 1769 adhue
1284 1713 1398 1785 vestigia
1420 1713 1567 1774 inhaerent,
1591 1713 1730 1785 sanctique

453 1799 517 1854 eius·
532 1797 657 1872 corporis
680 1796 858 1853 venerandum
881 1796 1067 1870 sepulchrum,
1092 1798 1312 1871 intemerataque
1333 1799 1446 1870 virginis
1468 1797 1556 1856 llariae
1578 1816 1609 1855 ac
1623 1804 1731 1854 sancto·

451 1901 512 1938 rum
527 1881 723 1957 Apostolorum
746 1882 864 1938 nativum
887 1882 973 1937 solum
997 1900 1053 1939 sure
1074 1882 1170 1937 ditioni
1193 1883 1373 1955 acquisiverit.
1418 1900 1478 1956 quae
1500 1881 1560 1938 loca
1581 1900 1652 1938 noue
1666 1899 1731 1938 cou-

452 1969 587 2023 taminatis
610 1976 637 2024 et
660 1967 843 2040 spurcissimis
865 1966 977 2040 pedihus
998 1965 1138 2022 calcantur
1165 1967 1326 2040 sudatisque
1348 1967 1500 2023 Christiano
1523 1968 1653 2041 sanguino
1676 1985 1730 2023 ma·

451 2052 544 2116 nibus,
574 2053 643 2126 proh
671 2051 764 2111 dolor.
793 2052 819 2105 in
847 2051 965 2107 nominis
988 2051 1074 2107 nostri
1098 2050 1258 2124 perpetuum
1280 2052 1528 2109 dedecus‘traetari
1550 2069 1565 2107 a
1588 2052 1666 2107 nohis
1689 2053 1728 2106 in·
1741 2061 1764 2101 tt

450 2138 616 2210 spiciuntur;
640 2153 754 2210 quorum
778 2137 857 2192 etiam
879 2136 1045 2197 visitatione,
1070 2153 1122 2209 qua
1144 2136 1202 2192 sola
1225 2137 1338 2192 antehac
1361 2136 1496 2197 consolari
1513 2145 1633 2211 poterat,
1656 2137 1731 2192 Chri·

451 2222 567 2279 stianuna
590 2239 676 2295 genus
698 2222 830 2293 privatum
853 2229 903 2289 est.

532 2306 580 2362 llis
601 2315 691 2362 autem
712 2304 827 2378 singulis
848 2305 992 2379 diligenter
1013 2307 1192 2362 consideratis
1214 2306 1429 2380 quandoquidem
1445 2306 1658 2363 Christianorum
1673 2324 1731 2363 rer·

450 2392 552 2450 vicihus
574 2409 629 2447 non
651 2391 731 2447 modo
754 2408 849 2464 magna
871 2388 993 2465 pericula
1015 2391 1184 2454 immineant,
1214 2409 1274 2448 eum
1302 2392 1353 2446 ianr
1377 2400 1557 2448 trecentarum
1582 2392 1730 2448 triremium

390 2522 393 2529 .
450 2477 570 2534 velorum
593 2493 737 2551 parvorum
759 2494 790 2532 ae
812 2493 970 2549 anaguorum
999 2482 1120 2549 paratam
1148 2476 1260 2532 classem
1282 2477 1369 2532 hostis
1393 2476 1487 2532 haheat
1510 2495 1540 2532 ae
1563 2476 1646 2532 indies
1669 2475 1779 2553 plu-²⁰⁴

451 2580 494 2619 res
517 2562 549 2618 ad
571 2561 623 2616 hoc
646 2560 773 2623 fabricet,
800 2562 887 2634 deque
911 2561 1044 2622 fortunis,
1074 2562 1108 2616 de
1131 2562 1196 2623 vita,
1226 2562 1259 2617 de
1289 2560 1377 2616 salute
1403 2580 1463 2617 cum
1487 2563 1565 2617 hoste
1587 2561 1731 2617 decernere

452 2645 613 2702 ineritahilis
643 2647 790 2702 necessitas
820 2664 870 2702 nos
892 2656 988 2720 cogat,
1019 2663 1072 2701 non
1097 2662 1156 2702 esse
1178 2646 1281 2701 diutius
1304 2647 1509 2719 quiescendum,
1533 2663 1620 2719 neque
1642 2645 1731 2701 loeum

450 2731 535 2788 ullum
556 2731 773 2787 diuturnioribus
795 2731 1037 2804 disceptationibus
1059 2731 1184 2788 relietum
1201 2732 1333 2786 Sanctitas
1348 2732 1406 2786 eius
1427 2731 1603 2792 existimarit,
1626 2747 1733 2786 sumen·

450 2818 565 2890 damque
593 2817 620 2871 iu
649 2817 755 2872 hostem
784 2833 953 2874 communem
982 2815 1136 2890 generalem
1165 2835 1179 2872 a
1202 2816 1362 2871 Christianis
1385 2816 1509 2872 omnihus
1532 2815 1730 2889 expeditionem

451 2920 500 2959 nec
578 2901 631 2956 ium
655 2901 714 2956 lore
737 2901 817 2963 dixit,
846 2902 1007 2976 participato
1031 2902 1148 2956 onmium
1172 2901 1362 2975 praedictorum
1385 2900 1513 2961 consilio,
1543 2918 1603 2956 cum
1626 2901 1652 2955 iu
1674 2900 1730 2975 pri·
1741 2911 1766 2949 aa

450 2918 604 3043 ωἰεἫηι
627 2985 759 3059 optimum
781 2987 923 3042 marimum
947 2985 1144 3042 incessantihus
1167 2986 1308 3059 precihus,
1333 2985 1516 3047 orationihus,
1547 2985 1667 3047 ieirmiis,
1691 3004 1733 3040 sa·

450 3071 572 3138 orificiis,
595 3071 753 3145 poenitentia
775 3071 956 3144 contritisque
978 3078 1005 3126 et
1028 3070 1176 3126 humiliatis
1199 3070 1325 3126 eordihus
1348 3071 1535 3132 constituerit,
1566 3078 1670 3125 utnon
1693 3077 1734 3124 at·

415 3196 419 3203 ·
452 3157 533 3213 tentis
556 3156 674 3229 peccatis
696 3157 811 3218 nostris,
844 3154 890 3212 sed
917 3173 1021 3211 memor
1050 3174 1106 3211 suae
1128 3155 1215 3213 solitae
1238 3156 1430 3213 misericordiae
1452 3155 1543 3210 mitius
1565 3172 1596 3211 ac
1617 3153 1733 3210 clemen·

447 3243 505 3302 ,tius
521 3240 661 3298 nobiseum
683 3249 759 3314 agat,
783 3258 889 3314 suoque
911 3241 1032 3315 auspicio
1056 3242 1088 3296 ad
1104 3248 1226 3296 sanctum
1249 3242 1300 3296 hoe
1323 3258 1391 3315 opus
1413 3250 1441 3296 et
1462 3239 1563 3296 bellurn
1585 3239 1734 3313 suscipien-

451 3328 515 3382 dum
538 3332 642 3382 mentes
665 3334 773 3396 nostras
795 3326 902 3399 dirigat.
947 3327 1043 3382 deinde
1072 3334 1102 3380 ut
1131 3325 1238 3398 singula
1265 3325 1349 3388 bella,
1379 3325 1556 3388 hostilitates,
1585 3324 1768 3381 dissensio-ao

452 3429 515 3474 nes,
545 3428 604 3485 quae
633 3411 704 3467 iuter
726 3411 892 3487 Christianos
914 3412 1052 3486 Principes
1080 3419 1108 3466 ct
1130 3419 1287 3484 potentatus
1316 3411 1420 3484 rigent,
1448 3411 1481 3466 de
1510 3410 1598 3467 medio
1621 3409 1732 3464 omnino

375 3551 378 3555 .
453 3495 598 3559 tollantur;
627 3495 726 3569 quihus
749 3497 851 3570 pacatis
874 3497 897 3551 si
921 3514 975 3552 nou
998 3497 1072 3552 lirma
1096 3513 1175 3570 paco.
1205 3495 1300 3551 saltem
1324 3514 1372 3570 per
1395 3495 1530 3557 inducias,
1560 3504 1589 3549 ut
1611 3511 1644 3550 eo
1666 3492 1734 3549 lihe-

451 3581 508 3636 rius
530 3581 562 3636 ad
585 3579 739 3654 generalem
761 3581 958 3655 expeditionem
988 3581 1015 3636 iu
1043 3582 1137 3636 hostes
1167 3581 1241 3654 ipsos
1269 3581 1424 3636 sortiendam
1453 3579 1567 3653 quilihet
1595 3596 1624 3635 se
1646 3578 1734 3634 aecin-

452 3682 517 3740 gere
539 3674 566 3721 et
595 3683 690 3740 parare
718 3667 819 3739 possit,
848 3675 998 3739 caeteraque
1026 3666 1130 3726 oruuia.
1160 3683 1219 3738 qum
1248 3667 1280 3722 ad
1310 3675 1388 3723 tantm
1418 3666 1455 3720 roi
1484 3665 1580 3720 molorn
1610 3663 1734 3725 attinent,

451 3751 597 3825 praehahita
614 3760 667 3806 tam
683 3751 716 3806 de
731 3752 812 3807 modo
828 3750 892 3806 belli
915 3750 1037 3807 sumendi
1060 3768 1140 3824 quana
1162 3751 1195 3806 de
1217 3752 1312 3824 copiis,
1334 3751 1367 3806 de
1390 3749 1521 3824 pecuniis,
1543 3750 1576 3805 de
1598 3741 1769 3806 edmmeaos

364 3840 368 3848 ’
453 3835 524 3891 tibus
547 3834 709 3892 articulatim
724 3835 828 3892 abunde
843 3854 874 3892 ae
888 3836 1097 3910 prudentissime
1113 3835 1251 3909 complexa
1265 3835 1357 3896 luerit,
1380 3853 1492 3908 eamque
1507 3833 1735 3891 consultationem

452 3929 480 3977 et
500 3937 668 3985 corumunem
691 3921 809 3977 omniurn
831 3929 1059 3995 congregatorum
1082 3921 1242 3976 senteutiam
1266 3921 1292 3975 in
1316 3921 1424 3994 seriptis
1453 3920 1585 3975 redactam
1613 3919 1645 3974 ad
1668 3919 1735 3974 invi·

450 4005 600 4062 ctissimum
614 4006 744 4063 Gaesarem
759 4005 966 4062 llanimilianum
988 4006 1169 4062 homanorum
1192 4004 1382 4078 Imperatorem
1405 4004 1521 4062 electum
1545 4012 1680 4078 tamquam
1703 4003 1735 4059 ad

452 4099 533 4165 caput
556 4089 719 4147 secularium
740 4090 896 4164 Principum
919 4098 947 4146 et
970 4091 1127 4147 advocatum
1151 4099 1250 4146 sauctae
1280 4089 1438 4163 apostoliea*
1468 4089 1539 4146 sedis
1561 4089 1735 4144 Christianae·

453 4193 505 4249 que
528 4175 589 4231 hdei
611 4183 795 4249 protectorem
818 4184 846 4232 et
869 4176 907 4232 rei
931 4174 1056 4232 militaris
1080 4177 1151 4232 inter
1174 4192 1269 4230 omnes
1283 4175 1423 4248 Principes
1438 4174 1656 4248 expertissimum
1673 4186 1769 4229 ena-ro

451 4260 602 4316 mirandam
624 4261 896 4335 perpendendumque
907 4261 1036 4337 miserit.
1061 4268 1091 4316 ut
1113 4260 1203 4333 siquid
1225 4277 1275 4333 pro
1291 4259 1447 4316 bellicarum
1463 4277 1553 4315 rerum
1569 4259 1736 4334 experientia

451 4426 652 4436 ψ.

519 4528 576 4578 ¹in
595 4528 704 4594 expleto
724 4532 779 4578 l.2.
819 4527 911 4578 ⁴eum
977 4528 1154 4580 existerat.
1189 4526 1279 4577 nullus
1298 4527 1367 4576 aliur
1382 4531 1407 4577 3.
1449 4524 1689 4591 ⁵Prototumque

455 4621 608 4677 caeteraque
627 4614 679 4662 tn'a
688 4619 784 4676 paracta
795 4613 870 4662 habet
883 4616 908 4662 4.
943 4611 1219 4662 'Manmethanorum
1232 4616 1256 4661 2.
1294 4612 1315 4644 ¹⁰
1327 4612 1439 4677 quod'et
1450 4613 1478 4661 in
1493 4628 1524 4661 eo
1537 4616 1563 4661 2.
1600 4619 1629 4660 et
1646 4627 1693 4661 om.
1709 4615 1734 4660 3.

454 4697 475 4731 ¹⁴
493 4697 649 4761 sedatisque
662 4701 689 4746 2.
725 4696 745 4730 ¹⁹
764 4695 892 4762 taceant]
912 4696 1089 4747 ducentarum
1102 4700 1126 4745 2.
1135 4699 1160 4745 3.
1194 4692 1215 4728 ²¹
1235 4694 1333 4760 deque]
1352 4696 1400 4745 sed
1418 4696 1451 4745 de
1466 4699 1491 4746 3.
1567 4695 1626 4744 eius
1643 4711 1736 4746 omnes.

452 4780 474 4814 ὓ
492 4783 613 4847 suspitio
631 4786 655 4831 2.
702 4780 725 4812 ³⁰
745 4782 928 4832 dissentiones
946 4785 971 4830 2.
1018 4779 1040 4811 ³²
1058 4781 1184 4847 peccatis
1201 4786 1226 4829 2.
1274 4779 1296 4811 ³⁴
1315 4778 1471 4844 ceteraque]
1496 4780 1692 4844 Sanetitssque
1711 4784 1737 4830 4.

452 4868 487 4930 es.
500 4883 581 4931 supra
597 4867 699 4917 netad
715 4884 737 4916 a.
751 4866 775 4916 5.
817 4864 840 4898 ⁸⁴
857 4863 947 4929 atriu]
966 4866 1123 4931 pertineant
1142 4868 1166 4915 4.
1207 4864 1230 4895 ³⁵
1248 4865 1280 4915 de
1300 4881 1360 4931 pec.
1373 4865 1406 4914 de
1426 4869 1541 4915 comest.
1555 4866 1580 4914 4.
1621 4863 1673 4896 ³³³⁶
1692 4880 1738 4914 co⁴

453 4954 607 5002 mentm.
642 4949 665 4982 ³⁸
683 4964 716 5000 sc
734 4950 910 5016 prudent-4.
945 4949 968 4981 ³²
986 4951 1193 5001 et...redaetam
1212 4953 1297 4999 omd.
1332 4948 1355 4979 ³⁸
1374 4949 1622 5001 electumom,2.3.
1658 4951 1736 5010 Rom.

454 5035 664 5101 imp.el.orn.d.
706 5032 729 5067 ⁴⁰
748 5036 840 5085 etuni
858 5036 899 5086 rei
917 5038 942 5085 4.
