4300 6059
482 699 617 734 arcuatam
632 698 806 734 nanuuottttt
821 699 922 733 ORATIO
937 697 970 735 DE
985 700 1173 736 uxruntrtortrr
1187 701 1295 737 CONTRA
1308 701 1413 737 TVBCAB
1427 701 1618 737 SVSCIPlEllDA.
1655 671 1729 742 263

446 865 508 922 net,
532 857 685 915 trucidabit.
723 874 738 913 o
761 858 854 912 iriiram
877 858 1076 932 inauditamque
1101 860 1250 922 victoriam,
1279 878 1328 934 pro
1358 877 1410 933 qua
1437 868 1464 915 et
1486 860 1570 916 virtus
1592 868 1680 917 vestm
1702 867 1731 916 et

444 942 484 999 dii
505 942 670 1000 immortales
693 943 840 1016 pugnaturi
863 945 939 999 snut!
971 961 986 998 ο
1011 944 1082 1000 ltalia
1106 944 1287 1018 triumphandi
1317 961 1416 1018 genus,
1448 945 1520 1019 quod
1547 946 1627 1000 armis
1648 946 1728 1002 ccele-

445 1027 535 1085 stihus
556 1027 742 1101 angelicisque
763 1026 851 1101 copiis
872 1028 952 1083 nobis
974 1037 1158 1102 comparatum
1181 1028 1246 1085 erit!
1281 1029 1339 1085 Non
1362 1030 1522 1105 praeteribo,
1553 1030 1625 1104 quod
1648 1030 1797 1091 etiamtao.

446 1114 505 1171 sine
526 1112 713 1171 controversia
735 1112 906 1168 notissimum
929 1122 984 1175 est,
1015 1115 1201 1170 sanctissimus
1228 1114 1353 1171 dominus
1381 1122 1476 1170 noster
1497 1115 1551 1171 Leo
1575 1115 1618 1169 .ll.
1641 1115 1751 1189 ponti·

423 1199 491 1255 stes
512 1198 657 1261 maximus,
678 1197 791 1271 cupidus
814 1216 844 1254 ac
866 1198 971 1254 lervens
994 1198 1152 1257 Christianae
1174 1199 1372 1273 amplitudinis,
1395 1198 1467 1273 qnod
1490 1200 1596 1273 quidem
1611 1198 1730 1256 crebrio-

444 1282 521 1340 ribus
543 1281 645 1345 literis,
669 1290 699 1338 ut
720 1282 789 1344 dixi,
812 1291 839 1338 et
861 1299 933 1339 nune
954 1284 1185 1340 reverendissimis
1207 1285 1264 1340 suis
1286 1284 1409 1358 legatis,
1432 1284 1497 1339 airis
1520 1283 1640 1340 maximis
1655 1291 1683 1340 et
1697 1283 1730 1340 ad

444 1368 498 1426 hoc
518 1367 661 1442 negocium
683 1366 893 1430 ardentissimis,
921 1358 1073 1442 significare
1101 1386 1155 1425 non
1183 1369 1297 1432 desinit,
1326 1377 1439 1444 propter
1466 1387 1540 1424 stiam
1570 1369 1597 1423 in
1625 1386 1672 1425 vos
1699 1385 1731 1425 ac

443 1452 603 1510 Christiana
624 1451 781 1527 reipublicae
803 1460 903 1508 statum
925 1452 1090 1527 singularem
1111 1454 1283 1512 dilectionem
1307 1455 1389 1510 instat
1411 1453 1552 1527 omniqua
1573 1461 1666 1527 potest
1686 1470 1730 1509 so·

442 1536 600 1600 licitudine,
622 1537 715 1593 studio
738 1553 768 1592 ae
789 1553 869 1600 cura,
892 1536 1031 1601 hortatur,
1061 1538 1128 1595 deos
1150 1537 1317 1595 immortales
1340 1538 1407 1594 nibil
1429 1538 1500 1593 aliud
1529 1546 1621 1611 rogat,
1650 1555 1730 1612 qaam

412 1630 477 1679 tout
497 1622 667 1680 sanctissima
688 1621 894 1695 firmissimaque
916 1623 1060 1679 concordia
1091 1623 1128 1680 ita
1153 1624 1318 1686 vinciamini.
1349 1633 1379 1680 ut
1406 1633 1535 1697 qnantum
1563 1625 1590 1679 iu
1618 1620 1731 1697 amplifl-

442 1707 527 1766 canta
548 1706 763 1769 christianitate,
787 1706 814 1762 in
837 1709 1012 1781 propagando
1035 1709 1164 1783 imperio,
1187 1709 1214 1765 in
1236 1710 1357 1781 erigenda
1378 1708 1510 1782 dignitate
1532 1715 1620 1763 vestra
1642 1707 1730 1764 inteu-

444 1800 490 1849 tus
512 1791 564 1855 sit,
586 1791 666 1866 plane
689 1790 842 1865 intelligere
864 1792 992 1865 possitis,
1016 1793 1233 1867 quandoquidem
1256 1794 1282 1849 in
1307 1793 1382 1850 vobis
1405 1812 1460 1866 prae
1474 1793 1582 1855 ceteris,
1604 1792 1729 1849 sacratis·
1768 1865 1771 1871 Ι

441 1876 511 1934 sime
532 1876 696 1951 imperator,
720 1874 896 1932 illustrissimi
919 1877 1069 1951 principes,
1100 1886 1130 1932 ut
1152 1885 1230 1952 pater
1253 1878 1279 1933 in
1302 1877 1380 1934 bonis
1403 1877 1465 1933 liliis
1494 1876 1576 1939 solet,
1604 1894 1658 1947 iton
1683 1893 1728 1934 so·

440 1960 499 2019 lum
521 1960 710 2019 ecelesiastica
734 1960 874 2034 dignitatis
897 1959 930 2017 ab
957 1960 1040 2018 illatis
1068 1962 1174 2018 iniuriis
1203 1963 1401 2039 detendendae,
1421 1963 1468 2018 sed
1496 1962 1575 2017 etiam
1598 1960 1727 2036 augendae

405 2045 659 2119 nexiottendaeque
680 2062 755 2120 spem
779 2062 885 2101 omnem
907 2054 987 2119 atque
1009 2064 1100 2103 carram
1123 2046 1274 2103 collocavit.
1311 2047 1391 2103 Plura
1412 2047 1445 2103 ile
1461 2046 1590 2103 l'ontiliee
1613 2046 1795 2124 maximpsnt.

440 2132 622 2193 dissererem,
646 2129 698 2186 nisi
721 2139 749 2186 et
771 2129 817 2187 alii
839 2128 1002 2204 locupletius
1025 2132 1170 2195 siluissent,
1200 2141 1227 2188 et
1248 2149 1297 2188 vos
1318 2132 1377 2188 eins
1392 2132 1524 2193 animum,
1553 2130 1727 2193 voluntatem,

440 2217 593 2273 bonitatem
615 2232 646 2272 ac
667 2215 795 2289 pietatem
819 2215 937 2272 iamdiu
960 2216 1112 2272 rrovissetis.
1157 2218 1210 2274 Vos
1232 2226 1337 2281 autem,
1360 2215 1581 2273 Resermulissimi
1604 2217 1630 2271 in
1653 2214 1730 2271 (lhri-

439 2308 487 2359 ato
510 2308 603 2376 patres
622 2290 653 2357 ‘et
674 2299 791 2362 domini,
814 2298 915 2356 domini
938 2301 1115 2374 pientissimi.
1144 2302 1190 2377 qui
1221 2302 1405 2358 huiuscemodi
1434 2301 1614 2376 expeditionis
1642 2298 1730 2375 gratia
1808 2292 1812 2303 “

440 2385 593 2462 apostolica
615 2384 752 2458 legatione
775 2384 933 2458 fungimini,
957 2404 986 2442 ac
1009 2403 1069 2448 vos.
1093 2387 1309 2460 praestantissimi
1333 2395 1471 2448 oratores,
1496 2387 1579 2442 totins
1602 2385 1731 2441 Christia-

405 2471 539 2529 naturis
560 2470 668 2527 nomine
691 2487 774 2543 rogo.
798 2467 921 2544 supplico
944 2479 1025 2545 atque
1049 2470 1179 2533 obsecro,
1204 2472 1319 2533 instate,
1343 2469 1503 2534 sollicitate,
1528 2479 1624 2544 urgete
1645 2486 1730 2544 nego·

439 2556 529 2618 cium,
552 2555 614 2611 huie
635 2555 675 2610 rei
698 2572 749 2629 pro
772 2553 842 2610 virili
866 2554 1026 2611 incumbite:
1055 2572 1095 2611 eae
1122 2556 1192 2611 enim
1221 2565 1318 2611 vestrm
1347 2564 1409 2611 sunt
1432 2564 1539 2629 partes,
1569 2565 1599 2610 nt
1626 2553 1730 2612 scilieet
1784 2602 1787 2609 .

439 2639 631 2717 persuadendo
663 2638 884 2714 eonsulemloqne
916 2639 1069 2696 libertatem
1103 2658 1134 2697 ae
1161 2640 1364 2714 anrplitudinem
1399 2640 1574 2695 Christianam
1606 2639 1728 2713 pariatis.

439 2725 558 2784 Proinde
580 2742 641 2782 cum
663 2743 678 2780 a
700 2741 742 2781 me
764 2724 796 2780 ile
819 2724 953 2781 communi
976 2724 1122 2781 Christiani
1151 2725 1269 2781 nominis
1298 2724 1438 2788 libertate,
1466 2725 1584 2781 seenmlo
1612 2742 1673 2780 cum
1695 2722 1798 2782 teins.

440 2817 532 2867 vestra
554 2807 699 2867 immortali
721 2826 751 2866 ac
773 2809 885 2865 Romani
908 2808 1128 2883 lmperiigloria
1148 2810 1255 2866 concise
1277 2809 1378 2865 dictum
1401 2810 1450 2870 sit,
1475 2809 1610 2883 reliquam
1625 2817 1677 2876 est,
1700 2816 1731 2864 ut

407 2904 507 2970 eaquae
529 2912 582 2969 ego
605 2893 679 2950 brevi
703 2895 826 2951 oratioue
848 2902 1009 2968 prosecutus
1033 2912 1106 2956 sirm,
1129 2912 1160 2951 ea
1184 2902 1227 2956 tu,
1256 2894 1448 2968 augustissime
1471 2893 1573 2955 Caesar,
1604 2901 1730 2967 tanquam

442 2978 565 3042 omnium¹
586 2996 734 3053 regnorum
756 2995 787 3035 ac
809 2995 903 3052 regam
927 2987 1057 3053 caputet
1080 2980 1206 3053 princeps
1229 2980 1329 3035 virtute
1352 2978 1431 3034 solita
1456 2987 1483 3033 et
1506 2978 1623 3052 egregiis
1652 2977 1729 3034 lactis
1787 3049 1791 3058 Ι

441 3074 619 3140 prosequare.
656 3062 729 3138 quod
752 3062 859 3136 quidem
882 3071 958 3119 tanto
981 3064 1121 3121 ardentius
1143 3073 1169 3120 te
1192 3065 1325 3120 laetarum
1341 3064 1412 3119 haitid
1427 3062 1601 3136 ambigimus,
1624 3067 1799 3137 quantaene.

442 3147 590 3207 solertiore
611 3166 681 3206 eura
698 3149 901 3210 animadvertis,
932 3166 986 3223 quo
1018 3149 1044 3204 iu
1066 3157 1139 3205 statu
1163 3148 1262 3205 laturae
1284 3147 1476 3223 magnitudinis
1505 3166 1535 3204 ac
1557 3147 1638 3203 etiam
1660 3146 1731 3221 peri·

441 3233 497 3292 culi
519 3250 642 3309 praesens
663 3233 814 3290 communis
837 3233 956 3289 omnium
980 3234 1089 3291 lortuna
1112 3234 1202 3309 posita
1225 3235 1275 3290 sit:
1298 3251 1356 3289 eam
1379 3233 1401 3288 si
1424 3232 1565 3289 clementia
1590 3241 1635 3287 tna
1657 3230 1734 3288 dese·

408 3319 495 3382 ttrit,
516 3336 568 3376 nos
590 3335 644 3374 una
665 3318 835 3382 corruimus:
859 3318 880 3372 si
903 3336 967 3381 vero
991 3319 1095 3383 lovere,
1125 3328 1154 3376 ut
1177 3335 1314 3392 utinquam
1342 3319 1432 3374 lovere
1460 3317 1603 3379 destitisti,
1632 3315 1733 3372 malue-

443 3405 482 3461 ris
497 3420 530 3460 ac
543 3403 657 3461 huiusce
677 3401 818 3461 catholicae
841 3403 914 3477 pacis
937 3420 1006 3459 nean
1030 3403 1217 3479 amplecteris,
1243 3403 1349 3477 pietati,
1374 3402 1507 3464 libertati,
1531 3401 1626 3476 gloriae
1642 3418 1673 3458 ae
1687 3417 1734 3457 ne·

444 3489 567 3547 oessitati
590 3496 646 3544 tum
669 3487 785 3563 publicae
807 3496 865 3544 tum
887 3472 999 3562 pn‘vatae
1021 3489 1164 3552 eonsules,
1188 3489 1258 3544 unde
1280 3487 1534 3543 nelamdissimormn
1558 3487 1733 3547 'llmrcamm

444 3573 491 3651 qui
514 3572 682 3649 principibus
704 3572 865 3630 Christianis
888 3574 980 3646 iugum
1005 3592 1035 3630 ac
1057 3573 1182 3648 laqueum
1206 3573 1324 3629 minitari
1346 3586 1400 3628 non
1415 3572 1557 3633 desinunt,
1580 3571 1674 3626 leritas
1689 3587 1734 3626 ex·

445 3658 535 3735 tingui
557 3657 675 3733 poterit,
698 3667 727 3714 tu
751 3676 830 3720 vero,
854 3657 1035 3715 sacratissime
1050 3659 1214 3734 imperator,
1239 3676 1290 3714 iiiia
1306 3676 1366 3714 eum
1383 3656 1574 3712 illustrissimis
1591 3655 1644 3710 tuis
1660 3654 1735 3730 prin·

414 3743 555 3819 ³³cipibus
577 3751 706 3799 aeternam
728 3741 844 3817 gloriam
867 3760 898 3800 ac
921 3743 1045 3799 aieritnm
1074 3762 1134 3800 etim
1162 3744 1232 3819 apml
1263 3743 1387 3798 liitnrines
1417 3751 1472 3797 tum
1501 3742 1572 3816 apud
1595 3741 1662 3796 ileos
1684 3738 1734 3795 im·

443 3826 572 3886 mortales
595 3830 780 3903 consequeris.

510 3936 512 3940 ·
818 3917 821 3924 '
1031 3930 1125 3976 ¹naam.

511 4095 544 4130 Ν
561 4096 689 4148 sollict.
738 4092 758 4126 ¹⁵
777 4094 991 4160 exeolendsequo
1010 4099 1035 4145 2.
1083 4093 1105 4127 ¹⁸
1123 4094 1225 4145 domini
1242 4097 1355 4145 setnetl.
1404 4091 1424 4124 ¹⁹
1443 4090 1575 4159 oratores]
1597 4093 1735 4143 Gesandte.

445 4179 616 4248 ”negata
652 4180 672 4214 ²¹
693 4179 775 4246 enim]
795 4183 923 4244 nemq32.
971 4178 992 4211 ²³
1012 4195 1073 4230 eum
1092 4187 1151 4230 ante
1169 4181 1203 4230 de
1221 4183 1308 4229 om.t.
1355 4177 1377 4210 ²⁶
1397 4177 1485 4227 solide
1504 4181 1529 4226 2.
1550 4176 1676 4239 (Scilicet
1688 4174 1736 4226 Sa·

446 4267 551 4318 sonieia
573 4267 665 4333 operis
683 4267 701 4315 d
719 4281 779 4315 eum
797 4272 807 4313 t
826 4266 1047 4329 permutantibus
1071 4266 1156 4316 etiam
1179 4265 1335 4314 llensnems
1358 4277 1423 4311 usus
1447 4261 1509 4323 est.)
1571 4259 1594 4293 ²⁹
1616 4274 1735 4327 praesen·

445 4352 482 4403 tis
500 4356 525 4402 2.
561 4350 583 4383 ³⁸
602 4351 665 4402 Chr.
678 4351 765 4417 princ.
779 4353 804 4399 2.
840 4347 862 4379 ³⁵
881 4355 936 4398 tum
955 4353 979 4399 2.
1191 4334 1193 4339 ’
