<?xml version="1.0" encoding="UTF-8"?>
<!DOCTYPE html PUBLIC "-//W3C//DTD XHTML 1.0 Transitional//EN"
    "http://www.w3.org/TR/xhtml1/DTD/xhtml1-transitional.dtd">
<html xmlns="http://www.w3.org/1999/xhtml" xml:lang="en" lang="en">
 <head>
  <title>
</title>
<meta http-equiv="Content-Type" content="text/html;charset=utf-8" />
  <meta name='ocr-system' content='tesseract 3.04.00' />
  <meta name='ocr-capabilities' content='ocr_page ocr_carea ocr_par ocr_line ocrx_word'/>
</head>
<body>
  <div class='ocr_page' id='page_1' title='image "./ulrichihuttenie01huttgoog/ulrichihuttenie01huttgoog_0320.png"; bbox 0 0 4300 6059; ppageno 0'>
   <div class='ocr_carea' id='block_1_1' title="bbox 440 675 1662 746">
    <p class='ocr_par' dir='ltr' id='par_1_1' title="bbox 440 675 1662 746">
     <span class='ocr_line' id='line_1_1' title="bbox 440 675 1662 746; baseline -0.01 0"><span class='ocrx_word' id='word_1_1' title='bbox 440 675 514 746; x_wconf 71' lang='lat'><em>308</em></span> <span class='ocrx_word' id='word_1_2' title='bbox 551 705 651 739; x_wconf 59' lang='lat' dir='ltr'><strong>LEONI&amp;</strong></span> <span class='ocrx_word' id='word_1_3' title='bbox 666 704 691 738; x_wconf 75' lang='grc' dir='ltr'><em>Χ.</em></span> <span class='ocrx_word' id='word_1_4' title='bbox 706 704 813 737; x_wconf 67' lang='lat' dir='ltr'><em>conant</em></span> <span class='ocrx_word' id='word_1_5' title='bbox 829 702 976 735; x_wconf 64' lang='lat' dir='ltr'><em>bratteata</em></span> <span class='ocrx_word' id='word_1_6' title='bbox 992 702 1081 735; x_wconf 63' lang='lat' dir='ltr'><em>avenn</em></span> <span class='ocrx_word' id='word_1_7' title='bbox 1095 703 1157 736; x_wconf 77' lang='lat' dir='ltr'><em>bar.</em></span> <span class='ocrx_word' id='word_1_8' title='bbox 1173 697 1268 736; x_wconf 58' lang='lat' dir='ltr'><em>larva.</em></span> <span class='ocrx_word' id='word_1_9' title='bbox 1282 697 1375 736; x_wconf 67' lang='lat' dir='ltr'><em>Md‘dll·</em></span> <span class='ocrx_word' id='word_1_10' title='bbox 1395 703 1419 736; x_wconf 82' lang='lat' dir='ltr'><em>C.</em></span> <span class='ocrx_word' id='word_1_11' title='bbox 1432 702 1553 736; x_wconf 69' lang='lat' dir='ltr'><em>avaram</em></span> <span class='ocrx_word' id='word_1_12' title='bbox 1569 703 1662 735; x_wconf 72' lang='lat' dir='ltr'><em>noris.</em></span> 
     </span>
    </p>
   </div>
   <div class='ocr_carea' id='block_1_2' title="bbox 435 845 1829 1748">
    <p class='ocr_par' dir='ltr' id='par_1_2' title="bbox 437 845 1814 1339">
     <span class='ocr_line' id='line_1_2' title="bbox 439 845 1733 934; baseline -0.003 -14"><span class='ocrx_word' id='word_1_13' title='bbox 439 864 508 921; x_wconf 85' lang='lat' dir='ltr'><em>tntis</em></span> <span class='ocrx_word' id='word_1_14' title='bbox 523 877 590 919; x_wconf 88' lang='lat' dir='ltr'><em>nere</em></span> <span class='ocrx_word' id='word_1_15' title='bbox 604 866 787 932; x_wconf 67' lang='lat' dir='ltr'><em>&#39;ceretanus</em></span> <span class='ocrx_word' id='word_1_16' title='bbox 802 845 917 917; x_wconf 74' lang='lat' dir='ltr'><em>caestu!</em></span> <span class='ocrx_word' id='word_1_17' title='bbox 929 857 1075 916; x_wconf 74' lang='lat' dir='ltr'><em>heresum</em></span> <span class='ocrx_word' id='word_1_18' title='bbox 1093 860 1253 915; x_wconf 77' lang='lat' dir='ltr'><em>ircarimos</em></span> <span class='ocrx_word' id='word_1_19' title='bbox 1267 868 1486 934; x_wconf 76' lang='lat' dir='ltr'><em>cppnpnotores</em></span> <span class='ocrx_word' id='word_1_20' title='bbox 1500 874 1615 932; x_wconf 77' lang='lat' dir='ltr'><em>semper</em></span> <span class='ocrx_word' id='word_1_21' title='bbox 1627 857 1733 929; x_wconf 74' lang='lat' dir='ltr'><em>sitisse</em></span> 
     </span>
     <span class='ocr_line' id='line_1_3' title="bbox 440 955 1814 1045; baseline -0.003 -23"><span class='ocrx_word' id='word_1_22' title='bbox 440 966 524 1022; x_wconf 75' lang='lat' dir='ltr'><em>cuites</em></span> <span class='ocrx_word' id='word_1_23' title='bbox 546 964 593 1021; x_wconf 88' lang='lat' dir='ltr'><em>rei</em></span> <span class='ocrx_word' id='word_1_24' title='bbox 612 970 695 1019; x_wconf 87' lang='lat' dir='ltr'><em>testes</em></span> <span class='ocrx_word' id='word_1_25' title='bbox 717 969 785 1018; x_wconf 84' lang='lat' dir='ltr'><em>sunt</em></span> <span class='ocrx_word' id='word_1_26' title='bbox 806 955 993 1017; x_wconf 64' lang='lat' dir='ltr'><em>blettdobiles</em></span> <span class='ocrx_word' id='word_1_27' title='bbox 1014 961 1074 1017; x_wconf 78' lang='lat' dir='ltr'><em>illic</em></span> <span class='ocrx_word' id='word_1_28' title='bbox 1093 962 1309 1017; x_wconf 75' lang='lat' dir='ltr'><em>constitutiones</em></span> <span class='ocrx_word' id='word_1_29' title='bbox 1331 959 1566 1017; x_wconf 79' lang='lat' dir='ltr'><em>eGermmtornrn</em></span> <span class='ocrx_word' id='word_1_30' title='bbox 1588 959 1733 1034; x_wconf 83' lang='lat' dir='ltr'><em>lmpero-</em></span> <span class='ocrx_word' id='word_1_31' title='bbox 1810 1037 1814 1045; x_wconf 30' lang='grc' dir='ltr'>Ι</span> 
     </span>
     <span class='ocr_line' id='line_1_4' title="bbox 439 1061 1735 1139; baseline -0.004 -16"><span class='ocrx_word' id='word_1_32' title='bbox 439 1073 534 1123; x_wconf 84' lang='lat' dir='ltr'><em>torum</em></span> <span class='ocrx_word' id='word_1_33' title='bbox 550 1082 611 1139; x_wconf 86' lang='lat' dir='ltr'><em>pro</em></span> <span class='ocrx_word' id='word_1_34' title='bbox 632 1063 767 1121; x_wconf 79' lang='lat' dir='ltr'><em>libertate</em></span> <span class='ocrx_word' id='word_1_35' title='bbox 786 1062 932 1132; x_wconf 69' lang='lat' dir='ltr'><em>ecclesiae,</em></span> <span class='ocrx_word' id='word_1_36' title='bbox 952 1076 1067 1134; x_wconf 81' lang='lat' dir='ltr'><em>proque</em></span> <span class='ocrx_word' id='word_1_37' title='bbox 1087 1062 1275 1134; x_wconf 74' lang='lat' dir='ltr'><em>inpellendis</em></span> <span class='ocrx_word' id='word_1_38' title='bbox 1287 1061 1582 1134; x_wconf 77' lang='lat' dir='ltr'><em>erterrninunttisqne</em></span> <span class='ocrx_word' id='word_1_39' title='bbox 1596 1078 1637 1119; x_wconf 81' lang='lat' dir='ltr'><em>ec</em></span> <span class='ocrx_word' id='word_1_40' title='bbox 1654 1063 1735 1119; x_wconf 81' lang='lat' dir='ltr'><em>mani</em></span> 
     </span>
     <span class='ocr_line' id='line_1_5' title="bbox 441 1160 1730 1236; baseline -0.003 -12"><span class='ocrx_word' id='word_1_41' title='bbox 441 1166 602 1224; x_wconf 77' lang='lat' dir='ltr'><em>Germania</em></span> <span class='ocrx_word' id='word_1_42' title='bbox 625 1160 806 1236; x_wconf 66' lang='lat' dir='ltr'><em>tueritne,</em></span> <span class='ocrx_word' id='word_1_43' title='bbox 828 1164 898 1221; x_wconf 63' lang='lat' dir='ltr'><em>“sno</em></span> <span class='ocrx_word' id='word_1_44' title='bbox 918 1164 1105 1235; x_wconf 73' lang='lat' dir='ltr'><em>urcrrrssrnns</em></span> <span class='ocrx_word' id='word_1_45' title='bbox 1122 1165 1233 1236; x_wconf 80' lang='lat' dir='ltr'><em>pretiis,</em></span> <span class='ocrx_word' id='word_1_46' title='bbox 1260 1166 1348 1221; x_wconf 85' lang='lat' dir='ltr'><em>etium</em></span> <span class='ocrx_word' id='word_1_47' title='bbox 1376 1164 1541 1221; x_wconf 82' lang='lat' dir='ltr'><em>amissionis</em></span> <span class='ocrx_word' id='word_1_48' title='bbox 1567 1170 1730 1233; x_wconf 80' lang='lat' dir='ltr'><em>terrarum,</em></span> 
     </span>
     <span class='ocr_line' id='line_1_6' title="bbox 437 1260 1752 1339; baseline -0.003 -13"><span class='ocrx_word' id='word_1_49' title='bbox 437 1277 466 1326; x_wconf 88' lang='lat' dir='ltr'><em>et</em></span> <span class='ocrx_word' id='word_1_50' title='bbox 487 1268 698 1336; x_wconf 74' lang='lat' dir='ltr'><em>tonnitorum,</em></span> <span class='ocrx_word' id='word_1_51' title='bbox 725 1273 831 1324; x_wconf 85' lang='lat' dir='ltr'><em>contra</em></span> <span class='ocrx_word' id='word_1_52' title='bbox 854 1272 1053 1338; x_wconf 78' lang='lat' dir='ltr'><em>receptatores</em></span> <span class='ocrx_word' id='word_1_53' title='bbox 1078 1267 1123 1322; x_wconf 85' lang='lat' dir='ltr'><em>nel</em></span> <span class='ocrx_word' id='word_1_54' title='bbox 1148 1281 1205 1322; x_wconf 76' lang='lat' dir='ltr'><em>nint</em></span> <span class='ocrx_word' id='word_1_55' title='bbox 1227 1267 1407 1339; x_wconf 73' lang='lat' dir='ltr'><em>inpellentes</em></span> <span class='ocrx_word' id='word_1_56' title='bbox 1427 1267 1495 1322; x_wconf 89' lang='lat' dir='ltr'><em>otim</em></span> <span class='ocrx_word' id='word_1_57' title='bbox 1517 1265 1617 1335; x_wconf 78' lang='lat' dir='ltr'><em>edith,</em></span> <span class='ocrx_word' id='word_1_58' title='bbox 1646 1272 1676 1322; x_wconf 88' lang='lat' dir='ltr'><em>et</em></span> <span class='ocrx_word' id='word_1_59' title='bbox 1695 1260 1752 1322; x_wconf 65' lang='lat' dir='ltr'><em>‘ua</em></span> 
     </span>
    </p>

    <p class='ocr_par' dir='ltr' id='par_1_3' title="bbox 435 1347 1829 1748">
     <span class='ocr_line' id='line_1_7' title="bbox 438 1347 1829 1442; baseline -0.002 -16"><span class='ocrx_word' id='word_1_60' title='bbox 438 1370 544 1427; x_wconf 86' lang='lat' dir='ltr'><em>nostris</em></span> <span class='ocrx_word' id='word_1_61' title='bbox 560 1367 834 1442; x_wconf 75' lang='lat' dir='ltr'><em>predecessoribus</em></span> <span class='ocrx_word' id='word_1_62' title='bbox 855 1368 1056 1437; x_wconf 76' lang='lat' dir='ltr'><em>cmtfirmntae:</em></span> <span class='ocrx_word' id='word_1_63' title='bbox 1084 1384 1151 1440; x_wconf 75' lang='lat' dir='ltr'><em>pirre</em></span> <span class='ocrx_word' id='word_1_64' title='bbox 1171 1369 1198 1424; x_wconf 86' lang='lat' dir='ltr'><em>si</em></span> <span class='ocrx_word' id='word_1_65' title='bbox 1218 1367 1305 1424; x_wconf 84' lang='lat' dir='ltr'><em>hodie</em></span> <span class='ocrx_word' id='word_1_66' title='bbox 1325 1373 1533 1438; x_wconf 74' lang='lat' dir='ltr'><em>servarentur,</em></span> <span class='ocrx_word' id='word_1_67' title='bbox 1561 1374 1590 1424; x_wconf 92' lang='lat' dir='ltr'><em>et</em></span> <span class='ocrx_word' id='word_1_68' title='bbox 1609 1382 1680 1437; x_wconf 82' lang='lat' dir='ltr'><em>nos,</em></span> <span class='ocrx_word' id='word_1_69' title='bbox 1703 1375 1731 1423; x_wconf 84' lang='lat' dir='ltr'><em>rt</em></span> <span class='ocrx_word' id='word_1_70' title='bbox 1825 1347 1829 1352; x_wconf 35' lang='lat'><strong>¹</strong></span> 
     </span>
     <span class='ocr_line' id='line_1_8' title="bbox 437 1453 1733 1544; baseline -0.002 -16"><span class='ocrx_word' id='word_1_71' title='bbox 437 1473 496 1544; x_wconf 79' lang='lat' dir='ltr'><em>ipsi</em></span> <span class='ocrx_word' id='word_1_72' title='bbox 515 1470 621 1542; x_wconf 72' lang='lat' dir='ltr'><em>echione</em></span> <span class='ocrx_word' id='word_1_73' title='bbox 639 1468 714 1527; x_wconf 80' lang='lat' dir='ltr'><em>‘hoc</em></span> <span class='ocrx_word' id='word_1_74' title='bbox 735 1470 867 1527; x_wconf 81' lang='lat' dir='ltr'><em>molestie</em></span> <span class='ocrx_word' id='word_1_75' title='bbox 888 1484 1069 1527; x_wconf 82' lang='lat' dir='ltr'><em>careremus.</em></span> <span class='ocrx_word' id='word_1_76' title='bbox 1119 1467 1209 1527; x_wconf 86' lang='lat' dir='ltr'><em>Testis</em></span> <span class='ocrx_word' id='word_1_77' title='bbox 1230 1476 1273 1527; x_wconf 84' lang='lat' dir='ltr'><em>est</em></span> <span class='ocrx_word' id='word_1_78' title='bbox 1293 1464 1341 1526; x_wconf 71' lang='lat' dir='ltr'><em>¹¹iu</em></span> <span class='ocrx_word' id='word_1_79' title='bbox 1370 1470 1494 1527; x_wconf 75' lang='lat' dir='ltr'><em>correctio</em></span> <span class='ocrx_word' id='word_1_80' title='bbox 1517 1453 1733 1526; x_wconf 78' lang='lat' dir='ltr'><em>Constantiensi</em></span> 
     </span>
     <span class='ocr_line' id='line_1_9' title="bbox 436 1570 1730 1644; baseline -0.002 -15"><span class='ocrx_word' id='word_1_81' title='bbox 436 1572 641 1640; x_wconf 85' lang='lat' dir='ltr'><em>Hnssitnrnrn,</em></span> <span class='ocrx_word' id='word_1_82' title='bbox 665 1587 703 1630; x_wconf 87' lang='lat' dir='ltr'><em>nc</em></span> <span class='ocrx_word' id='word_1_83' title='bbox 730 1571 980 1641; x_wconf 84' lang='lat' dir='ltr'><em>Wictecistnrnrn,</em></span> <span class='ocrx_word' id='word_1_84' title='bbox 1003 1587 1057 1628; x_wconf 88' lang='lat' dir='ltr'><em>nec</em></span> <span class='ocrx_word' id='word_1_85' title='bbox 1075 1586 1132 1628; x_wconf 91' lang='lat' dir='ltr'><em>nou</em></span> <span class='ocrx_word' id='word_1_86' title='bbox 1153 1570 1330 1644; x_wconf 78' lang='lat' dir='ltr'><em>Hieronymi</em></span> <span class='ocrx_word' id='word_1_87' title='bbox 1348 1571 1510 1643; x_wconf 76' lang='lat' dir='ltr'><em>Prapcnsis</em></span> <span class='ocrx_word' id='word_1_88' title='bbox 1529 1570 1672 1628; x_wconf 72' lang='lat' dir='ltr'><em>uomitum</em></span> <span class='ocrx_word' id='word_1_89' title='bbox 1692 1587 1730 1628; x_wconf 87' lang='lat' dir='ltr'><em>uc</em></span> 
     </span>
     <span class='ocr_line' id='line_1_10' title="bbox 435 1663 1729 1748; baseline -0.002 -17"><span class='ocrx_word' id='word_1_90' title='bbox 435 1675 540 1748; x_wconf 78' lang='lat' dir='ltr'><em>piutita</em></span> <span class='ocrx_word' id='word_1_91' title='bbox 559 1672 703 1746; x_wconf 76' lang='lat' dir='ltr'><em>perfidie.</em></span> <span class='ocrx_word' id='word_1_92' title='bbox 753 1669 843 1729; x_wconf 87' lang='lat' dir='ltr'><em>Testis</em></span> <span class='ocrx_word' id='word_1_93' title='bbox 873 1680 916 1730; x_wconf 82' lang='lat' dir='ltr'><em>est</em></span> <span class='ocrx_word' id='word_1_94' title='bbox 942 1674 1024 1731; x_wconf 86' lang='lat' dir='ltr'><em>toties</em></span> <span class='ocrx_word' id='word_1_95' title='bbox 1051 1679 1156 1730; x_wconf 88' lang='lat' dir='ltr'><em>contro</em></span> <span class='ocrx_word' id='word_1_96' title='bbox 1183 1663 1580 1731; x_wconf 55' lang='lat' dir='ltr'><em>Botternoswerrnonornrn</em></span> <span class='ocrx_word' id='word_1_97' title='bbox 1604 1674 1729 1745; x_wconf 69' lang='lat' dir='ltr'><em>soranis</em></span> 
     </span>
    </p>
   </div>
   <div class='ocr_carea' id='block_1_3' title="bbox 433 1907 1817 3911">
    <p class='ocr_par' dir='ltr' id='par_1_4' title="bbox 433 1907 1817 3911">
     <span class='ocr_line' id='line_1_11' title="bbox 436 1907 1763 1985; baseline -0.002 -16"><span class='ocrx_word' id='word_1_98' title='bbox 436 1910 570 1970; x_wconf 81' lang='lat' dir='ltr'><em>&#39;Utinam</em></span> <span class='ocrx_word' id='word_1_99' title='bbox 594 1908 729 1967; x_wconf 83' lang='lat' dir='ltr'><em>luissent!</em></span> <span class='ocrx_word' id='word_1_100' title='bbox 752 1915 780 1966; x_wconf 90' lang='lat' dir='ltr'><em>te</em></span> <span class='ocrx_word' id='word_1_101' title='bbox 804 1909 881 1967; x_wconf 89' lang='lat' dir='ltr'><em>euim</em></span> <span class='ocrx_word' id='word_1_102' title='bbox 906 1907 954 1967; x_wconf 91' lang='lat' dir='ltr'><em>diu</em></span> <span class='ocrx_word' id='word_1_103' title='bbox 977 1908 1035 1966; x_wconf 84' lang='lat' dir='ltr'><em>iarn</em></span> <span class='ocrx_word' id='word_1_104' title='bbox 1059 1915 1286 1985; x_wconf 73' lang='lat' dir='ltr'><em>exptugnassent.</em></span> <span class='ocrx_word' id='word_1_105' title='bbox 1311 1908 1361 1968; x_wconf 91' lang='lat' dir='ltr'><em>sed</em></span> <span class='ocrx_word' id='word_1_106' title='bbox 1378 1907 1515 1968; x_wconf 69' lang='lat' dir='ltr'><em>analeticis</em></span> <span class='ocrx_word' id='word_1_107' title='bbox 1531 1914 1647 1967; x_wconf 83' lang='lat' dir='ltr'><em>tucrrnn</em></span> <span class='ocrx_word' id='word_1_108' title='bbox 1664 1926 1726 1968; x_wconf 90' lang='lat' dir='ltr'><em>ma·</em></span> <span class='ocrx_word' id='word_1_109' title='bbox 1740 1916 1763 1955; x_wconf 84' lang='lat'><em>¹⁰</em></span> 
     </span>
     <span class='ocr_line' id='line_1_12' title="bbox 436 2008 1729 2085; baseline -0.001 -15"><span class='ocrx_word' id='word_1_110' title='bbox 436 2013 533 2072; x_wconf 87' lang='lat' dir='ltr'><em>iorum</em></span> <span class='ocrx_word' id='word_1_111' title='bbox 557 2010 712 2085; x_wconf 68' lang='lat' dir='ltr'><em>prestigiis</em></span> <span class='ocrx_word' id='word_1_112' title='bbox 735 2010 872 2084; x_wconf 82' lang='lat' dir='ltr'><em>contigit,</em></span> <span class='ocrx_word' id='word_1_113' title='bbox 901 2019 932 2069; x_wconf 91' lang='lat' dir='ltr'><em>ut</em></span> <span class='ocrx_word' id='word_1_114' title='bbox 962 2009 997 2067; x_wconf 89' lang='lat' dir='ltr'><em>ad</em></span> <span class='ocrx_word' id='word_1_115' title='bbox 1021 2011 1123 2068; x_wconf 77' lang='lat' dir='ltr'><em>inatres</em></span> <span class='ocrx_word' id='word_1_116' title='bbox 1152 2008 1265 2068; x_wconf 88' lang='lat' dir='ltr'><em>tabulas</em></span> <span class='ocrx_word' id='word_1_117' title='bbox 1288 2009 1409 2069; x_wconf 81' lang='lat' dir='ltr'><em>diverse</em></span> <span class='ocrx_word' id='word_1_118' title='bbox 1437 2009 1588 2068; x_wconf 88' lang='lat' dir='ltr'><em>hominum</em></span> <span class='ocrx_word' id='word_1_119' title='bbox 1613 2017 1729 2069; x_wconf 87' lang='lat' dir='ltr'><em>mentes</em></span> 
     </span>
     <span class='ocr_line' id='line_1_13' title="bbox 436 2109 1817 2188; baseline -0.001 -16"><span class='ocrx_word' id='word_1_120' title='bbox 436 2130 538 2172; x_wconf 79' lang='lat' dir='ltr'><em>cerum</em></span> <span class='ocrx_word' id='word_1_121' title='bbox 555 2111 729 2186; x_wconf 67' lang='lat' dir='ltr'><em>dignoscere</em></span> <span class='ocrx_word' id='word_1_122' title='bbox 746 2111 938 2187; x_wconf 86' lang='lat' dir='ltr'><em>nequiverint.</em></span> <span class='ocrx_word' id='word_1_123' title='bbox 976 2110 1040 2181; x_wconf 82' lang='lat' dir='ltr'><em>Quo</em></span> <span class='ocrx_word' id='word_1_124' title='bbox 1056 2111 1205 2188; x_wconf 81' lang='lat' dir='ltr'><em>respicere</em></span> <span class='ocrx_word' id='word_1_125' title='bbox 1220 2110 1338 2170; x_wconf 91' lang='lat' dir='ltr'><em>tandem</em></span> <span class='ocrx_word' id='word_1_126' title='bbox 1354 2109 1487 2170; x_wconf 82' lang='lat' dir='ltr'><em>Christus</em></span> <span class='ocrx_word' id='word_1_127' title='bbox 1502 2111 1632 2181; x_wconf 89' lang='lat' dir='ltr'><em>videtur,</em></span> <span class='ocrx_word' id='word_1_128' title='bbox 1656 2113 1728 2170; x_wconf 86' lang='lat' dir='ltr'><em>ianr·</em></span> <span class='ocrx_word' id='word_1_129' title='bbox 1815 2125 1817 2129; x_wconf 82' lang='lat'>&#39;</span> 
     </span>
     <span class='ocr_line' id='line_1_14' title="bbox 436 2211 1777 2292; baseline -0.001 -18"><span class='ocrx_word' id='word_1_130' title='bbox 436 2231 493 2292; x_wconf 89' lang='lat' dir='ltr'><em>que</em></span> <span class='ocrx_word' id='word_1_131' title='bbox 516 2215 613 2272; x_wconf 86' lang='lat' dir='ltr'><em>statim</em></span> <span class='ocrx_word' id='word_1_132' title='bbox 637 2212 711 2270; x_wconf 87' lang='lat' dir='ltr'><em>torte</em></span> <span class='ocrx_word' id='word_1_133' title='bbox 734 2211 897 2271; x_wconf 87' lang='lat' dir='ltr'><em>secundum</em></span> <span class='ocrx_word' id='word_1_134' title='bbox 920 2213 995 2270; x_wconf 81' lang='lat' dir='ltr'><em>riam</em></span> <span class='ocrx_word' id='word_1_135' title='bbox 1021 2219 1145 2271; x_wconf 79' lang='lat' dir='ltr'><em>vestram</em></span> <span class='ocrx_word' id='word_1_136' title='bbox 1169 2212 1256 2271; x_wconf 87' lang='lat' dir='ltr'><em>lactet</em></span> <span class='ocrx_word' id='word_1_137' title='bbox 1278 2211 1373 2277; x_wconf 81' lang='lat' dir='ltr'><em>robis,</em></span> <span class='ocrx_word' id='word_1_138' title='bbox 1398 2219 1427 2271; x_wconf 91' lang='lat' dir='ltr'><em>et</em></span> <span class='ocrx_word' id='word_1_139' title='bbox 1441 2213 1604 2272; x_wconf 86' lang='lat' dir='ltr'><em>secundum</em></span> <span class='ocrx_word' id='word_1_140' title='bbox 1619 2213 1727 2273; x_wconf 88' lang='lat' dir='ltr'><em>iudicia</em></span> <span class='ocrx_word' id='word_1_141' title='bbox 1774 2234 1777 2241; x_wconf 92' lang='lat'><em>·</em></span> 
     </span>
     <span class='ocr_line' id='line_1_15' title="bbox 438 2309 1729 2390; baseline 0.001 -18"><span class='ocrx_word' id='word_1_142' title='bbox 438 2322 532 2374; x_wconf 79' lang='lat' dir='ltr'><em>vestra</em></span> <span class='ocrx_word' id='word_1_143' title='bbox 555 2312 697 2373; x_wconf 86' lang='lat' dir='ltr'><em>iudicabit</em></span> <span class='ocrx_word' id='word_1_144' title='bbox 720 2331 778 2372; x_wconf 78' lang='lat' dir='ltr'><em>ros</em></span> <span class='ocrx_word' id='word_1_145' title='bbox 845 2309 956 2381; x_wconf 69' lang='grc' dir='ltr'><em>ι’(ὶιιειιιι</em></span> <span class='ocrx_word' id='word_1_146' title='bbox 980 2312 1068 2373; x_wconf 86' lang='lat' dir='ltr'><em>rntdta</em></span> <span class='ocrx_word' id='word_1_147' title='bbox 1087 2313 1133 2372; x_wconf 90' lang='lat' dir='ltr'><em>hic</em></span> <span class='ocrx_word' id='word_1_148' title='bbox 1148 2313 1270 2372; x_wconf 89' lang='lat' dir='ltr'><em>dicenda</em></span> <span class='ocrx_word' id='word_1_149' title='bbox 1287 2314 1397 2372; x_wconf 83' lang='lat' dir='ltr'><em>esseut!</em></span> <span class='ocrx_word' id='word_1_150' title='bbox 1420 2313 1472 2373; x_wconf 89' lang='lat' dir='ltr'><em>sed</em></span> <span class='ocrx_word' id='word_1_151' title='bbox 1488 2313 1670 2390; x_wconf 87' lang='lat' dir='ltr'><em>parcendum</em></span> <span class='ocrx_word' id='word_1_152' title='bbox 1694 2315 1729 2374; x_wconf 88' lang='lat' dir='ltr'><em>iis</em></span> 
     </span>
     <span class='ocr_line' id='line_1_16' title="bbox 437 2412 1763 2493; baseline -0.001 -19"><span class='ocrx_word' id='word_1_153' title='bbox 437 2418 486 2493; x_wconf 79' lang='lat' dir='ltr'><em>qui</em></span> <span class='ocrx_word' id='word_1_154' title='bbox 502 2415 626 2493; x_wconf 86' lang='lat' dir='ltr'><em>posteris</em></span> <span class='ocrx_word' id='word_1_155' title='bbox 649 2416 703 2491; x_wconf 92' lang='lat' dir='ltr'><em>ipsi</em></span> <span class='ocrx_word' id='word_1_156' title='bbox 718 2416 778 2474; x_wconf 91' lang='lat' dir='ltr'><em>suis</em></span> <span class='ocrx_word' id='word_1_157' title='bbox 793 2431 852 2473; x_wconf 91' lang='lat' dir='ltr'><em>nou</em></span> <span class='ocrx_word' id='word_1_158' title='bbox 869 2421 1077 2492; x_wconf 78' lang='lat' dir='ltr'><em>pepercerunt.</em></span> <span class='ocrx_word' id='word_1_159' title='bbox 1114 2414 1165 2473; x_wconf 86' lang='lat' dir='ltr'><em>bic</em></span> <span class='ocrx_word' id='word_1_160' title='bbox 1180 2414 1250 2473; x_wconf 89' lang='lat' dir='ltr'><em>mihi</em></span> <span class='ocrx_word' id='word_1_161' title='bbox 1265 2421 1373 2482; x_wconf 82' lang='lat' dir='ltr'><em>autern,</em></span> <span class='ocrx_word' id='word_1_162' title='bbox 1389 2432 1476 2491; x_wconf 82' lang='lat' dir='ltr'><em>quarn</em></span> <span class='ocrx_word' id='word_1_163' title='bbox 1494 2433 1579 2474; x_wconf 83' lang='lat' dir='ltr'><em>vocas</em></span> <span class='ocrx_word' id='word_1_164' title='bbox 1594 2412 1727 2474; x_wconf 78' lang='lat' dir='ltr'><em>ecclesiae</em></span> <span class='ocrx_word' id='word_1_165' title='bbox 1739 2425 1763 2464; x_wconf 78' lang='lat'><em>¹⁵</em></span> 
     </span>
     <span class='ocr_line' id='line_1_17' title="bbox 436 2514 1729 2593; baseline -0.001 -16"><span class='ocrx_word' id='word_1_166' title='bbox 436 2517 618 2577; x_wconf 81' lang='lat' dir='ltr'><em>libertatem?</em></span> <span class='ocrx_word' id='word_1_167' title='bbox 647 2523 675 2574; x_wconf 89' lang='lat' dir='ltr'><em>et</em></span> <span class='ocrx_word' id='word_1_168' title='bbox 697 2534 754 2593; x_wconf 85' lang='lat' dir='ltr'><em>qua</em></span> <span class='ocrx_word' id='word_1_169' title='bbox 777 2514 816 2575; x_wconf 88' lang='lat' dir='ltr'><em>illi</em></span> <span class='ocrx_word' id='word_1_170' title='bbox 846 2533 920 2593; x_wconf 90' lang='lat' dir='ltr'><em>opus</em></span> <span class='ocrx_word' id='word_1_171' title='bbox 951 2520 1011 2574; x_wconf 78' lang='lat' dir='ltr'><em>est‘t</em></span> <span class='ocrx_word' id='word_1_172' title='bbox 1039 2514 1195 2574; x_wconf 88' lang='lat' dir='ltr'><em>licentiane</em></span> <span class='ocrx_word' id='word_1_173' title='bbox 1223 2515 1395 2591; x_wconf 85' lang='lat' dir='ltr'><em>diripiendi,</em></span> <span class='ocrx_word' id='word_1_174' title='bbox 1423 2515 1594 2584; x_wconf 76' lang='lat' dir='ltr'><em>fraudandi,</em></span> <span class='ocrx_word' id='word_1_175' title='bbox 1624 2533 1729 2577; x_wconf 87' lang='lat' dir='ltr'><em>omnes</em></span> 
     </span>
     <span class='ocr_line' id='line_1_18' title="bbox 436 2614 1729 2691; baseline 0 -13"><span class='ocrx_word' id='word_1_176' title='bbox 436 2620 556 2688; x_wconf 86' lang='lat' dir='ltr'><em>iniuria,</em></span> <span class='ocrx_word' id='word_1_177' title='bbox 579 2617 722 2677; x_wconf 84' lang='lat' dir='ltr'><em>beneficio</em></span> <span class='ocrx_word' id='word_1_178' title='bbox 745 2617 893 2676; x_wconf 89' lang='lat' dir='ltr'><em>neminem</em></span> <span class='ocrx_word' id='word_1_179' title='bbox 923 2615 1087 2676; x_wconf 71' lang='lat' dir='ltr'><em>alliciendi?</em></span> <span class='ocrx_word' id='word_1_180' title='bbox 1151 2617 1233 2676; x_wconf 70' lang='lat' dir='ltr'><em>‘Non</em></span> <span class='ocrx_word' id='word_1_181' title='bbox 1258 2614 1448 2691; x_wconf 79' lang='lat' dir='ltr'><em>degenerabit</em></span> <span class='ocrx_word' id='word_1_182' title='bbox 1469 2635 1485 2675; x_wconf 90' lang='lat' dir='ltr'><em>a</em></span> <span class='ocrx_word' id='word_1_183' title='bbox 1508 2618 1614 2678; x_wconf 76' lang='lat' dir='ltr'><em>virtute</em></span> <span class='ocrx_word' id='word_1_184' title='bbox 1636 2618 1729 2678; x_wconf 87' lang='lat' dir='ltr'><em>maio·</em></span> 
     </span>
     <span class='ocr_line' id='line_1_19' title="bbox 436 2717 1727 2797; baseline 0.002 -19"><span class='ocrx_word' id='word_1_185' title='bbox 436 2737 503 2780; x_wconf 87' lang='lat' dir='ltr'><em>rum</em></span> <span class='ocrx_word' id='word_1_186' title='bbox 532 2736 653 2778; x_wconf 85' lang='lat' dir='ltr'><em>suorum</em></span> <span class='ocrx_word' id='word_1_187' title='bbox 678 2719 848 2787; x_wconf 72' lang='lat' dir='ltr'><em>(immania,</em></span> <span class='ocrx_word' id='word_1_188' title='bbox 878 2736 914 2777; x_wconf 89' lang='lat' dir='ltr'><em>ne</em></span> <span class='ocrx_word' id='word_1_189' title='bbox 937 2721 1019 2785; x_wconf 88' lang='lat' dir='ltr'><em>time;</em></span> <span class='ocrx_word' id='word_1_190' title='bbox 1049 2717 1183 2795; x_wconf 77' lang='lat' dir='ltr'><em>quedam</em></span> <span class='ocrx_word' id='word_1_191' title='bbox 1205 2719 1292 2777; x_wconf 88' lang='lat' dir='ltr'><em>etiam</em></span> <span class='ocrx_word' id='word_1_192' title='bbox 1316 2717 1484 2777; x_wconf 80' lang='lat' dir='ltr'><em>emendabit</em></span> <span class='ocrx_word' id='word_1_193' title='bbox 1507 2737 1665 2797; x_wconf 84' lang='lat' dir='ltr'><em>perperam</em></span> <span class='ocrx_word' id='word_1_194' title='bbox 1689 2719 1727 2780; x_wconf 86' lang='lat' dir='ltr'><em>ab</em></span> 
     </span>
     <span class='ocr_line' id='line_1_20' title="bbox 435 2816 1728 2897; baseline 0.002 -18"><span class='ocrx_word' id='word_1_195' title='bbox 435 2818 492 2880; x_wconf 89' lang='lat' dir='ltr'><em>illis</em></span> <span class='ocrx_word' id='word_1_196' title='bbox 514 2821 653 2878; x_wconf 90' lang='lat' dir='ltr'><em>instituta.</em></span> <span class='ocrx_word' id='word_1_197' title='bbox 729 2816 834 2897; x_wconf 65' lang='lat' dir='ltr'><em>“Atqui</em></span> <span class='ocrx_word' id='word_1_198' title='bbox 864 2837 924 2878; x_wconf 86' lang='lat' dir='ltr'><em>nort</em></span> <span class='ocrx_word' id='word_1_199' title='bbox 952 2836 1016 2879; x_wconf 89' lang='lat' dir='ltr'><em>esse</em></span> <span class='ocrx_word' id='word_1_200' title='bbox 1037 2830 1108 2878; x_wconf 81' lang='lat' dir='ltr'><em>reor</em></span> <span class='ocrx_word' id='word_1_201' title='bbox 1130 2821 1159 2877; x_wconf 90' lang='lat' dir='ltr'><em>in</em></span> <span class='ocrx_word' id='word_1_202' title='bbox 1182 2818 1338 2879; x_wconf 85' lang='lat' dir='ltr'><em>Germania</em></span> <span class='ocrx_word' id='word_1_203' title='bbox 1361 2819 1516 2879; x_wconf 78' lang='lat' dir='ltr'><em>hereticos</em></span> <span class='ocrx_word' id='word_1_204' title='bbox 1538 2819 1641 2887; x_wconf 87' lang='lat' dir='ltr'><em>bodie,</em></span> <span class='ocrx_word' id='word_1_205' title='bbox 1671 2822 1728 2881; x_wconf 88' lang='lat' dir='ltr'><em>uisi</em></span> 
     </span>
     <span class='ocr_line' id='line_1_21' title="bbox 435 2917 1762 3000; baseline -0.005 -19"><span class='ocrx_word' id='word_1_206' title='bbox 435 2939 510 3000; x_wconf 90' lang='lat' dir='ltr'><em>quos</em></span> <span class='ocrx_word' id='word_1_207' title='bbox 531 2929 562 2980; x_wconf 93' lang='lat' dir='ltr'><em>tu</em></span> <span class='ocrx_word' id='word_1_208' title='bbox 585 2919 636 2979; x_wconf 86' lang='lat' dir='ltr'><em>alis</em></span> <span class='ocrx_word' id='word_1_209' title='bbox 659 2920 688 2979; x_wconf 90' lang='lat' dir='ltr'><em>in</em></span> <span class='ocrx_word' id='word_1_210' title='bbox 711 2938 898 2980; x_wconf 86' lang='lat' dir='ltr'><em>communem</em></span> <span class='ocrx_word' id='word_1_211' title='bbox 920 2921 1094 2998; x_wconf 87' lang='lat' dir='ltr'><em>perniciem.</em></span> <span class='ocrx_word' id='word_1_212' title='bbox 1161 2919 1254 2980; x_wconf 78' lang='lat' dir='ltr'><em>‘Satis</em></span> <span class='ocrx_word' id='word_1_213' title='bbox 1282 2921 1435 2996; x_wconf 83' lang='lat' dir='ltr'><em>gratificati</em></span> <span class='ocrx_word' id='word_1_214' title='bbox 1462 2919 1514 2979; x_wconf 90' lang='lat' dir='ltr'><em>tibi</em></span> <span class='ocrx_word' id='word_1_215' title='bbox 1541 2929 1638 2981; x_wconf 74' lang='lat' dir='ltr'><em>scirit.v</em></span> <span class='ocrx_word' id='word_1_216' title='bbox 1686 2917 1762 2982; x_wconf 73' lang='lat' dir='ltr'><em>‘An</em></span> 
     </span>
     <span class='ocr_line' id='line_1_22' title="bbox 436 3020 1728 3099; baseline -0.001 -16"><span class='ocrx_word' id='word_1_217' title='bbox 436 3021 518 3083; x_wconf 87' lang='lat' dir='ltr'><em>robis</em></span> <span class='ocrx_word' id='word_1_218' title='bbox 541 3022 708 3081; x_wconf 86' lang='lat' dir='ltr'><em>confirmari</em></span> <span class='ocrx_word' id='word_1_219' title='bbox 731 3029 861 3098; x_wconf 87' lang='lat' dir='ltr'><em>oportet,</em></span> <span class='ocrx_word' id='word_1_220' title='bbox 885 3022 909 3080; x_wconf 91' lang='lat' dir='ltr'><em>si</em></span> <span class='ocrx_word' id='word_1_221' title='bbox 932 3020 1000 3098; x_wconf 90' lang='lat' dir='ltr'><em>quid</em></span> <span class='ocrx_word' id='word_1_222' title='bbox 1023 3029 1152 3080; x_wconf 87' lang='lat' dir='ltr'><em>statuant</em></span> <span class='ocrx_word' id='word_1_223' title='bbox 1174 3023 1264 3081; x_wconf 88' lang='lat' dir='ltr'><em>nostri</em></span> <span class='ocrx_word' id='word_1_224' title='bbox 1291 3021 1509 3099; x_wconf 79' lang='lat' dir='ltr'><em>Imperatores?</em></span> <span class='ocrx_word' id='word_1_225' title='bbox 1537 3021 1562 3080; x_wconf 84' lang='lat' dir='ltr'><em>d</em></span> <span class='ocrx_word' id='word_1_226' title='bbox 1590 3023 1728 3098; x_wconf 82' lang='lat' dir='ltr'><em>indignos</em></span> 
     </span>
     <span class='ocr_line' id='line_1_23' title="bbox 434 3121 1727 3201; baseline 0.002 -18"><span class='ocrx_word' id='word_1_227' title='bbox 434 3124 493 3184; x_wconf 91' lang='lat' dir='ltr'><em>hoc</em></span> <span class='ocrx_word' id='word_1_228' title='bbox 515 3140 656 3188; x_wconf 87' lang='lat' dir='ltr'><em>munere,</em></span> <span class='ocrx_word' id='word_1_229' title='bbox 681 3125 731 3199; x_wconf 79' lang='lat' dir='ltr'><em>(pu</em></span> <span class='ocrx_word' id='word_1_230' title='bbox 754 3124 790 3182; x_wconf 88' lang='lat' dir='ltr'><em>ad</em></span> <span class='ocrx_word' id='word_1_231' title='bbox 814 3123 938 3183; x_wconf 88' lang='lat' dir='ltr'><em>aliorum</em></span> <span class='ocrx_word' id='word_1_232' title='bbox 962 3123 1131 3200; x_wconf 75' lang='lat' dir='ltr'><em>praescripta</em></span> <span class='ocrx_word' id='word_1_233' title='bbox 1155 3123 1313 3200; x_wconf 89' lang='lat' dir='ltr'><em>imperant!</em></span> <span class='ocrx_word' id='word_1_234' title='bbox 1378 3121 1459 3182; x_wconf 72' lang='lat' dir='ltr'><em>‘Nos</em></span> <span class='ocrx_word' id='word_1_235' title='bbox 1481 3122 1598 3201; x_wconf 88' lang='lat' dir='ltr'><em>quidem</em></span> <span class='ocrx_word' id='word_1_236' title='bbox 1622 3141 1727 3186; x_wconf 88' lang='lat' dir='ltr'><em>carere</em></span> 
     </span>
     <span class='ocr_line' id='line_1_24' title="bbox 434 3223 1729 3302; baseline -0.002 -16"><span class='ocrx_word' id='word_1_237' title='bbox 434 3226 633 3292; x_wconf 83' lang='lat' dir='ltr'><em>decrevimus,</em></span> <span class='ocrx_word' id='word_1_238' title='bbox 658 3241 781 3300; x_wconf 77' lang='lat' dir='ltr'><em>magno,</em></span> <span class='ocrx_word' id='word_1_239' title='bbox 804 3242 987 3302; x_wconf 76' lang='lat' dir='ltr'><em>quecunque</em></span> <span class='ocrx_word' id='word_1_240' title='bbox 1010 3225 1125 3283; x_wconf 83' lang='lat' dir='ltr'><em>fortuna</em></span> <span class='ocrx_word' id='word_1_241' title='bbox 1149 3226 1200 3291; x_wconf 85' lang='lat' dir='ltr'><em>sit,</em></span> <span class='ocrx_word' id='word_1_242' title='bbox 1229 3224 1326 3283; x_wconf 76' lang='lat' dir='ltr'><em>annito</em></span> <span class='ocrx_word' id='word_1_243' title='bbox 1348 3223 1514 3284; x_wconf 83' lang='lat' dir='ltr'><em>libertatem</em></span> <span class='ocrx_word' id='word_1_244' title='bbox 1536 3224 1673 3285; x_wconf 83' lang='lat' dir='ltr'><em>invasuri.</em></span> <span class='ocrx_word' id='word_1_245' title='bbox 1699 3233 1729 3286; x_wconf 89' lang='lat' dir='ltr'><em>et</em></span> 
     </span>
     <span class='ocr_line' id='line_1_25' title="bbox 433 3324 1728 3404; baseline 0.001 -17"><span class='ocrx_word' id='word_1_246' title='bbox 433 3329 490 3387; x_wconf 87' lang='lat' dir='ltr'><em>iam</em></span> <span class='ocrx_word' id='word_1_247' title='bbox 515 3343 572 3386; x_wconf 92' lang='lat' dir='ltr'><em>uon</em></span> <span class='ocrx_word' id='word_1_248' title='bbox 596 3329 732 3404; x_wconf 86' lang='lat' dir='ltr'><em>potestati</em></span> <span class='ocrx_word' id='word_1_249' title='bbox 755 3327 872 3404; x_wconf 80' lang='lat' dir='ltr'><em>quidem</em></span> <span class='ocrx_word' id='word_1_250' title='bbox 895 3334 967 3394; x_wconf 81' lang='lat' dir='ltr'><em>tuae,</em></span> <span class='ocrx_word' id='word_1_251' title='bbox 990 3324 1041 3397; x_wconf 82' lang='lat' dir='ltr'><em>sed</em></span> <span class='ocrx_word' id='word_1_252' title='bbox 1064 3324 1242 3401; x_wconf 87' lang='lat' dir='ltr'><em>improbitati</em></span> <span class='ocrx_word' id='word_1_253' title='bbox 1264 3328 1436 3389; x_wconf 83' lang='lat' dir='ltr'><em>resistimus.</em></span> <span class='ocrx_word' id='word_1_254' title='bbox 1481 3325 1541 3393; x_wconf 85' lang='lat' dir='ltr'><em>Tu,</em></span> <span class='ocrx_word' id='word_1_255' title='bbox 1565 3327 1589 3385; x_wconf 88' lang='lat' dir='ltr'><em>si</em></span> <span class='ocrx_word' id='word_1_256' title='bbox 1604 3328 1728 3389; x_wconf 89' lang='lat' dir='ltr'><em>nimium</em></span> 
     </span>
     <span class='ocr_line' id='line_1_26' title="bbox 434 3426 1764 3504; baseline 0.002 -17"><span class='ocrx_word' id='word_1_257' title='bbox 434 3427 569 3496; x_wconf 78' lang='lat' dir='ltr'><em>caribdis,</em></span> <span class='ocrx_word' id='word_1_258' title='bbox 593 3446 658 3487; x_wconf 89' lang='lat' dir='ltr'><em>csse</em></span> <span class='ocrx_word' id='word_1_259' title='bbox 681 3426 728 3486; x_wconf 90' lang='lat' dir='ltr'><em>hic</em></span> <span class='ocrx_word' id='word_1_260' title='bbox 751 3428 837 3488; x_wconf 89' lang='lat' dir='ltr'><em>etiam</em></span> <span class='ocrx_word' id='word_1_261' title='bbox 860 3426 963 3488; x_wconf 88' lang='lat' dir='ltr'><em>leones</em></span> <span class='ocrx_word' id='word_1_262' title='bbox 984 3427 1168 3495; x_wconf 89' lang='lat' dir='ltr'><em>memineris,</em></span> <span class='ocrx_word' id='word_1_263' title='bbox 1197 3427 1221 3485; x_wconf 91' lang='lat' dir='ltr'><em>si</em></span> <span class='ocrx_word' id='word_1_264' title='bbox 1243 3445 1303 3486; x_wconf 90' lang='lat' dir='ltr'><em>non</em></span> <span class='ocrx_word' id='word_1_265' title='bbox 1326 3429 1397 3488; x_wconf 81' lang='lat' dir='ltr'><em>satis</em></span> <span class='ocrx_word' id='word_1_266' title='bbox 1416 3434 1485 3487; x_wconf 89' lang='lat' dir='ltr'><em>suut</em></span> <span class='ocrx_word' id='word_1_267' title='bbox 1506 3427 1619 3504; x_wconf 79' lang='lat' dir='ltr'><em>aquile.</em></span> <span class='ocrx_word' id='word_1_268' title='bbox 1679 3426 1764 3489; x_wconf 69' lang='lat'>‘²02³</span> 
     </span>
     <span class='ocr_line' id='line_1_27' title="bbox 436 3525 1726 3607; baseline 0.001 -18"><span class='ocrx_word' id='word_1_269' title='bbox 436 3528 611 3606; x_wconf 75' lang='lat' dir='ltr'><em>praclarum</em></span> <span class='ocrx_word' id='word_1_270' title='bbox 635 3528 810 3595; x_wconf 87' lang='lat' dir='ltr'><em>concilium,</em></span> <span class='ocrx_word' id='word_1_271' title='bbox 838 3528 916 3606; x_wconf 77' lang='lat' dir='ltr'><em>quod</em></span> <span class='ocrx_word' id='word_1_272' title='bbox 939 3526 1017 3587; x_wconf 82' lang='lat' dir='ltr'><em>nuth</em></span> <span class='ocrx_word' id='word_1_273' title='bbox 1040 3525 1156 3606; x_wconf 84' lang='lat' dir='ltr'><em>publica</em></span> <span class='ocrx_word' id='word_1_274' title='bbox 1186 3527 1228 3604; x_wconf 89' lang='lat' dir='ltr'><em>(ut</em></span> <span class='ocrx_word' id='word_1_275' title='bbox 1250 3527 1359 3607; x_wconf 86' lang='lat' dir='ltr'><em>debuit)</em></span> <span class='ocrx_word' id='word_1_276' title='bbox 1388 3527 1521 3600; x_wconf 89' lang='lat' dir='ltr'><em>libertas,</em></span> <span class='ocrx_word' id='word_1_277' title='bbox 1550 3530 1601 3588; x_wconf 87' lang='lat' dir='ltr'><em>sed</em></span> <span class='ocrx_word' id='word_1_278' title='bbox 1630 3537 1726 3590; x_wconf 78' lang='lat' dir='ltr'><em>vestra</em></span> 
     </span>
     <span class='ocr_line' id='line_1_28' title="bbox 435 3628 1725 3709; baseline 0.002 -19"><span class='ocrx_word' id='word_1_279' title='bbox 435 3630 522 3708; x_wconf 87' lang='lat' dir='ltr'><em>(quod</em></span> <span class='ocrx_word' id='word_1_280' title='bbox 547 3630 717 3707; x_wconf 89' lang='lat' dir='ltr'><em>pudendum</em></span> <span class='ocrx_word' id='word_1_281' title='bbox 740 3633 793 3705; x_wconf 85' lang='lat' dir='ltr'><em>est)</em></span> <span class='ocrx_word' id='word_1_282' title='bbox 823 3632 952 3709; x_wconf 78' lang='lat' dir='ltr'><em>tparrnis</em></span> <span class='ocrx_word' id='word_1_283' title='bbox 975 3628 1199 3698; x_wconf 87' lang='lat' dir='ltr'><em>moderabatur,</em></span> <span class='ocrx_word' id='word_1_284' title='bbox 1229 3638 1261 3689; x_wconf 90' lang='lat' dir='ltr'><em>ut</em></span> <span class='ocrx_word' id='word_1_285' title='bbox 1288 3647 1367 3689; x_wconf 92' lang='lat' dir='ltr'><em>nunc</em></span> <span class='ocrx_word' id='word_1_286' title='bbox 1396 3629 1497 3690; x_wconf 78' lang='lat' dir='ltr'><em>Romae</em></span> <span class='ocrx_word' id='word_1_287' title='bbox 1525 3633 1625 3691; x_wconf 85' lang='lat' dir='ltr'><em>nescio</em></span> <span class='ocrx_word' id='word_1_288' title='bbox 1654 3633 1725 3709; x_wconf 85' lang='lat' dir='ltr'><em>quid</em></span> 
     </span>
     <span class='ocr_line' id='line_1_29' title="bbox 434 3730 1725 3810; baseline 0.002 -20"><span class='ocrx_word' id='word_1_289' title='bbox 434 3730 618 3791; x_wconf 81' lang='lat' dir='ltr'><em>cmuciliabuli</em></span> <span class='ocrx_word' id='word_1_290' title='bbox 641 3731 748 3798; x_wconf 86' lang='lat' dir='ltr'><em>habes,</em></span> <span class='ocrx_word' id='word_1_291' title='bbox 772 3733 802 3790; x_wconf 91' lang='lat' dir='ltr'><em>in</em></span> <span class='ocrx_word' id='word_1_292' title='bbox 826 3751 884 3809; x_wconf 77' lang='lat' dir='ltr'><em>ipro</em></span> <span class='ocrx_word' id='word_1_293' title='bbox 908 3748 1003 3809; x_wconf 89' lang='lat' dir='ltr'><em>nuper</em></span> <span class='ocrx_word' id='word_1_294' title='bbox 1025 3737 1191 3790; x_wconf 87' lang='lat' dir='ltr'><em>statuerunt</em></span> <span class='ocrx_word' id='word_1_295' title='bbox 1211 3730 1329 3791; x_wconf 88' lang='lat' dir='ltr'><em>taudem</em></span> <span class='ocrx_word' id='word_1_296' title='bbox 1352 3732 1487 3810; x_wconf 81' lang='lat' dir='ltr'><em>Copiistae</em></span> <span class='ocrx_word' id='word_1_297' title='bbox 1509 3734 1565 3800; x_wconf 88' lang='lat' dir='ltr'><em>tui,</em></span> <span class='ocrx_word' id='word_1_298' title='bbox 1596 3733 1725 3793; x_wconf 80' lang='lat' dir='ltr'><em>arhusam</em></span> 
     </span>
     <span class='ocr_line' id='line_1_30' title="bbox 434 3825 1726 3911; baseline 0.002 -19"><span class='ocrx_word' id='word_1_299' title='bbox 434 3850 497 3892; x_wconf 87' lang='lat' dir='ltr'><em>esse</em></span> <span class='ocrx_word' id='word_1_300' title='bbox 520 3825 724 3894; x_wconf 84' lang='lat' dir='ltr'><em>inrmcrtalenr.</em></span> <span class='ocrx_word' id='word_1_301' title='bbox 791 3833 898 3894; x_wconf 81' lang='lat' dir='ltr'><em>&#39;Cuius</em></span> <span class='ocrx_word' id='word_1_302' title='bbox 921 3835 963 3894; x_wconf 89' lang='lat' dir='ltr'><em>rei</em></span> <span class='ocrx_word' id='word_1_303' title='bbox 985 3832 1125 3892; x_wconf 83' lang='lat' dir='ltr'><em>authores</em></span> <span class='ocrx_word' id='word_1_304' title='bbox 1143 3832 1264 3892; x_wconf 77' lang='lat' dir='ltr'><em>tuterunt</em></span> <span class='ocrx_word' id='word_1_305' title='bbox 1279 3834 1457 3911; x_wconf 82' lang='lat' dir='ltr'><em>sarrguinarii</em></span> <span class='ocrx_word' id='word_1_306' title='bbox 1473 3833 1613 3894; x_wconf 73' lang='lat' dir='ltr'><em>Romanas</em></span> <span class='ocrx_word' id='word_1_307' title='bbox 1628 3833 1726 3896; x_wconf 89' lang='lat' dir='ltr'><em>eccle·</em></span> 
     </span>
    </p>
   </div>
   <div class='ocr_carea' id='block_1_4' title="bbox 436 3985 633 3995">
    <p class='ocr_par' dir='ltr' id='par_1_5' title="bbox 436 3985 633 3995">
     <span class='ocr_line' id='line_1_31' title="bbox 436 3985 633 3995; baseline -0.005 0"><span class='ocrx_word' id='word_1_308' title='bbox 436 3985 633 3995; x_wconf 73' lang='lat'><em>-—..—..-—-</em></span> 
     </span>
    </p>
   </div>
   <div class='ocr_carea' id='block_1_5' title="bbox 353 4067 1726 5054">
    <p class='ocr_par' dir='ltr' id='par_1_6' title="bbox 353 4067 1726 5054">
     <span class='ocr_line' id='line_1_32' title="bbox 500 4067 1724 4135; baseline 0.005 -17"><span class='ocrx_word' id='word_1_309' title='bbox 500 4068 511 4100; x_wconf 76' lang='lat'>²</span> <span class='ocrx_word' id='word_1_310' title='bbox 529 4069 684 4119; x_wconf 71' lang='lat' dir='ltr'><em>insedabiles</em></span> <span class='ocrx_word' id='word_1_311' title='bbox 701 4067 762 4135; x_wconf 76' lang='lat' dir='ltr'><em>ete]</em></span> <span class='ocrx_word' id='word_1_312' title='bbox 784 4075 814 4120; x_wconf 89' lang='lat' dir='ltr'><em>ut</em></span> <span class='ocrx_word' id='word_1_313' title='bbox 832 4070 999 4120; x_wconf 77' lang='lat' dir='ltr'><em>concordata</em></span> <span class='ocrx_word' id='word_1_314' title='bbox 1011 4069 1291 4133; x_wconf 78' lang='lat' dir='ltr'><em>Aseuphaburgensie</em></span> <span class='ocrx_word' id='word_1_315' title='bbox 1310 4076 1338 4119; x_wconf 89' lang='lat' dir='ltr'><em>et</em></span> <span class='ocrx_word' id='word_1_316' title='bbox 1360 4069 1404 4119; x_wconf 86' lang='lat' dir='ltr'><em>bis</em></span> <span class='ocrx_word' id='word_1_317' title='bbox 1422 4073 1583 4122; x_wconf 83' lang='lat' dir='ltr'><em>recentiora.</em></span> <span class='ocrx_word' id='word_1_318' title='bbox 1641 4070 1663 4104; x_wconf 82' lang='lat'><em>¹⁸</em></span> <span class='ocrx_word' id='word_1_319' title='bbox 1681 4089 1724 4124; x_wconf 83' lang='lat' dir='ltr'><em>se·</em></span> 
     </span>
     <span class='ocr_line' id='line_1_33' title="bbox 433 4150 1724 4220; baseline 0.004 -16"><span class='ocrx_word' id='word_1_320' title='bbox 433 4152 561 4220; x_wconf 75' lang='lat' dir='ltr'><em>cunctum]</em></span> <span class='ocrx_word' id='word_1_321' title='bbox 582 4154 710 4205; x_wconf 82' lang='lat' dir='ltr'><em>Ezechiel</em></span> <span class='ocrx_word' id='word_1_322' title='bbox 725 4155 834 4204; x_wconf 56' lang='lat' dir='ltr'><em>vileir.</em></span> <span class='ocrx_word' id='word_1_323' title='bbox 854 4155 891 4204; x_wconf 88' lang='lat' dir='ltr'><em>ct.</em></span> <span class='ocrx_word' id='word_1_324' title='bbox 906 4154 1006 4204; x_wconf 78' lang='lat' dir='ltr'><em>Genea.</em></span> <span class='ocrx_word' id='word_1_325' title='bbox 1017 4152 1180 4214; x_wconf 25' lang='lat' dir='ltr'><em>xvl11.19.,</em></span> <span class='ocrx_word' id='word_1_326' title='bbox 1209 4150 1231 4182; x_wconf 76' lang='lat'><em>²⁶</em></span> <span class='ocrx_word' id='word_1_327' title='bbox 1250 4153 1294 4203; x_wconf 77' lang='lat' dir='ltr'><em>Cf.</em></span> <span class='ocrx_word' id='word_1_328' title='bbox 1308 4155 1442 4206; x_wconf 87' lang='lat' dir='ltr'><em>Habacnc</em></span> <span class='ocrx_word' id='word_1_329' title='bbox 1457 4156 1492 4207; x_wconf 90' lang='lat'><em>11.</em></span> <span class='ocrx_word' id='word_1_330' title='bbox 1504 4156 1542 4205; x_wconf 82' lang='lat' dir='ltr'><em>rt.</em></span> <span class='ocrx_word' id='word_1_331' title='bbox 1588 4155 1611 4189; x_wconf 85' lang='lat'><em>¹⁸</em></span> <span class='ocrx_word' id='word_1_332' title='bbox 1629 4161 1724 4208; x_wconf 89' lang='lat' dir='ltr'><em>conci-</em></span> 
     </span>
     <span class='ocr_line' id='line_1_34' title="bbox 432 4236 1724 4307; baseline 0.005 -20"><span class='ocrx_word' id='word_1_333' title='bbox 432 4236 572 4304; x_wconf 87' lang='lat' dir='ltr'><em>liabulum]</em></span> <span class='ocrx_word' id='word_1_334' title='bbox 592 4241 781 4289; x_wconf 82' lang='lat' dir='ltr'><em>Lateranense</em></span> <span class='ocrx_word' id='word_1_335' title='bbox 801 4241 932 4304; x_wconf 87' lang='lat' dir='ltr'><em>quintum.</em></span> <span class='ocrx_word' id='word_1_336' title='bbox 958 4240 993 4287; x_wconf 83' lang='lat' dir='ltr'><em>ci.</em></span> <span class='ocrx_word' id='word_1_337' title='bbox 1009 4254 1092 4302; x_wconf 73' lang='lat' dir='ltr'><em>arnna</em></span> <span class='ocrx_word' id='word_1_338' title='bbox 1110 4236 1393 4304; x_wconf 76' lang='lat' dir='ltr'><em>§.3.ldxl10rtationis</em></span> <span class='ocrx_word' id='word_1_339' title='bbox 1412 4257 1445 4290; x_wconf 90' lang='lat' dir='ltr'><em>ne</em></span> <span class='ocrx_word' id='word_1_340' title='bbox 1464 4241 1492 4289; x_wconf 89' lang='lat' dir='ltr'><em>in</em></span> <span class='ocrx_word' id='word_1_341' title='bbox 1511 4242 1608 4294; x_wconf 82' lang='lat' dir='ltr'><em>decim.</em></span> <span class='ocrx_word' id='word_1_342' title='bbox 1628 4249 1724 4307; x_wconf 72' lang='lat' dir='ltr'><em>praest</em></span> 
     </span>
     <span class='ocr_line' id='line_1_35' title="bbox 433 4320 1726 4390; baseline 0.005 -19"><span class='ocrx_word' id='word_1_343' title='bbox 433 4328 556 4372; x_wconf 87' lang='lat' dir='ltr'><em>consent.</em></span> <span class='ocrx_word' id='word_1_344' title='bbox 592 4320 647 4354; x_wconf 62' lang='grc' dir='ltr'><em>Μ</em></span> <span class='ocrx_word' id='word_1_345' title='bbox 666 4325 786 4372; x_wconf 86' lang='lat' dir='ltr'><em>unimam</em></span> <span class='ocrx_word' id='word_1_346' title='bbox 805 4339 865 4372; x_wconf 86' lang='lat' dir='ltr'><em>esse</em></span> <span class='ocrx_word' id='word_1_347' title='bbox 886 4320 969 4386; x_wconf 66' lang='lat' dir='ltr'><em>harre]</em></span> <span class='ocrx_word' id='word_1_348' title='bbox 990 4324 1020 4371; x_wconf 90' lang='lat' dir='ltr'><em>In</em></span> <span class='ocrx_word' id='word_1_349' title='bbox 1040 4338 1107 4371; x_wconf 88' lang='lat' dir='ltr'><em>sess.</em></span> <span class='ocrx_word' id='word_1_350' title='bbox 1123 4323 1194 4370; x_wconf 81' lang='lat' dir='ltr'><em>l&#39;lll.</em></span> <span class='ocrx_word' id='word_1_351' title='bbox 1209 4322 1321 4372; x_wconf 88' lang='lat' dir='ltr'><em>concilii</em></span> <span class='ocrx_word' id='word_1_352' title='bbox 1334 4325 1465 4373; x_wconf 88' lang='lat' dir='ltr'><em>Lateran.</em></span> <span class='ocrx_word' id='word_1_353' title='bbox 1479 4326 1509 4374; x_wconf 85' lang='lat' dir='ltr'><em>V.</em></span> <span class='ocrx_word' id='word_1_354' title='bbox 1528 4326 1661 4390; x_wconf 75' lang='lat' dir='ltr'><em>praelecta</em></span> <span class='ocrx_word' id='word_1_355' title='bbox 1681 4334 1726 4377; x_wconf 85' lang='lat' dir='ltr'><em>est</em></span> 
     </span>
     <span class='ocr_line' id='line_1_36' title="bbox 432 4406 1724 4476; baseline 0.005 -20"><span class='ocrx_word' id='word_1_356' title='bbox 432 4408 534 4457; x_wconf 86' lang='lat' dir='ltr'><em>Leonis</em></span> <span class='ocrx_word' id='word_1_357' title='bbox 552 4408 585 4460; x_wconf 83' lang='lat' dir='ltr'><em>X.</em></span> <span class='ocrx_word' id='word_1_358' title='bbox 605 4409 736 4457; x_wconf 84' lang='lat' dir='ltr'><em>schedula</em></span> <span class='ocrx_word' id='word_1_359' title='bbox 755 4409 810 4457; x_wconf 84' lang='lat' dir='ltr'><em>dat.</em></span> <span class='ocrx_word' id='word_1_360' title='bbox 834 4407 1015 4457; x_wconf 75' lang='lat' dir='ltr'><em>ld.kal.1nu.</em></span> <span class='ocrx_word' id='word_1_361' title='bbox 1035 4423 1060 4455; x_wconf 91' lang='lat' dir='ltr'><em>a.</em></span> <span class='ocrx_word' id='word_1_362' title='bbox 1078 4406 1150 4456; x_wconf 83' lang='lat'>1513.</span> <span class='ocrx_word' id='word_1_363' title='bbox 1176 4414 1204 4456; x_wconf 87' lang='lat' dir='ltr'><em>et</em></span> <span class='ocrx_word' id='word_1_364' title='bbox 1222 4408 1257 4456; x_wconf 87' lang='lat' dir='ltr'><em>ab</em></span> <span class='ocrx_word' id='word_1_365' title='bbox 1277 4409 1402 4457; x_wconf 81' lang='lat' dir='ltr'><em>omnibus</em></span> <span class='ocrx_word' id='word_1_366' title='bbox 1425 4408 1537 4473; x_wconf 85' lang='lat' dir='ltr'><em>placere</em></span> <span class='ocrx_word' id='word_1_367' title='bbox 1561 4426 1724 4476; x_wconf 85' lang='lat' dir='ltr'><em>responsum</em></span> 
     </span>
     <span class='ocr_line' id='line_1_37' title="bbox 433 4491 1683 4557; baseline 0.003 -15"><span class='ocrx_word' id='word_1_368' title='bbox 433 4498 487 4553; x_wconf 83' lang='lat' dir='ltr'><em>eat,</em></span> <span class='ocrx_word' id='word_1_369' title='bbox 508 4493 536 4541; x_wconf 92' lang='lat' dir='ltr'><em>in</em></span> <span class='ocrx_word' id='word_1_370' title='bbox 555 4507 608 4556; x_wconf 89' lang='lat' dir='ltr'><em>qua</em></span> <span class='ocrx_word' id='word_1_371' title='bbox 626 4494 750 4557; x_wconf 81' lang='lat' dir='ltr'><em>pontifex</em></span> <span class='ocrx_word' id='word_1_372' title='bbox 770 4493 856 4553; x_wconf 82' lang='lat' dir='ltr'><em>„Cum</em></span> <span class='ocrx_word' id='word_1_373' title='bbox 876 4495 970 4557; x_wconf 81' lang='lat' dir='ltr'><em>itaque</em></span> <span class='ocrx_word' id='word_1_374' title='bbox 989 4491 1087 4541; x_wconf 87' lang='lat' dir='ltr'><em>diebus</em></span> <span class='ocrx_word' id='word_1_375' title='bbox 1104 4492 1221 4540; x_wconf 81' lang='lat' dir='ltr'><em>uostris”</em></span> <span class='ocrx_word' id='word_1_376' title='bbox 1245 4493 1348 4556; x_wconf 89' lang='lat' dir='ltr'><em>inquit,</em></span> <span class='ocrx_word' id='word_1_377' title='bbox 1372 4493 1507 4553; x_wconf 80' lang='lat' dir='ltr'><em>„zizanite</em></span> <span class='ocrx_word' id='word_1_378' title='bbox 1530 4497 1724 4549; x_wconf 85' lang='lat' dir='ltr'><em>seminator</em></span> 
     </span>
     <span class='ocr_line' id='line_1_38' title="bbox 431 4576 1723 4643; baseline 0.003 -16"><span class='ocrx_word' id='word_1_379' title='bbox 431 4576 577 4627; x_wconf 89' lang='lat' dir='ltr'><em>nonnullos</em></span> <span class='ocrx_word' id='word_1_380' title='bbox 594 4578 764 4642; x_wconf 87' lang='lat' dir='ltr'><em>perniciosos</em></span> <span class='ocrx_word' id='word_1_381' title='bbox 783 4593 888 4627; x_wconf 88' lang='lat' dir='ltr'><em>errores</em></span> <span class='ocrx_word' id='word_1_382' title='bbox 942 4579 971 4626; x_wconf 92' lang='lat' dir='ltr'><em>in</em></span> <span class='ocrx_word' id='word_1_383' title='bbox 994 4592 1061 4641; x_wconf 78' lang='lat' dir='ltr'><em>agro</em></span> <span class='ocrx_word' id='word_1_384' title='bbox 1084 4576 1187 4626; x_wconf 88' lang='lat' dir='ltr'><em>domini</em></span> <span class='ocrx_word' id='word_1_385' title='bbox 1210 4577 1429 4641; x_wconf 82' lang='lat' dir='ltr'><em>superseminare</em></span> <span class='ocrx_word' id='word_1_386' title='bbox 1453 4582 1481 4627; x_wconf 91' lang='lat' dir='ltr'><em>et</em></span> <span class='ocrx_word' id='word_1_387' title='bbox 1499 4594 1600 4643; x_wconf 79' lang='lat' dir='ltr'><em>augere</em></span> <span class='ocrx_word' id='word_1_388' title='bbox 1619 4582 1658 4630; x_wconf 87' lang='lat' dir='ltr'><em>sit</em></span> <span class='ocrx_word' id='word_1_389' title='bbox 1675 4597 1723 4631; x_wconf 75' lang='lat' dir='ltr'><em>au·</em></span> 
     </span>
     <span class='ocr_line' id='line_1_39' title="bbox 431 4656 1725 4726; baseline 0.004 -15"><span class='ocrx_word' id='word_1_390' title='bbox 431 4676 478 4711; x_wconf 86' lang='lat' dir='ltr'><em>sus</em></span> <span class='ocrx_word' id='word_1_391' title='bbox 496 4662 530 4710; x_wconf 88' lang='lat' dir='ltr'><em>de</em></span> <span class='ocrx_word' id='word_1_392' title='bbox 547 4668 647 4711; x_wconf 86' lang='lat' dir='ltr'><em>natura</em></span> <span class='ocrx_word' id='word_1_393' title='bbox 665 4663 818 4726; x_wconf 81' lang='lat' dir='ltr'><em>praesertim</em></span> <span class='ocrx_word' id='word_1_394' title='bbox 836 4656 935 4712; x_wconf 70' lang='lat' dir='ltr'><em>animae</em></span> <span class='ocrx_word' id='word_1_395' title='bbox 954 4659 1115 4719; x_wconf 84' lang='lat' dir='ltr'><em>rationalis,</em></span> <span class='ocrx_word' id='word_1_396' title='bbox 1135 4660 1206 4724; x_wconf 88' lang='lat' dir='ltr'><em>quod</em></span> <span class='ocrx_word' id='word_1_397' title='bbox 1224 4660 1355 4711; x_wconf 85' lang='lat' dir='ltr'><em>videlicet</em></span> <span class='ocrx_word' id='word_1_398' title='bbox 1372 4661 1497 4713; x_wconf 86' lang='lat' dir='ltr'><em>mortalis</em></span> <span class='ocrx_word' id='word_1_399' title='bbox 1509 4664 1559 4726; x_wconf 88' lang='lat' dir='ltr'><em>sit,</em></span> <span class='ocrx_word' id='word_1_400' title='bbox 1579 4670 1627 4714; x_wconf 83' lang='lat' dir='ltr'><em>sut</em></span> <span class='ocrx_word' id='word_1_401' title='bbox 1639 4666 1725 4716; x_wconf 76' lang='lat' dir='ltr'><em>unica</em></span> 
     </span>
     <span class='ocr_line' id='line_1_40' title="bbox 432 4743 1724 4815; baseline 0.005 -21"><span class='ocrx_word' id='word_1_402' title='bbox 432 4747 460 4794; x_wconf 90' lang='lat' dir='ltr'><em>in</em></span> <span class='ocrx_word' id='word_1_403' title='bbox 480 4748 587 4795; x_wconf 89' lang='lat' dir='ltr'><em>eunctis</em></span> <span class='ocrx_word' id='word_1_404' title='bbox 604 4746 773 4807; x_wconf 85' lang='lat' dir='ltr'><em>hominihus,</em></span> <span class='ocrx_word' id='word_1_405' title='bbox 794 4751 822 4795; x_wconf 87' lang='lat' dir='ltr'><em>et</em></span> <span class='ocrx_word' id='word_1_406' title='bbox 839 4743 962 4795; x_wconf 89' lang='lat' dir='ltr'><em>nonnulli</em></span> <span class='ocrx_word' id='word_1_407' title='bbox 980 4750 1084 4795; x_wconf 85' lang='lat' dir='ltr'><em>temere</em></span> <span class='ocrx_word' id='word_1_408' title='bbox 1103 4743 1328 4811; x_wconf 74' lang='lat' dir='ltr'><em>philosophantes</em></span> <span class='ocrx_word' id='word_1_409' title='bbox 1346 4747 1495 4797; x_wconf 87' lang='lat' dir='ltr'><em>secundum</em></span> <span class='ocrx_word' id='word_1_410' title='bbox 1518 4748 1618 4800; x_wconf 84' lang='lat' dir='ltr'><em>saltem</em></span> <span class='ocrx_word' id='word_1_411' title='bbox 1634 4749 1724 4815; x_wconf 85' lang='lat' dir='ltr'><em>pbilo-</em></span> 
     </span>
     <span class='ocr_line' id='line_1_41' title="bbox 432 4829 1724 4896; baseline 0.004 -17"><span class='ocrx_word' id='word_1_412' title='bbox 432 4829 557 4893; x_wconf 86' lang='lat' dir='ltr'><em>sophiam</em></span> <span class='ocrx_word' id='word_1_413' title='bbox 577 4847 670 4880; x_wconf 76' lang='lat' dir='ltr'><em>verunt</em></span> <span class='ocrx_word' id='word_1_414' title='bbox 688 4831 716 4880; x_wconf 92' lang='lat' dir='ltr'><em>id</em></span> <span class='ocrx_word' id='word_1_415' title='bbox 736 4846 796 4880; x_wconf 87' lang='lat' dir='ltr'><em>esse</em></span> <span class='ocrx_word' id='word_1_416' title='bbox 816 4835 989 4890; x_wconf 79' lang='lat' dir='ltr'><em>asseverent,</em></span> <span class='ocrx_word' id='word_1_417' title='bbox 1011 4835 1108 4878; x_wconf 87' lang='lat' dir='ltr'><em>contra</em></span> <span class='ocrx_word' id='word_1_418' title='bbox 1127 4829 1281 4892; x_wconf 79' lang='lat' dir='ltr'><em>huiusmodi</em></span> <span class='ocrx_word' id='word_1_419' title='bbox 1298 4835 1404 4894; x_wconf 88' lang='lat' dir='ltr'><em>pestem</em></span> <span class='ocrx_word' id='word_1_420' title='bbox 1423 4837 1576 4896; x_wconf 87' lang='lat' dir='ltr'><em>opportuna</em></span> <span class='ocrx_word' id='word_1_421' title='bbox 1598 4834 1724 4884; x_wconf 80' lang='lat' dir='ltr'><em>remedia</em></span> 
     </span>
     <span class='ocr_line' id='line_1_42' title="bbox 432 4913 1723 4980; baseline 0.006 -20"><span class='ocrx_word' id='word_1_422' title='bbox 432 4913 565 4962; x_wconf 77' lang='lat' dir='ltr'><em>ttrlhibere</em></span> <span class='ocrx_word' id='word_1_423' title='bbox 584 4917 726 4978; x_wconf 83' lang='lat' dir='ltr'><em>cupientes</em></span> <span class='ocrx_word' id='word_1_424' title='bbox 744 4914 795 4962; x_wconf 90' lang='lat' dir='ltr'><em>hoc</em></span> <span class='ocrx_word' id='word_1_425' title='bbox 814 4929 893 4963; x_wconf 83' lang='lat' dir='ltr'><em>sacro</em></span> <span class='ocrx_word' id='word_1_426' title='bbox 907 4914 1078 4978; x_wconf 78' lang='lat' dir='ltr'><em>approbante</em></span> <span class='ocrx_word' id='word_1_427' title='bbox 1092 4914 1212 4964; x_wconf 86' lang='lat' dir='ltr'><em>concilio</em></span> <span class='ocrx_word' id='word_1_428' title='bbox 1224 4915 1383 4964; x_wconf 83' lang='lat' dir='ltr'><em>damnamus</em></span> <span class='ocrx_word' id='word_1_429' title='bbox 1396 4920 1424 4963; x_wconf 86' lang='lat' dir='ltr'><em>et</em></span> <span class='ocrx_word' id='word_1_430' title='bbox 1437 4916 1614 4980; x_wconf 84' lang='lat' dir='ltr'><em>reprobamus</em></span> <span class='ocrx_word' id='word_1_431' title='bbox 1627 4934 1723 4968; x_wconf 84' lang='lat' dir='ltr'><em>onrrres</em></span> 
     </span>
     <span class='ocr_line' id='line_1_43' title="bbox 353 4997 1722 5054; baseline 0.005 -9"><span class='ocrx_word' id='word_1_432' title='bbox 353 4998 360 5011; x_wconf 91' lang='lat'><em>&#39;</em></span> <span class='ocrx_word' id='word_1_433' title='bbox 434 5004 590 5046; x_wconf 76' lang='lat' dir='ltr'><em>asserentes</em></span> <span class='ocrx_word' id='word_1_434' title='bbox 609 5000 728 5048; x_wconf 84' lang='lat' dir='ltr'><em>unimam</em></span> <span class='ocrx_word' id='word_1_435' title='bbox 752 4998 952 5048; x_wconf 84' lang='lat' dir='ltr'><em>intellectivam</em></span> <span class='ocrx_word' id='word_1_436' title='bbox 975 4997 1120 5049; x_wconf 86' lang='lat' dir='ltr'><em>mortalem</em></span> <span class='ocrx_word' id='word_1_437' title='bbox 1143 5015 1204 5049; x_wconf 85' lang='lat' dir='ltr'><em>esse</em></span> <span class='ocrx_word' id='word_1_438' title='bbox 1228 5006 1276 5048; x_wconf 83' lang='lat' dir='ltr'><em>aut</em></span> <span class='ocrx_word' id='word_1_439' title='bbox 1299 4997 1407 5054; x_wconf 78' lang='lat' dir='ltr'><em>unicani</em></span> <span class='ocrx_word' id='word_1_440' title='bbox 1432 5000 1460 5048; x_wconf 91' lang='lat' dir='ltr'><em>in</em></span> <span class='ocrx_word' id='word_1_441' title='bbox 1479 5000 1586 5049; x_wconf 83' lang='lat' dir='ltr'><em>cunetis</em></span> <span class='ocrx_word' id='word_1_442' title='bbox 1604 5000 1722 5053; x_wconf 86' lang='lat' dir='ltr'><em>homini·</em></span> 
     </span>
    </p>
   </div>
   <div class='ocr_carea' id='block_1_6' title="bbox 0 0 2154 6056">
    <p class='ocr_par' dir='ltr' id='par_1_7' title="bbox 0 0 2154 6056">
     <span class='ocr_line' id='line_1_44' title="bbox 0 0 2154 6056; baseline 0 0"><span class='ocrx_word' id='word_1_443' title='bbox 0 0 2154 6056; x_wconf 95' lang='lat' dir='ltr'><em> </em></span> 
     </span>
    </p>
   </div>
  </div>
 </body>
</html>
