4300 6059
485 705 606 740 flvrrnrtl
627 705 656 739 IN
676 706 768 740 Ducunt
788 705 1064 740 wirt'rtzrtrttttdunsnar
1085 706 1186 741 ORATIO
1206 708 1237 740 11.
1263 706 1376 742 INBVNT.
1389 706 1416 742 Α.
1434 699 1490 742 1517.
1583 675 1630 746 35

343 866 376 920 nt
397 858 465 920 illos
485 877 536 920 sua
555 859 723 921 'nobilitant
745 862 853 931 uirtus,
873 862 914 920 ita
933 862 1021 921 istum
1039 863 1084 921 sui
1102 863 1222 939 pessimi
1240 880 1355 932 mores,
1379 879 1431 925 sua
1447 863 1543 939 turpia
1560 862 1631 921 laci·

329 980 416 1052 ⁸nora
439 963 475 1022 ad
497 963 613 1024 intimas
635 963 738 1024 sordes
757 962 944 1033 abiecerunt,
968 982 1004 1024 er
1026 963 1084 1024 boc
1106 964 1225 1034 ordine,
1254 964 1302 1025 liis
1323 963 1485 1042 equalibus
1505 964 1541 1024 ad
1564 981 1632 1041 per·
1693 962 1698 969 '

252 1122 255 1131 ,
299 1094 306 1106 ·
341 1058 565 1144 ρεῑυειηῐεωεε
588 1084 623 1126 ac
644 1067 771 1126 nominis
791 1067 983 1142 ignominiam
1006 1073 1231 1142 protruserunt;
1264 1068 1326 1145 ipse
1355 1086 1387 1128 se
1418 1086 1453 1128 ex
1475 1065 1532 1127 bac
1553 1065 1629 1135 luce,

341 1166 400 1227 hoc
418 1166 579 1252 splendore
599 1166 636 1228 ad
658 1168 791 1228 intimum
813 1168 956 1238 dedecus,
980 1169 1016 1228 ad
1038 1169 1229 1229 lindissimam
1251 1168 1427 1247 llagitiorum
1450 1188 1484 1229 ae
1507 1168 1632 1230 dedeco-

316 1282 413 1330 ⁵rum
437 1268 593 1347 caliginem
615 1268 765 1330 demersit.
811 1270 918 1332 Peccat
933 1272 1023 1349 igitur
1040 1272 1091 1348 qui
1110 1271 1189 1330 bunc
1213 1269 1397 1350 ‘principem'
1417 1277 1516 1339 vocat,
1539 1289 1631 1348 quan·
1643 1285 1702 1336 tro.

343 1475 504 1535 honestum
526 1492 635 1539 nomen
657 1482 717 1535 tam
738 1476 817 1553 turpi
840 1477 885 1536 rei
908 1477 1048 1554 imponit:
1073 1491 1129 1551 ego
1153 1474 1224 1537 nihil
1247 1483 1354 1555 prater
1377 1476 1532 1543 decorum,
1562 1474 1633 1535 nibil

343 1585 453 1654 praeter
478 1577 608 1638 officinm
637 1594 707 1654 ago,
744 1580 794 1656 qni
820 1587 920 1639 contra
948 1578 1099 1638 hominem
1124 1578 1271 1655 perditum
1300 1597 1335 1638 ac
1361 1577 1548 1658 profligatum
1578 1595 1634 1655 pro

343 1679 513 1740 necessario
537 1699 571 1739 ac
592 1680 761 1758 propinquo
784 1698 849 1741 meo
873 1682 972 1747 renim
1002 1682 1091 1740 immo
1115 1682 1165 1758 qui
1193 1699 1260 1741 eum
1287 1681 1417 1750 vindico,
1451 1699 1539 1758 quem
1568 1698 1635 1739 san·

311 1782 436 1857 nguine
459 1800 493 1841 ac
516 1783 692 1858 cognatione
712 1784 844 1843 iunctum
864 1783 936 1842 mibi
953 1785 1007 1843 iste
1023 1784 1193 1844 immaniter
1209 1783 1376 1852 trucidarit,
1400 1801 1456 1844 neo
1470 1785 1539 1845 satis
1554 1788 1635 1842 ratus
1688 1782 1690 1786 ’

345 1885 524 1962 peremisse,
545 1885 575 1943 in
598 1882 728 1945 lacerato
753 1885 874 1963 insuper
898 1903 931 1945 ac
946 1885 1079 1946 divexato
1097 1887 1243 1964 perempti
1259 1903 1386 1964 corpore
1401 1893 1532 1946 nostram
1550 1887 1634 1961 igno·

346 1987 481 2054 miniam,
518 1995 651 2047 nostrum
685 1986 813 2048 dedecus
847 1989 986 2066 quesivit.
1031 1987 1125 2049 Debet
1151 1988 1240 2063 igitur
1268 1989 1409 2066 consequi
1437 1988 1551 2047 veniam
1581 1987 1701 2064 quitor.

345 2088 410 2148 lraec
432 2088 518 2158 lecit,
541 2090 642 2166 etqui
664 2091 727 2150 sine
751 2108 837 2150 causa
860 2090 945 2150 lecit?
968 2097 997 2151 et
1019 2107 1107 2167 quem
1128 2090 1197 2149 lacti
1219 2108 1279 2150 non
1297 2089 1436 2169 poenitctl
1459 2095 1488 2150 et
1507 2090 1558 2167 qui
1574 2107 1633 2155 vos,

345 2190 503 2259 Germani,
526 2193 703 2260 contemnit,
725 2192 813 2252 liuius
834 2192 934 2252 iudicii
957 2193 1078 2261 diebus,
1108 2192 1164 2253 bac
1188 2211 1240 2254 sua
1269 2190 1447 2260 calamitate,
1477 2191 1535 2251 boc
1556 2191 1635 2269 peri·

311 2292 429 2361 iscula,
459 2310 547 2353 ausus
577 2311 651 2353 nora
671 2301 700 2355 et
726 2296 851 2364 atrocia,
880 2301 911 2354 ut
936 2314 1039 2356 omnes
1066 2302 1247 2372 cognoscant
1271 2312 1359 2372 quam
1381 2293 1454 2354 nibil
1476 2295 1562 2372 pensi
1583 2293 1635 2353 ba·

343 2393 430 2455 beat?
451 2405 479 2457 et
501 2397 565 2474 qui,
594 2395 664 2456 dum
688 2396 742 2457 bos
764 2395 842 2474 legat
864 2396 922 2457 buc
944 2399 994 2476 qui
1017 2418 1049 2458 se
1071 2405 1225 2465 excusent,
1257 2398 1308 2473 qui
1335 2398 1450 2457 veniam
1474 2401 1575 2465 orent,
1605 2394 1634 2453 id

344 2506 390 2556 est
412 2498 463 2574 qui
482 2497 614 2558 dicende
634 2516 729 2559 causae
745 2507 860 2577 tempus
878 2507 1055 2577 prorogent,
1071 2500 1196 2559 interim
1216 2517 1297 2558 arma
1314 2501 1403 2559 sumit
1410 2547 1421 2580 ,
1441 2497 1548 2558 milites
1566 2515 1636 2557 con·

344 2599 463 2667 scribit,
487 2601 648 2660 exercitum
671 2608 769 2679 parat,
798 2599 904 2661 arixilia
928 2602 1092 2680 prospicit?
1123 2608 1255 2660 meretur
1278 2602 1398 2679 inquam
1425 2604 1480 2660 iste
1501 2600 1635 2660 leniam?

345 2707 396 2761 aut
419 2703 573 2780 quisquam
596 2704 634 2761 ita
659 2711 702 2761 est
722 2702 821 2763 hebeti
844 2691 931 2764 sensu
958 2705 1007 2782 qui
1031 2720 1090 2762 non
1106 2702 1248 2779 intelligat
1271 2703 1340 2780 quid
1355 2705 1398 2762 sic
1419 2702 1559 2762 moliatur
1584 2702 1703 2779 quitto

310 2805 402 2863 uiam
425 2822 516 2864 uuum
539 2804 596 2864 boc
619 2813 719 2883 sperat
748 2805 824 2867 banc
847 2824 961 2866 moram
993 2806 1092 2866 odium
1121 2811 1336 2864 commotorum
1358 2804 1499 2866 adversus
1527 2823 1559 2864 se
1582 2803 1635 2863 bo-

344 2907 459 2965 minum
481 2906 654 2975 leniturum,
677 2927 730 2968 sua
753 2907 868 2969 scelera
891 2907 1038 2968 oblivione
1058 2909 1177 2969 interint
1199 2907 1355 2985 sopienda,
1379 2925 1411 2967 se
1439 2909 1561 2966 incuriae
1586 2925 1635 2966 re·

343 3015 413 3066 strae
434 3010 589 3069 occasione
609 3011 812 3088 impunitatem
836 3010 1084 3070 consecuturum?
1116 3010 1270 3070 Oecrrrrite
1292 3008 1480 3073 fraudulento
1503 3007 1634 3076 consilio,

345 3110 502 3178 Germani,
524 3109 656 3172 obsistite
672 3098 824 3174 malitiosis
843 3112 1031 3189 cogitatibus:
1054 3113 1211 3190 previsum
1227 3116 1272 3169 est
1285 3109 1467 3187 periculum,
1493 3129 1530 3171 ne
1546 3111 1634 3171 sinite

344 3211 429 3271 adiri.
474 3211 588 3290 Fingite
609 3222 705 3275 aretem
729 3213 843 3275 nullum
866 3212 990 3277 esseab
1014 3215 1068 3272 isto
1090 3211 1359 3291 periculumaquae
1379 3212 1415 3272 de
1437 3211 1519 3273 robis
1538 3212 1703 3272 tremi-to.

310 3327 418 3371 aenum
442 3315 648 3391 cogitationes,
672 3319 696 3377 si
717 3318 888 3385 emerserit,
910 3335 976 3394 quac
998 3316 1142 3393 suspicio,
1167 3300 1218 3391 qui
1245 3332 1343 3375 sermo
1373 3316 1443 3382 erit,
1474 3332 1538 3392 qliae
1561 3310 1635 3374 inla-

344 3416 402 3475 mia
425 3423 567 3493 sequetur
589 3418 667 3481 lianc
688 3421 856 3487 nationem,
880 3421 1009 3496 primum
1035 3417 1113 3495 quod
1135 3417 1306 3494 potueritis,
1336 3417 1472 3495 quodque
1500 3434 1559 3475 non
1581 3415 1634 3476 ob·

343 3536 430 3577 scure
451 3518 658 3590 decreveritis,
682 3539 742 3581 non
764 3522 897 3582 affecisse
920 3528 1018 3582 tamen
1041 3518 1188 3597 supplicio
1211 3519 1319 3578 istum?
1347 3519 1454 3580 deinde
1484 3519 1525 3577 sic
1549 3526 1633 3597 puta-

343 3607 549 3689 bunt'exterh
570 3623 668 3682 omnia
685 3640 735 3682 ros
755 3622 1004 3700 llagitia„omnia
1023 3621 1160 3682 omnibus
1179 3620 1291 3683 scelera
1310 3622 1493 3687 condonare;
1518 3620 1632 3680 nullom

258 3790 264 3807 .
343 3739 409 3782 osse
437 3723 467 3781 in
490 3724 647 3784 Germania
677 3716 794 3786 iustitiae
823 3715 1021 3793 momentum,
1051 3724 1147 3786 nullas
1174 3723 1272 3801 legum
1302 3723 1450 3802 reliquias.
1496 3722 1554 3783 Sed
1577 3730 1703 3799 egottt.

310 3830 377 3881 root
400 3823 457 3883 bno
478 3843 532 3903 per
551 3844 599 3893 se,
625 3827 737 3887 etiamsi
759 3827 854 3888 solum
879 3829 1078 3905 contingeret,
1107 3828 1265 3887 maximum
1290 3845 1354 3888 esse
1384 3825 1563 3893 arbitrarer,
1596 3826 1634 3882 ite

344 3924 400 3984 boc
424 3933 510 4004 puto,
531 3929 651 3991 minime
674 3929 924 3991 contemnendum
948 3929 1052 3990 istum:
1083 3939 1201 4008 paratos
1226 3926 1317 3988 habet
1343 3927 1456 3998 Gallos,
1486 3926 1633 3986 inlensmn

344 4027 412 4087 huic
432 4029 543 4088 nationi
563 4029 693 4099 hostem;
716 4030 865 4092 Helvetios
885 4038 1037 4100 nutantes,
1059 4030 1206 4092 rebellare
1227 4031 1338 4090 Frisios
1360 4030 1452 4096 videt;
1476 4027 1553 4089 bello
1577 4027 1632 4087 Ve-

343 4137 412 4190 neto
434 4138 611 4209 occupatum
640 4141 683 4203 te,
716 4134 827 4200 Caesar,
858 4135 947 4193 norit.
990 4119 1064 4202 'Quat
1093 4152 1160 4192 cum
1187 4150 1241 4191 nos
1270 4119 1631 4209 circumducendum

343 4231 434 4292 Gallis
456 4235 569 4294 eveniet
588 4242 720 4295 nostrum
743 4254 859 4296 armare
882 4237 1037 4296 adversum
1059 4253 1116 4294 nos
1136 4233 1344 4312 obprobrium:
1372 4241 1480 4308 augent
1500 4230 1633 4310 pericula

309 4335 474 4404 ”animem
496 4343 525 4395 et
546 4354 623 4414 saepe
646 4337 761 4396 initium
783 4339 883 4397 virtuti
905 4338 1069 4415 desperatio
1092 4335 1231 4414 praebuit:
1261 4336 1326 4395 lieri
1348 4335 1447 4411 itaque
1467 4341 1577 4411 potest,
1600 4338 1632 4392 ut

343 4434 392 4496 hic
416 4455 451 4497 ex
475 4436 613 4498 imbecilli
636 4438 737 4509 fortis,
772 4458 807 4500 ex
829 4440 921 4500 fracto
945 4441 1040 4506 lerox,
1071 4457 1106 4498 ex
1129 4437 1243 4497 abiecto
1266 4435 1413 4514 superbus
1441 4455 1475 4495 ao
1500 4432 1630 4495 insolens

342 4535 500 4616 aliquando
523 4547 666 4618 erumpat.
708 4548 737 4600 et
764 4540 821 4601 hoc
847 4543 876 4601 in
902 4559 934 4601 se
956 4539 1045 4601 babet
1068 4539 1115 4599 illa
1138 4540 1228 4600 reniae
1249 4539 1368 4617 petitio,
1392 4538 1450 4597 boc
1471 4536 1530 4597 sibi
1555 4555 1627 4615 pro·

297 4713 299 4716 ,
343 4641 454 4716 posuit,
478 4640 535 4700 boc
556 4641 684 4703 molitur.
729 4641 791 4712 Qua
815 4644 843 4702 in
867 4660 1038 4713 revereor,
1069 4661 1106 4703 ne
1130 4643 1195 4721 quis
1215 4643 1367 4721 opinetur,
1398 4646 1456 4699 tam
1481 4638 1627 4718 improbo,
1639 4650 1700 4700 trs.

409 4861 547 4912 ²infimos
565 4879 649 4928 usque
668 4869 696 4912 n.
767 4863 776 4895 ⁸
796 4859 841 4927 nc]
862 4869 890 4910 ot
908 4877 976 4913 corr.
989 4870 1017 4911 Η.
1089 4862 1110 4894 ¹⁰
1129 4863 1268 4913 affinitate
1287 4863 1310 4908 1.
1331 4859 1496 4923 cognatione
1516 4875 1583 4910 corr.
1597 4864 1627 4908 11.

337 4954 448 5015 proprie
467 4951 612 5012 scripsisset
631 4949 800 5014 adgnotione
854 4946 975 4995 ¹'sentit
994 4951 1017 4995 1,
1036 4947 1159 5011 disponit
1176 4950 1288 4996 cornu.
1350 4943 1369 4973 ¹⁴³
1389 4943 1459 5006 quod
1478 4947 1502 4992 2.
1540 4942 1583 5006 qd.
1604 4947 1627 4991 1.

340 5032 363 5066 ²²
381 5033 555 5084 .Deinde11.
590 5030 942 5082 dioscorianae-2:11.
978 5028 1000 5061 ⁸²
1018 5028 1112 5097 Helm]
1128 5033 1262 5081 Su'iccros
1274 5047 1343 5081 corr.
1357 5034 1388 5078 11.
1422 5026 1443 5059 ⁸⁴
1461 5027 1629 5094 opprobr.2.

1340 5112 1388 5174 3*

1015 5226 1041 5290 b
