4300 6059
402 683 472 755 182
527 712 628 748 GEORG.
643 704 760 747 SABINVS
772 708 809 746 AD
821 708 1047 744 saorosrrtottsta
1059 707 1242 742 ttsxtttlttattl
1256 707 1313 742 ntt’.
1327 708 1352 742 Δ.
1366 701 1423 742 1518.
1435 706 1554 742 FACTA!-

399 869 478 920 sanis
496 884 548 918 non
567 867 659 917 iuerat
681 865 851 931 frequentior
874 868 1036 914 conventus:
1062 879 1124 912 narn
1146 861 1287 913 Electores
1302 863 1345 937 ihi
1367 878 1414 913 sex
1429 867 1520 923 erant,
1541 867 1569 912 et
1587 863 1693 912 caeteri·

399 954 537 1020 principes
555 940 723 1018 pdtentiores
741 950 863 1015 plerique
883 964 989 1010 omnes,
1009 948 1124 1000 aderant
1142 953 1170 998 et
1187 962 1281 1013 regum
1299 947 1472 1012 plurimarum
1490 946 1586 1012 legati.
1611 947 1682 997 Leo·

397 1039 441 1089 nis
452 1039 487 1088 X.
505 1037 602 1090 summi
620 1035 762 1086 Pontificis
781 1033 867 1098 legati
891 1038 969 1083 erant
986 1034 1135 1083 Matthaeus
1158 1033 1281 1096 Langins
1298 1032 1527 1098 archiepiscopus
1546 1031 1681 1082 Salisbur·

398 1124 491 1188 gensis
510 1128 538 1172 et
555 1121 674 1171 Thomas
692 1119 844 1170 Caietanus
862 1117 1019 1168 Cardinalis
1038 1118 1064 1167 S.
1080 1118 1162 1177 Sinti,
1184 1119 1229 1182 qui
1248 1124 1376 1183 quoniam
1395 1133 1428 1168 ex
1446 1118 1512 1166 urbe
1531 1117 1616 1166 Roma
1636 1118 1683 1166 ad·

397 1207 542 1270 veniebat,
560 1221 615 1256 non
633 1205 726 1256 statim
744 1206 824 1255 initio
842 1209 992 1254 conventus
1011 1204 1116 1254 aderat.
1151 1204 1249 1268 Itaque
1262 1202 1357 1254 Caesar
1375 1203 1453 1253 initio
1472 1202 1630 1268 Principum
1649 1218 1682 1254 ac

396 1291 556 1358 populorum
575 1291 729 1341 Germaniae
749 1304 862 1340 caussas
880 1289 998 1352 audivit,
1024 1294 1051 1338 ct
1075 1273 1276 1339 controversias
1299 1288 1419 1351 dirimit,
1448 1304 1481 1337 ne
1501 1303 1555 1352 qna
1573 1289 1682 1353 privata

397 1376 531 1428 dissensio
549 1380 647 1441 postea
664 1375 879 1426 deliberationes
898 1374 932 1425 de
950 1373 1022 1424 bello
1040 1374 1164 1423 Turcico.
1177 1373 1382 1423 interturbaret.
1418 1374 1454 1421 Et
1473 1373 1600 1436 quoniam
1618 1374 1701 1422 con-'

397 1461 489 1512 silium
507 1461 539 1511 de
559 1475 591 1511 eo
609 1460 681 1510 bello
699 1461 832 1511 movendo
852 1458 886 1528 ad
904 1458 1021 1508 salutem
1039 1459 1124 1508 totius
1143 1458 1217 1508 orbis
1230 1457 1381 1507 Christiani
1399 1457 1568 1524 pertinebat,
1590 1457 1681 1507 existi·

397 1546 493 1596 mabat
510 1544 602 1595 Caesar
618 1550 675 1594 tum
693 1545 800 1595 demum
818 1560 852 1595 aa
870 1543 903 1593 de
922 1560 951 1593 re
970 1560 1030 1595 esse
1049 1543 1222 1594 referendum
1240 1543 1275 1592 ad
1292 1542 1448 1607 Principes,
1474 1557 1535 1592 cum
1557 1543 1682 1593 advenis·

396 1635 440 1681 set
456 1631 580 1696 Legatos
598 1629 773 1691 Pontificius,
792 1634 823 1678 nt
840 1629 928 1694 magis
946 1628 1065 1694 intelligi
1083 1634 1190 1694 posset,
1214 1624 1286 1679 hanc
1304 1632 1411 1678 tantam
1429 1643 1485 1677 rem
1503 1643 1557 1678 non
1574 1630 1683 1693 privato

398 1717 445 1781 agi
463 1715 661 1776 oonsilio‚,sed
680 1730 713 1765 cr
731 1715 825 1765 officio
841 1714 1031 1779 Imperatoris,
1058 1720 1086 1763 et
1109 1714 1253 1787 flagitante
1276 1726 1379 1763 summo
1402 1713 1549 1774 Panthiae,
1572 1716 1681 1764 nomine

397 1800 533 1850 universae
550 1799 686 1850 Ecclesiae
705 1798 883 1855 Christianae.
904 1798 974 1862 quod
991 1814 1037 1862 pro
1055 1798 1183 1847 universo
1196 1798 1261 1847 orbe
1275 1798 1390 1847 velutin
1404 1799 1524 1848 statione
1537 1814 1598 1848 asse
1611 1814 1681 1849 sum·

397 1899 455 1935 mus
473 1884 602 1948 Pontifex
620 1890 649 1934 et
666 1885 817 1948 Imperator
835 1883 962 1950 debeant.
995 1887 1022 1933 et
1039 1882 1111 1931 hanc
1130 1884 1291 1947 opinionem¹
1303 1882 1473 1947 profuturam
1497 1883 1683 1933 arbitrabatur

398 1969 432 2020 ad
451 1968 629 2020 accendenda
646 1967 738 2017 studia
757 1972 908 2017 exterarum
932 1969 1073 2018 nationum
1099 1982 1131 2016 ac
1155 1967 1274 2031 Regum,
1298 1982 1408 2031 quarum
1433 1967 1548 2017 aderant
1570 1968 1681 2033 Legati,

398 2058 426 2104 et
444 2053 479 2104 sd
496 2054 654 2104 voluntates
671 2051 827 2117 Principum
847 2052 1001 2102 Germaniae
1020 2050 1185 2108 incitandas,

522 2142 630 2198 Summa
652 2141 789 2197 Orationis
810 2141 926 2196 Matthaei
949 2141 1043 2213 langii
1067 2141 1271 2215 Archiepiscapi
1293 2140 1507 2214 salisburgensis
1529 2151 1557 2197 et

907 2225 1001 2298 Legati
1024 2226 1166 2283 pontificii.

465 2308 533 2358 Cum
552 2308 637 2373 igitur
655 2306 765 2357 tandem
788 2322 881 2357 mense
904 2307 1026 2372 Augusto
1050 2307 1211 2357 advenisset
1233 2308 1356 2372 Legatos
1378 2307 1551 2369 Pontificius,
1577 2312 1682 2373 egressi

396 2393 504 2444 obviam
523 2391 618 2442 Caesar
641 2397 668 2442 et
691 2407 784 2442 omnes
808 2393 951 2458 Principes
976 2391 1131 2442 Germaniae
1156 2397 1220 2442 ante
1250 2397 1343 2456 portas
1368 2393 1443 2442 urbis
1466 2393 1597 2458 Augustae
1621 2410 1682 2443 euin

395 2475 541 2542 magnifice
560 2482 735 2542 exceperunt.
771 2478 838 2528 Post
856 2448 914 2527 dsts
934 2476 1039 2542 aliquot
1057 2477 1152 2527 Caesar
1171 2476 1304 2527 adhibitis
1322 2477 1498 2542 Principibus
1517 2482 1545 2527 et
1563 2479 1681 2529 omniurn

394 2563 498 2627 Regum
518 2577 551 2614 aa
570 2563 709 2611 nationum
723 2562 838 2627 Legatis
857 2563 885 2612 in
903 2562 1022 2611 maxima
1042 2561 1199 2630 frequentia
1216 2565 1335 2621 omnium
1353 2563 1476 2613 ordinum
1496 2578 1557 2612 eum
1575 2564 1682 2614 audivit

394 2648 575 2713 exponentem
598 2646 729 2698 mandata
752 2650 850 2697 summi
871 2647 1014 2697 Pontificis
1037 2652 1066 2697 et
1088 2647 1244 2697 hortantem
1267 2648 1379 2712 publico
1407 2647 1515 2698 nomine
1536 2647 1681 2699 'universae

392 2733 531 2783 Ecclesiae
551 2731 667 2794 Christi,
687 2736 826 2798 praecipue
844 2734 1055 2798 Imperatorem,
1075 2733 1174 2782 deinde
1187 2733 1332 2798 Principes
1351 2739 1379 2782 et
1389 2734 1491 2797 Regum
1510 2733 1633 2798 legatos,
1650 2739 1682 2784 ut

394 2819 529 2869 communi
549 2817 662 2868 consilio
682 2823 709 2867 et
727 2819 882 2868 coniunctis
901 2819 1000 2868 animis
1019 2816 1120 2867 bellum
1139 2817 1213 2882 piurn
1232 2823 1314 2881 atque
1332 2819 1519 2869 necessarium
1541 2819 1596 2868 iam
1619 2824 1681 2868 tan·

392 2903 453 2954 dem
472 2903 657 2967 susciperent,
676 2907 707 2952 ut
726 2902 862 2952 Graeciam
881 2907 966 2967 atqua¹
981 2903 1074 2959 Asiam
1094 2918 1128 2952 ex
1145 2903 1304 2967 turpissima
1322 2908 1350 2952 et
1371 2903 1524 2954 miserrima
1546 2905 1680 2954 servitute
1758 2920 1762 2927 ’

380 2987 545 3053 eriperent,
565 2992 596 3036 ut
614 2987 707 3038 hostes
725 2993 885 3053 grassantes
905 2987 959 3036 iam
978 2987 1006 3036 in
1024 2988 1125 3037 vicinis
1145 2989 1237 3053 regnis
1255 2987 1447 3052 reprimerent,
1467 2993 1497 3037 ιιι
1515 2989 1606 3039 orbem
1626 2994 1679 3039 tor·

390 3088 481 3123 rarum
500 3071 689 3123 crudelissimo
708 3072 856 3123 latrocinio
875 3077 903 3122 et
920 3072 1059 3137 sacrilega
1071 3077 1100 3121 et
1113 3073 1222 3122 nefaria
1235 3078 1328 3134 secta,
1348 3074 1547 3123 contumeliosa
1560 3075 1588 3122 in
1602 3072 1680 3123 Chri-

322 3192 326 3200 ·
391 3163 475 3219 stum,
495 3155 656 3209 liberarent.
692 3158 818 3209 Addebat
837 3158 921 3207 etiam
939 3158 972 3207 de
985 3158 1088 3207 Leonis
1101 3158 1134 3209 X.
1155 3156 1311 3217 voluntate,
1330 3172 1418 3222 neque
1438 3159 1614 3208 autoritatem
1632 3175 1679 3210 ne·

392 3257 443 3307 que
466 3257 533 3308 opes
556 3242 727 3307 pontificias,
756 3259 844 3307 neque
868 3243 1012 3293 consilinm
1035 3244 1095 3292 aius
1123 3242 1181 3292 ulla
1209 3244 1238 3292 in
1265 3258 1296 3292 rs
1321 3241 1385 3292 huic
1412 3244 1546 3293 communi
1573 3260 1680 3295 caussae

355 3353 362 3359 ·
390 3326 547 3377 delaturum
566 3342 636 3379 esse.
666 3328 719 3379 hoc
737 3327 851 3379 consilio
870 3329 992 3378 Leonem
1010 3329 1090 3377 initio
1108 3326 1285 3391 pontificatus
1303 3327 1411 3377 dedisse
1430 3344 1556 3394 operam,
1578 3334 1608 3377 ut
1626 3346 1681 3394 pax

388 3411 480 3463 Italiae
499 3413 708 3475 restitueretur,
728 3429 787 3463 cunr
806 3412 913 3478 quidem
933 3413 1062 3473 iustiores
1081 3412 1213 3462 bellorum
1231 3413 1423 3463 movendorum
1442 3428 1554 3464 caussas
1567 3413 1680 3464 habuis·

388 3503 431 3547 set
449 3512 530 3563 quam
548 3497 672 3563 plerique
693 3504 791 3560 antea3
812 3497 861 3547 sed
879 3499 1003 3563 privatas
1021 3498 1136 3547 iniurias
1156 3513 1217 3546 euru
1236 3498 1405 3547 condonasse
1423 3497 1540 3564 publiea
1557 3502 1679 3550 necessi·

358 3635 362 3648 ,
388 3583 458 3644 tatia
474 3582 594 3634 voluisse
614 3583 699 3634 etiam
717 3598 777 3632 euni
796 3582 920 3648 exemplo
938 3583 1007 3647 ipsis
1031 3583 1144 3647 praeire,
1171 3597 1272 3647 eosque
1295 3584 1336 3632 sic
1359 3583 1492 3643 invitare,
1516 3588 1547 3633 ut
1570 3585 1680 3635 omissis

387 3668 529 3718 intestinis
547 3667 630 3720 bellis
648 3669 677 3718 in
696 3683 837 3718 commune
857 3667 1040 3717 consulerent.
1076 3683 1143 3732 opes
1161 3683 1226 3717 vero
1249 3668 1406 3732 pontificias
1431 3683 1563 3732 nusquam
1582 3669 1681 3720 melius

388 3752 520 3803 collocari
538 3768 619 3817 qnam
637 3753 666 3802 in
684 3750 762 3809 hunc,
773 3767 864 3813 usum,
883 3751 985 3802 nullam
1004 3754 1153 3817 gratiorem
1173 3752 1374 3817 eleemosynam
1388 3753 1447 3803 Deo
1459 3768 1539 3818 posse
1551 3756 1680 3818 praestari

388 3852 468 3902 quam
487 3838 560 3887 hasac
579 3839 682 3902 ipsam,
702 3853 755 3901 qua
774 3841 813 3887 tot
831 3841 928 3902 gentes
952 3836 1032 3887 simul
1052 3853 1067 3887 a
1086 3839 1219 3888 servitute
1242 3843 1270 3887 ct
1293 3839 1436 3903 impietate
1460 3839 1633 3903 eriperentur
1651 3845 1680 3888 et

384 3922 495 3972 nefaria
513 3922 643 3986 impietas
661 3922 808 3972 deleretur.
852 3922 924 3970 lluic
948 3917 1066 3972 arationi
1091 3938 1152 3972 cum
1175 3938 1288 3986 gravem
1311 3922 1451 3988 querelam
1475 3923 1627 3973 addidisset
1645 3924 1679 3974 de

387 4021 481 4056 aarum
498 4008 621 4072 gentium
639 4008 771 4057 aerumnis
791 4012 819 4057 ot
838 4007 1013 4058 contumeliis
1032 4005 1187 4072 religionis,
1208 4012 1236 4057 et
1248 4006 1329 4057 simul
1342 4013 1581 4058 commemorasset
1593 4014 1679 4072 quan·

385 4091 421 4140 tis
439 4091 620 4141 incrementis
639 4092 739 4156 exiguo
760 4092 902 4143 admodum
915 4097 1036 4161 tempore
1048 4092 1175 4157 potentia
1188 4092 1338 4141 'furcarum
1353 4098 1436 4142 aucta
1449 4096 1535 4153 esset,
1555 4105 1609 4142 non
1623 4098 1679 4142 tam

384 4175 487 4224 virtute
506 4177 626 4241 ipsorum
644 4191 726 4240 quam
745 4176 963 4229 Christianorum
988 4178 1094 4242 Regum
1117 4192 1165 4226 seu
1194 4177 1367 4242 negligentia
1389 4193 1438 4229 seu
1460 4177 1600 4228 intestinis
1623 4177 1678 4228 dis-

383 4259 499 4321 cordiis,
519 4261 623 4310 adiecit
641 4276 671 4310 se
690 4245 729 4310 aro⁸
742 4262 797 4311 ista
815 4263 886 4327 apud
905 4262 1054 4326 Principes
1075 4261 1189 4325 Imperii
1208 4263 1297 4326 queri,
1324 4263 1387 4326 quia
1406 4262 1469 4311 huic
1486 4264 1594 4312 nationi
1612 4263 1679 4313 Ger-

384 4346 501 4396 manica·
522 4346 661 4411 praecipue
685 4346 830 4396 commissa
853 4352 927 4397 essct
949 4346 1076 4396 defensio
1101 4345 1253 4396 Christiani
1277 4347 1365 4407 orbis,
1394 4362 1445 4397 nec
1473 4347 1555 4397 alium
1580 4348 1678 4399 ducem

381 4431 454 4480 tanti
473 4429 539 4479 belli
558 4430 616 4480 iure
638 4431 779 4496 designari
804 4448 885 4496 posse
904 4433 958 4481 nisi
976 4432 1188 4529 Imperatorem
1213 4449 1245 4481 ac
1269 4436 1414 4497 propterea
1438 4432 1508 4482 hanc
1527 4432 1676 4495 nationem,

381 4506 441 4581 que
461 4514 585 4566 excellat
603 4531 656 4566 non
675 4515 762 4566 solum
781 4516 870 4582 gloria
888 4516 929 4564 rei
947 4514 1090 4579 militaris,
1109 4517 1158 4567 sed
1171 4519 1255 4568 etiam
1266 4517 1377 4581 Imperii
1390 4517 1541 4582 dignitate,
1560 4517 1677 4583 primum

384 4600 484 4652 debere
506 4616 583 4651 arma
602 4617 718 4667 capere,
744 4602 883 4651 anteferre
908 4601 1023 4666 privatis
1048 4600 1195 4653 affectibus
1213 4617 1382 4653 communem
1404 4602 1521 4652 salutem
1538 4601 1677 4653 Ecclesiae

386 4691 414 4736 et
431 4686 545 4752 Imperii
563 4686 742 4753 dignitatem
770 4702 822 4736 nec
846 4685 925 4736 nobis
950 4685 1018 4736 alibi
1040 4687 1138 4737 ducem
1161 4687 1335 4752 quaerendum
1359 4702 1433 4749 esso,
1462 4703 1513 4737 nee
1536 4688 1678 4738 dadonem

383 4777 519 4823 amantem
537 4770 680 4821 libertatis
700 4771 777 4835 cogi,
797 4776 828 4820 ιιι
846 4773 967 4822 externis
986 4771 1110 4836 imperiis
1127 4777 1239 4837 pareat:
1258 4772 1362 4823 habere
1380 4788 1430 4823 nos
1447 4770 1676 4836 Maximilianurn,

381 4856 427 4920 qni
444 4854 605 4922 prudentia,
625 4856 743 4918 virtute,
764 4856 885 4907 scientia
903 4857 945 4906 rei
961 4845 1091 4907 militaris
1109 4873 1164 4907 non
1176 4856 1262 4907 solum
1276 4863 1391 4908 caeteros
1404 4858 1510 4922 Reges,
1529 4857 1677 4909 sedetiam
1750 4848 1754 4855 ’

381 4937 549 4990 clarissimas
569 4945 596 4990 et
616 4940 798 5005 peritissimos
817 4941 936 4992 omnium
955 4942 1097 4992 nationum
1116 4946 1272 5006 superarem
1296 4958 1348 4992 nec
1372 4942 1486 4992 destitui
1505 4959 1566 4992 eum
1585 4944 1676 4995 felici·

380 5028 439 5074 tate
458 5025 486 5074 in
505 5024 587 5074 rebus
606 5024 748 5090 gerendis,
769 5029 797 5074 et
815 5026 904 5076 Deum
923 5027 1007 5078 rectis
1026 5031 1055 5077 et
1071 5026 1127 5093 piis
1146 5026 1269 5077 consiliis
1289 5025 1464 5077 etEcclesiae
1482 5030 1556 5078 votis
1574 5028 1674 5078 affutu-
