4300 6059
523 690 534 759 l
550 688 592 761 18
613 718 735 755 urnrnnr
747 718 782 753 an
793 717 939 753 rnrncrrrs
953 717 1037 753 osum.
1046 718 1080 752 ιτ
1094 717 1204 751 securri
1217 716 1317 751 rvncrs
1330 715 1469 750 cursatur
1483 714 1706 749 zxuonrnronu.
1718 697 1801 764 (tots.)

1262 822 1276 846 ,
1454 827 1456 832 .

516 873 645 934 nobilem
669 873 794 952 stipitem
819 870 1054 933 concutientibus
1075 888 1107 932 se
1130 871 1251 931 invicem
1275 871 1363 930 ramis
1385 888 1439 930 sne
1461 868 1564 930 nudari
1587 869 1718 949 honore,
1740 872 1802 933 suis

463 1001 466 1009 ·
515 976 625 1054 privari
648 972 810 1035 lrnctibust
839 971 1001 1053 probabitis
1028 973 1052 1032 si
1082 972 1110 1032 in
1133 972 1251 1050 egregio
1275 989 1401 1050 corpore
1423 977 1525 1031 mutuo
1548 954 1705 1069 copllrctn
1707 973 1800 1079 inter·

515 1083 583 1138 eant
611 1074 766 1160 membra?
796 1075 866 1153 quid
894 1074 973 1136 aliud
995 1074 1072 1135 enim
1095 1072 1152 1134 sibi
1174 1072 1234 1134 vult
1255 1072 1332 1134 istud
1355 1078 1484 1134 veebum
1506 1070 1658 1133 dissidium
1674 1054 1801 1153 quamsi

515 1195 620 1238 manus
640 1176 755 1246 maroni,
779 1195 833 1256 pes
854 1178 922 1256 pedi
945 1184 994 1237 aut
1018 1181 1106 1256 caput
1128 1176 1223 1235 ventri
1245 1172 1365 1236 bellum·
1378 1174 1501 1244 indicat,
1525 1172 1592 1235 rel
1583 1190 1614 1233 ru
1611 1164 1678 1235 illa
1693 1165 1800 1237 arbole

516 1281 540 1340 si
562 1296 662 1340 ramus
684 1297 799 1339 ramum
823 1280 938 1340 inuadat
959 1297 994 1339 ac
1016 1277 1186 1357 abrumpat,
1210 1283 1243 1337 ut
1264 1274 1355 1337 arbor
1369 1284 1491 1337 truncus
1506 1277 1558 1346 sit,
1581 1282 1613 1336 ut
1628 1258 1737 1356 corpus
1752 1296 1798 1338 ca·
1809 1288 1822 1325 ⁵

445 1373 628 1443 enodandi
651 1378 756 1450 Quaeso
778 1380 855 1441 illius
877 1387 1054 1442 mementote
1068 1379 1194 1442 blenenii
1214 1379 1352 1458 Agrippae
1373 1375 1498 1439 Romani
1518 1375 1662 1439 beneficio
1684 1377 1801 1440 histori-

516 1501 620 1557 corum
641 1500 701 1542 non
723 1483 863 1560 incogniti
886 1481 969 1543 robis
991 1479 1117 1559 apologi.
1163 1479 1226 1540 Dixi
1253 1479 1312 1539 iam
1339 1477 1431 1540 semel
1454 1498 1488 1540 ao
1511 1479 1617 1542 itemm
1640 1481 1728 1558 ‘quod
1750 1468 1800 1542 uni
1879 1466 1882 1470 ⁴

514 1594 643 1646 vestrum
666 1583 814 1653 aulertur,
838 1573 975 1645 omnibus
998 1581 1147 1651 aulertur;
1171 1579 1354 1660 singulorum
1375 1581 1498 1658 malum,
1522 1599 1677 1644 commune
1692 1581 1801 1644 malurn

514 1685 577 1747 est.'
621 1685 749 1748 Proinde
772 1691 804 1745 nt
825 1685 966 1746 audacius
988 1684 1107 1763 loquar,
1130 1682 1255 1746 desinite
1276 1683 1416 1755 inutiliter
1438 1684 1635 1763 disceptantes
1648 1683 1799 1764 publicum

516 1787 649 1849 minuere
671 1786 800 1857 bouum;
824 1786 946 1848 desinite
968 1787 1045 1847 inter
1066 1800 1118 1844 vos
1141 1787 1269 1846 rixantes
1290 1804 1396 1847 vexare
1411 1785 1614 1855 Germaniam,
1637 1786 1798 1865 perniciem
1811 1798 1835 1837 ¹⁰

516 1889 626 1950 inferre
648 1886 765 1967 patriam
795 1891 823 1949 in
846 1906 975 1958 summa,
1005 1887 1129 1949 desinite
1150 1888 1181 1947 in
1204 1904 1306 1949 caussa
1329 1905 1409 1957 esse,
1432 1896 1465 1948 nt
1485 1896 1608 1967 pereant
1629 1887 1799 1950 Christiani!

447 1990 582 2051 tAttilam
604 1990 662 2050 hoc
683 1992 737 2050 nisi
761 1991 864 2059 tacitis,
888 1991 943 2051 uisi
964 1989 1034 2050 hnic
1055 1988 1163 2068 paretis
1185 1989 1352 2058 monitioni,
1377 1989 1483 2068 (neque
1506 1991 1583 2051 enim
1599 2008 1666 2051 meo
1681 1990 1800 2052 nomme

514 2092 597 2162 dico,
621 2111 680 2152 uno
703 2093 757 2153 ista
781 2093 912 2153 omnium
928 2076 1143 2153 Germanorum
1166 2091 1202 2151 ad
1225 2108 1276 2151 vos
1298 2089 1427 2152 clamore
1448 2091 1575 2170 perferri
1591 2091 1721 2172 credite)
1745 2088 1800 2153 nisi

512 2211 584 2263 nos,
608 2212 735 2272 quorum
759 2193 960 2255 membrorum
983 2195 1079 2272 capita
1102 2194 1186 2262 estis,
1210 2193 1341 2271 affligere
1363 2211 1398 2253 ae
1420 2193 1545 2273 perdere
1568 2193 1698 2255 desinitis
1722 2192 1799 2271 (dico

513 2296 595 2371 venia
618 2303 651 2356 ut
672 2296 754 2374 prius
776 2302 886 2364 restra,
910 2302 940 2355 et
961 2294 1017 2355 illis
1039 2283 1105 2356 dico
1121 2295 1170 2374 qui
1185 2294 1351 2355 huiusmodi
1366 2295 1509 2356 tactorum
1525 2293 1580 2357 sibi
1596 2295 1705 2356 conscii
1720 2291 1797 2374 su'ut)
1812 2308 1834 2348 ¹⁵

513 2395 646 2457 ridebitis
668 2403 770 2458 contra
792 2415 877 2457 suum
900 2396 1057 2485 aliquando
1080 2403 1168 2475 caput
1189 2396 1329 2476 quasdam
1346 2415 1464 2466 manus,
1488 2395 1630 2476 quosdam
1645 2399 1798 2475 insurgere

513 2497 619 2577 pedes;
643 2506 673 2558 et
694 2506 763 2559 tunc
786 2518 836 2559 ros
859 2499 976 2578 quidem
997 2499 1069 2558 tanti
1084 2497 1153 2560 mali
1168 2497 1308 2560 authores
1322 2498 1402 2578 qnod
1417 2499 1579 2567 excitastis,
1603 2506 1697 2560 vestra
1713 2500 1798 2560 ruina

444 2606 502 2687 §.3⁰²
520 2598 603 2660 aletis
625 2600 791 2662 incendium
814 2621 848 2662 ac
870 2600 956 2661 simul
979 2601 1033 2680 ipsi
1050 2599 1275 2679 conflagrabitis.
1319 2599 1435 2661 Utinam
1457 2599 1505 2660 hic
1520 2609 1732 2663 auresxvestras
1747 2620 1798 2662 ne·

511 2703 572 2761 scio
596 2721 651 2781 qua
675 2704 731 2763 iam
754 2702 823 2764 olim
846 2722 937 2773 cara,
965 2721 1023 2781 qno
1046 2702 1187 2764 bitumine
1210 2702 1383 2763 obtbnratas
1409 2702 1458 2782 pio
1485 2701 1605 2796 bprtatu
1633 2704 1799 2782 penetrem!

511 2803 660 2890 tortissimi
683 2805 750 2874 viri,
781 2803 955 2866 nobilissimi
977 2806 1143 2883 principeS,
1171 2822 1208 2866 ne
1230 2807 1355 2866 intereat
1376 2805 1531 2867 Germania
1553 2823 1587 2865 ac
1608 2804 1638 2864 in
1661 2804 1724 2883 ipsa
1746 2820 1833 2864 rosan

511 2907 682 2976 Germania,
713 2924 750 2967 ne
778 2925 827 2967 res
850 2906 1011 2968 Christiana
1035 2906 1164 2968 funditus
1186 2913 1253 2967 ruat
1274 2925 1309 2966 ac
1332 2909 1368 2968 el·
1381 2922 1431 2966 ros
1453 2907 1545 2967 ruinae
1567 2923 1700 2967 caussam
1722 2922 1798 2985 prae·

426 3078 429 3083 ¹
509 3009 607 3076 stetis,
639 3026 753 3085 quaeso,
783 3008 921 3087 deponite
949 3008 1113 3070 simultates
1143 3010 1213 3069 istas
1241 3026 1320 3094 quae.
1335 3028 1385 3069 ros
1407 3007 1525 3088 publico
1547 3006 1697 3068 involvunt
1719 3006 1797 3075 odio,

509 3109 579 3169 istas
608 3118 742 3170 coercete
770 3112 829 3170 iras
858 3127 923 3187 quae
950 3110 1059 3171 luroris
1087 3127 1188 3172 caussa
1212 3110 1297 3189 vulgo
1324 3119 1407 3180 sunt,
1437 3109 1624 3171 ambitionem
1653 3109 1798 3170 constriu-

510 3212 574 3289 gite
591 3230 663 3290 queo
677 3213 707 3271 in
731 3230 887 3273 commune
910 3213 1073 3291 expatiatur
1089 3211 1212 3281 malum,
1237 3213 1414 3290 compescite
1435 3212 1570 3273 intestina
1585 3210 1663 3274 bella
1677 3229 1713 3272 ac
1728 3211 1799 3272 istos

441 3314 592 3374 §.naintra
616 3315 804 3391 patriamne
831 3313 899 3374 alite
929 3312 1086 3374 tumultus!
1121 3321 1171 3373 aut
1192 3315 1216 3373 si
1238 3312 1310 3375 libet
1330 3313 1441 3375 bellum
1462 3331 1568 3392 gerere
1590 3321 1618 3374 et
1640 3314 1794 3392 quiescere
1805 3323 1832 3365 ²³

480 3488 482 3493 ,
511 3433 569 3475 non
593 3415 678 3491 libet,
701 3416 725 3476 si
748 3416 862 3476 animus
884 3416 984 3485 irasci,
1008 3416 1138 3493 litigare,
1161 3414 1306 3495 praeliari,
1329 3415 1507 3476 tumultuare
1529 3422 1616 3495 atque
1631 3414 1705 3476 adeo
1720 3416 1797 3475 insa·

510 3518 573 3577 nire
596 3518 620 3575 si
643 3519 757 3577 animus
779 3518 878 3593 gestit,
903 3535 1004 3579 caussa
1029 3525 1086 3586 est,
1110 3518 1225 3578 occasio
1249 3525 1307 3587 est,
1331 3525 1364 3578 ut
1384 3517 1590 3599 honestissime
1613 3518 1741 3596 possitis,
1765 3523 1799 3578 ut

398 3603 409 3616 ’
508 3625 625 3686 vestm,
648 3626 681 3678 ut
703 3621 852 3680 communi
874 3619 962 3679 totius
985 3621 1101 3698 patriae,
1124 3627 1156 3680 nt
1178 3619 1308 3680 omnium
1331 3619 1563 3680 Christianorum
1586 3618 1741 3679 commodo
1764 3617 1798 3678 il·

509 3719 701 3781 tanniramm
724 3739 757 3780 ac
780 3721 957 3782 simultatum
981 3729 1023 3782 tot
1046 3723 1103 3781 iarn
1126 3714 1218 3783 annos
1241 3721 1435 3783 continentem
1457 3722 1488 3780 in
1511 3739 1562 3782 vos
1583 3719 1695 3782 lernam
1717 3719 1798 3782 elua-

440 3823 569 3883 §.ottisz
594 3821 672 3881 toras
689 3823 841 3882 enimsista
865 3811 1001 3885 enomere
1024 3826 1178 3907 convenit.¹
1214 3823 1297 3895 Quod
1321 3824 1374 3884 nisi
1396 3822 1491 3884 laeitis
1513 3829 1540 3884 et
1556 3824 1632 3883 intra
1648 3841 1699 3883 vos
1713 3833 1833 3900 gras-³⁰

508 3923 591 3984 sandi
613 3923 701 3983 linem
725 3922 835 3994 laeitiS,
863 3943 922 3985 uon
951 3925 1025 3986 leret
1051 3926 1178 4005 populus
1201 3927 1364 3988 Germanus
1383 3925 1434 4003 qui
1456 3925 1497 3985 sic
1527 3924 1724 3995 imminuitur,
1755 3927 1798 3986 sic

507 4025 661 4102 allligitur,
686 4026 727 4085 sic
749 4026 960 4113 pessundatum
989 4045 1049 4088 non
1072 4029 1160 4096 leret,
1188 4030 1324 4106 inquam,
1353 4026 1405 4086 sed
1427 4024 1505 4086 volet
1526 4044 1611 4087 suum
1634 4026 1797 4088 incommo-

507 4126 592 4195 dum,
616 4125 852 4206 quandoquidem
876 4128 944 4188 binc
967 4130 1092 4209 prodiit,
1116 4134 1211 4190 restro
1234 4131 1391 4191 resarcire·
1402 4127 1495 4198 malo,
1519 4134 1548 4189 et
1568 4129 1659 4189 timeo
1680 4145 1796 4211 nema-

439 4229 592 4293 §.roeximo
617 4226 702 4289 malo.
748 4230 784 4289 dt
807 4230 905 4308 tingite
927 4231 1027 4291 mitius
1049 4221 1251 4292 con'sulturam
1273 4230 1467 4291 inconsultam
1490 4228 1623 4309 plebem,
1656 4248 1690 4290 ac
1712 4231 1797 4310 stqrra

507 4331 536 4390 in
560 4349 610 4391 ros
633 4331 795 4392 coniuratio
817 4337 984 4402 nroseatnr,
1008 4333 1100 4412 siquis
1121 4331 1262 4395 turnultus
1284 4334 1431 4411 insurgat,
1453 4332 1517 4393 lore
1539 4338 1571 4390 ut
1593 4329 1628 4390 ad
1652 4330 1830 4393 conditio-ss

505 4449 557 4493 nes
581 4431 753 4510 adigamini,
784 4433 847 4495 lore
879 4442 910 4494 at
939 4434 1072 4513 quadam
1102 4432 1277 4513 quibusdam
1306 4433 1418 4494 morbis
1447 4432 1569 4494 medelae
1597 4442 1794 4513 apponantur,

506 4541 602 4594 tamen
625 4533 840 4596 amarulentum
864 4537 919 4598 erit
941 4534 999 4595 hoc
1023 4536 1205 4606 remedium,
1236 4537 1358 4598 mordax
1388 4543 1417 4597 et
1446 4535 1556 4597 doloris
1584 4533 1671 4614 plena
1701 4536 1795 4597 medi·

506 4636 585 4696 cina:
616 4635 733 4715 quaudo
761 4637 850 4716 igitur
879 4655 933 4716 per
955 4644 1067 4697 nosmet
1089 4638 1169 4716 ipsos
1192 4637 1397 4700 convalescere
1420 4636 1606 4710 robis-licet,
1637 4657 1672 4700 ac
1693 4639 1795 4701 s'eoum

505 4735 595 4810 babet
617 4738 741 4816 quisque
763 4739 951 4807 medicinam,
981 4745 1099 4800 utnon
1123 4758 1198 4819 opus
1219 4741 1257 4800 sit
1278 4740 1393 4801 aliunde
1417 4756 1483 4801 cum
1506 4738 1607 4801 dolore
1630 4747 1680 4820 aut
1702 4741 1794 4804 mole-

505 4839 558 4899 stia
580 4840 728 4917 accipere,
758 4837 978 4912 ut,consultum
1000 4841 1038 4901 sit
1059 4840 1160 4912 robis,
1188 4843 1218 4902 iu
1241 4840 1391 4920 publicum
1414 4840 1571 4910 consulite;
1601 4849 1633 4903 ut
1654 4860 1706 4904 vos
1727 4855 1827 4906 ser-to

571 5023 720 5091 ⁶dienen]
740 5024 784 5076 cf.
797 5027 858 5077 Lir.
871 5026 907 5075 11.
922 5025 962 5076 32.
1017 5024 1038 5058 ¹³
1056 5027 1110 5078 isto
1128 5032 1153 5079 2.
1166 5029 1214 5078 sed
1229 5044 1299 5080 corr.
1312 5029 1361 5091 bs.
1412 5024 1435 5059 ¹⁸
1453 5025 1575 5093 proeliari
1593 5031 1616 5078 1.
1630 5030 1656 5079 t.
