4300 6059
453 696 525 768 ¹94
589 726 783 763 consummo
801 726 965 762 GBBUMCA
984 726 1140 762 eneruem
1157 726 1192 761 AB
1211 726 1403 762 tutoremve
1421 726 1456 760 BT
1469 727 1494 762 0.
1507 725 1533 760 Δ.
1549 720 1606 760 tttl.

449 904 509 943 cum
531 887 636 943 caeteris
658 886 832 958 congregatis
861 902 970 958 operam
999 884 1117 946 dahurrt,
1146 893 1176 941 ut
1204 883 1328 940 nonnulla
1351 883 1512 957 Scytharum
1540 903 1589 941 scu
1612 885 1740 941 Tartaro·

449 990 525 1032 euin,
548 972 594 1045 qui
616 969 743 1049 Pelopis,
767 970 899 1026 lluthenis
921 978 948 1025 et
971 969 1098 1025 llloldavis
1121 968 1226 1024 finitimi
1249 975 1328 1031 sunt,
1358 969 1528 1024 convenienti
1551 970 1688 1044 stipendio
1711 969 1740 1025 in

449 1056 647 1130 expeditionem
676 1053 831 1110 alliciantur
858 1063 886 1110 et
912 1055 1108 1110 conducantur.
1153 1054 1200 1127 qui
1230 1071 1283 1109 una
1311 1071 1372 1110 cum
1395 1052 1524 1109 lloldavis
1554 1063 1582 1110 et
1605 1054 1737 1118 Valachis,

449 1141 496 1215 qui
518 1140 631 1196 Maiores
662 1139 737 1214 llysii
767 1139 849 1212 vulgo
878 1140 1067 1202 nominantur,
1097 1139 1143 1212 qui
1173 1138 1251 1194 sacile
1281 1137 1314 1194 ab
1341 1156 1373 1194 ea
1402 1138 1548 1195 tributaria
1574 1140 1740 1203 conditione,

448 1243 529 1299 quiam
551 1243 611 1281 cum
635 1225 730 1281 Turris
752 1221 863 1287 habent,
886 1225 1007 1298 separari
1030 1233 1176 1299 poterunt,
1206 1224 1319 1298 primam
1342 1225 1411 1280 hanc
1433 1225 1549 1297 proximi
1571 1227 1633 1280 anni
1656 1235 1759 1298 expe-t

448 1311 579 1366 ditionem
608 1327 669 1367 cum
698 1310 819 1368 Polonne
846 1311 918 1383 llcge
946 1310 1111 1384 suscipiant,
1148 1317 1176 1366 et
1204 1309 1335 1365 Minorem
1364 1309 1445 1365 etiam
1469 1308 1620 1366 valachiam
1649 1327 1741 1365 secum

448 1396 565 1452 trahant.

533 1487 577 1540 ⁶24.
600 1479 650 1546 Qui
674 1480 783 1554 quidem
806 1481 911 1536 Tartari
934 1479 1015 1536 etiam
1038 1480 1161 1554 pecunie
1183 1479 1312 1553 premiis,
1336 1487 1366 1536 ut
1387 1479 1572 1536 necessarium
1595 1479 1740 1542 videbitur,

448 1566 521 1622 ultra
548 1565 638 1622 debita
666 1565 800 1640 stipendia
828 1573 997 1639 poteruuta
1024 1572 1118 1622 saneta
1140 1564 1207 1621 Sede
1235 1572 1264 1620 et
1292 1563 1352 1620 aliis
1380 1565 1556 1638 congregatis
1585 1574 1741 1640 opportune

447 1651 564 1708 invitari.
1750 1659 1776 1700 te

533 1742 575 1795 25.
599 1735 632 1791 Et
645 1735 688 1791 his
705 1735 793 1790 tribus
808 1734 975 1796 nationibus,
998 1733 1168 1808 Scytharum,
1192 1733 1330 1792 lloldavie
1352 1752 1382 1790 ac
1398 1733 1530 1793 valachie
1543 1734 1640 1808 copiis,
1663 1751 1740 1790 exer·

447 1820 547 1878 citibus
570 1822 627 1877 suis
649 1821 774 1882 adiectis,
803 1821 907 1894 poterit
928 1820 1120 1876 serenissimus
1142 1818 1263 1877 Potoniae
1285 1819 1338 1875 llex
1362 1820 1518 1893 praedictam
1540 1820 1741 1893 expeditionem

448 1924 523 1963 suam
539 1907 723 1962 Sementlriam
746 1922 839 1961 versus
861 1913 890 1961 et
911 1905 1023 1961 chillam
1046 1905 1181 1979 oppidum·
1198 1904 1331 1977 dirigere.
1360 1904 1448 1977 iisque
1471 1904 1539 1961 locis
1561 1903 1634 1961 lelici
1656 1905 1739 1961 ductu

448 1993 627 2066 expugnatis,
651 1989 839 2064 presidiisque
861 1991 889 2045 in
911 1989 951 2045 eis
973 2007 1025 2064 pro
1048 1990 1209 2046 necessitate
1237 1988 1392 2062 collocatis,
1415 1990 1447 2045 ad
1470 1989 1598 2064 hyberna
1612 2006 1673 2047 cum
1694 2008 1741 2046 co·

447 2077 502 2150 piis
527 2076 653 2132 omuilrus
676 2075 784 2130 reverti.
1752 2082 1774 2121 ta

533 2167 575 2221 26.
598 2159 676 2228 Quod
699 2159 807 2232 quidem
830 2175 860 2213 ea
883 2159 990 2215 ratione
1012 2158 1119 2214 facilius
1141 2158 1227 2215 cidem
1243 2157 1363 2216 Potonire
1380 2159 1438 2231 regi
1455 2159 1576 2215 luiturum
1592 2166 1643 2222 est,
1667 2159 1740 2232 quod

449 2248 599 2302 'lurcorum
624 2253 830 2318 tyrannusnon
853 2244 885 2299 ad
908 2261 954 2299 cas
976 2244 1118 2316 regiones,
1150 2244 1197 2298 sed
1226 2244 1318 2317 potius
1340 2244 1372 2299 ad
1394 2245 1605 2300 conservandam
1627 2243 1740 2318 Syriam,

448 2331 574 2387 Arabiam
596 2339 624 2386 et
645 2330 777 2391 Africam,
808 2347 875 2402 quas
905 2346 993 2403 nuper
1020 2346 1076 2387 suae
1102 2329 1201 2384 ditioni
1230 2329 1360 2390 subiecit,
1389 2338 1436 2385 aut
1464 2347 1559 2386 versus
1582 2329 1648 2385 alias
1670 2332 1741 2388 Asia)

449 2425 542 2490 partes
564 2415 681 2470 animum
705 2414 836 2470 intendet.

534 2506 578 2561 27.
600 2499 723 2554 Secundo
745 2508 835 2555 autem
858 2499 940 2555 lruitxs
961 2499 1140 2572 suscipiendae
1161 2499 1341 2573 expeditionis
1364 2515 1451 2560 anuo,
1475 2499 1521 2572 qui
1544 2499 1597 2554 erit
1617 2499 1774 2555 ‹tacimusae

450 2604 541 2643 nonius
569 2593 633 2659 post
662 2583 834 2639 nrillesimum
864 2592 891 2639 et
919 2584 1182 2657 quingentesimum.
1212 2583 1406 2638 llaxixnilianus
1428 2586 1517 2640 t‘aesar
1544 2592 1572 2639 et
1594 2584 1740 2641 Lusitania

451 2690 498 2727 seu
520 2668 697 2742 Ptrrtugallim
714 2669 768 2724 Rex
791 2678 944 2742 susceptam
967 2669 993 2723 iu
1016 2669 1106 2723 Africa
1129 2668 1327 2742 expeditionem
1351 2670 1481 2743 prosequi
1505 2667 1587 2724 latius
1609 2677 1742 2741 poterunt

449 2765 477 2813 et
500 2755 572 2812 ultra
594 2755 738 2827 dleayrum
761 2761 788 2808 et
810 2754 997 2810 Alexandriam
1020 2753 1155 2827 proficisci
1178 2754 1302 2827 viresque
1332 2771 1395 2810 suas
1417 2754 1504 2815 Afris,
1534 2753 1691 2809 Mauritauis
1712 2761 1741 2810 et

449 2841 583 2898 dralrilrus
606 2840 742 2912 stipendio
765 2840 906 2894 conductis
929 2856 1042 2912 augere,
1071 2839 1226 2913 presertim
1247 2857 1309 2893 cunr
1332 2856 1362 2893 ex
1387 2839 1586 2895 llarochiorum
1609 2849 1636 2894 et
1658 2839 1741 2896 l'exiu

449 2926 637 2998 llontanisque
660 2924 779 3002 Arabiae!
794 2925 885 2997 regnis
914 2941 1000 3000 usque
1029 2924 1062 2979 ad
1091 2933 1205 2980 centena
1233 2922 1317 2979 millia
1344 2923 1459 2981 militum
1483 2924 1561 2981 facilc
1588 2925 1776 2998 comparari²⁵

449 3011 566 3085 possint.
633 3055 635 3059 <

534 3104 576 3156 ⁶28.
600 3095 657 3150 lloc
679 3102 768 3150 autem
792 3092 912 3149 secundo
934 3093 1115 3167 expeditionis
1145 3112 1215 3149 auno
1244 3096 1346 3168 poterit
1375 3095 1566 3150 serenissimus
1589 3091 1741 3168 anglorum

450 3182 503 3236 llex
526 3198 587 3236 curn
610 3178 697 3233 classe
719 3187 747 3234 et
769 3178 933 3235 exercitibus
956 3179 1016 3234 suis
1039 3179 1070 3234 ad
1094 3196 1152 3234 earn
1181 3178 1340 3236 ulteriorem
1369 3179 1567 3253 expeditionem
1591 3180 1689 3236 eaesari
1711 3189 1741 3236 et

449 3267 578 3322 Lusitano
602 3264 725 3335 adiungi,
754 3281 834 3337 quem
862 3264 1050 3319 sanctissimus
1072 3264 1199 3320 dominns
1221 3273 1316 3320 noster
1339 3282 1473 3320 unacum
1495 3267 1602 3321 caeteris
1623 3282 1739 3339 congre·

449 3353 521 3424 gatis
548 3366 658 3406 monere
688 3347 778 3403 obiter
805 3348 957 3410 debebunt,
985 3357 1016 3404 ut
1038 3366 1096 3403 eam
1120 3348 1211 3409 latent,
1243 3367 1322 3422 quam
1346 3350 1476 3405 Caesareas
1497 3349 1628 3405 Maiestati
1656 3352 1683 3405 in
1713 3350 1777 3407 ua

450 3437 649 3492 sanctissimum
672 3435 812 3505 aegidium
835 3435 975 3495 astrinxit,
1004 3434 1031 3488 in
1059 3433 1110 3487 hac
1137 3432 1227 3489 oblata
1256 3435 1398 3491 occasione
1425 3452 1532 3491 servare
1555 3452 1609 3490 non
1630 3434 1742 3492 abnuat.

451 3521 565 3578 Etcum
589 3521 649 3594 ipso
673 3518 822 3590 Atrglorum
846 3519 919 3591 Rege
942 3526 1072 3592 poterunt
1095 3519 1175 3574 etiam
1200 3519 1286 3576 {larue
1309 3521 1362 3575 Rex
1384 3529 1413 3574 ct
1433 3537 1495 3576 cum
1510 3537 1544 3575 eo
1559 3520 1672 3593 llagnus
1688 3520 1742 3577 tta-

450 3608 537 3681 gister
557 3605 676 3663 Prussie
698 3621 759 3660 eum
782 3604 869 3678 copiis
893 3621 1038 3677 regnorum
1060 3613 1142 3676 atque
1170 3604 1303 3660 ditionum
1325 3621 1435 3661 suarum
1463 3623 1493 3661 ac
1519 3620 1580 3661 cum
1603 3604 1743 3661 llutlreno·

451 3773 653 3786 -—-—-

520 3872 669 3925 ¹dabit4.
705 3868 904 3936 mulctat,
939 3869 969 3904 2³
987 3858 1099 3936 in'exp.
1112 3887 1159 3921 om.
1173 3875 1199 3934 4,
1234 3870 1292 3921 ’et
1309 3871 1389 3921 cond.
1403 3886 1449 3921 om.
1464 3874 1489 3923 4.
1523 3870 1630 3923 ‘utsii
1649 3875 1674 3926 1.
1691 3888 1741 3925 on.

451 3961 524 4010 2...4.
543 3959 637 4008 Moesi.
675 3955 734 4021 qui]
752 3962 782 4006 et
800 3959 825 4008 4.
859 3954 1041 4021 ⁸2t.]27.2.
1076 3956 1281 4021 'stipendioe
1318 3955 1337 3989 ¹¹
1356 3954 1409 4021 aa]
1428 3954 1470 4006 28.
1484 3960 1510 4006 2.
1546 3958 1743 4023 Moldavyaet.

452 4042 473 4077 ¹²
491 4044 620 4094 sereniss.
633 4058 680 4091 om.
695 4044 720 4091 4.
756 4041 931 4106 praematuram
950 4045 1099 4105 exp.2...d.
1142 4040 1162 4073 ¹³
1180 4042 1351 4090 Snmcdriam
1370 4045 1394 4092 1.
1437 4041 1577 4093 Smedram
1596 4048 1654 4094 23.
1673 4045 1744 4094 Sme-

451 4130 557 4189 dcreuo,
576 4126 751 4193 Spenderobis
770 4126 890 4184 (lraecis,
914 4126 1032 4175 Ronronis
1049 4129 1106 4175 olim
1123 4127 1228 4175 Aureus
1247 4143 1330 4178 mons.
1348 4128 1471 4177 lllenlram
1490 4128 1563 4177 dohet
1583 4130 1607 4178 4.
1626 4135 1651 4176 et
1669 4133 1744 4178 inreti-

452 4216 499 4261 lem
522 4212 711 4261 adornationem
734 4209 857 4258 Modram
880 4224 942 4259 cese
964 4209 1102 4259 coloniam
1120 4211 1295 4259 Tartarorum
1318 4212 1491 4274 Alternum,
1516 4221 1545 4261 et
1567 4211 1619 4262 hoc
1643 4229 1743 4263 nomen

451 4313 501 4362 pro
520 4297 650 4362 primario
668 4295 791 4349 nentina,
816 4295 886 4357 quod
904 4294 931 4343 in
951 4294 1140 4359 appellatione
1158 4297 1336 4344 Moncaatron
1354 4296 1443 4346 adhue
1462 4301 1689 4362 cognosceretur,
1713 4298 1743 4347 in

451 4397 530 4432 nsum
547 4382 667 4431 venisse.
704 4377 788 4443 chit]
805 4379 1061 4429 KitinBesrarabtoe.
1098 4379 1215 4445 Opidum
1228 4382 1253 4429 2.
1290 4380 1363 4444 iiam]
1382 4380 1424 4430 his
1437 4383 1462 4430 4.
1499 4380 1520 4413 ¹⁴
1538 4380 1648 4452 eolles]
1667 4383 1742 4433 loea-

453 4467 490 4517 tie
507 4469 579 4517 2...4.
614 4465 730 4515 hiberna
749 4466 775 4513 4.
811 4462 831 4493 ¹⁶
848 4461 903 4530 ee]
923 4465 976 4514 Hic
992 4480 1119 4513 merum
1136 4468 1226 4514 neuma
1243 4465 1319 4515 dedet
1331 4469 1356 4516 2.
1393 4464 1413 4498 ¹⁷
1432 4481 1512 4531 quam
1531 4467 1703 4518 Tureharum
1715 4471 1742 4520 4.

452 4551 679 4617 “partitam
716 4547 836 4597 intendit
848 4551 921 4600 1...a.
955 4548 978 4582 ¹⁰
996 4547 1049 4615 27.]
1063 4548 1135 4600 29.2.
1149 4557 1176 4599 et
1187 4553 1225 4600 sic
1236 4552 1356 4614 detncepa
1368 4550 1467 4600 ὸίηανίο
1485 4553 1605 4602 maiorem
1616 4568 1744 4602 numm

451 4636 537 4686 debet.
571 4634 744 4685 haimone.
777 4629 936 4682 ”Africam
946 4638 970 4683 4.
1006 4631 1197 4684 ”Alcaierum
1207 4639 1232 4684 2.
1241 4638 1266 4685 3.
1284 4634 1450 4700 nicagoram
1460 4640 1485 4688 4.
1519 4637 1743 4689 qumthanisz.

451 4720 475 4755 ¹⁴
493 4721 670 4772 etF.om.4.
705 4714 866 4766 ¹‘Arabica
885 4719 909 4766 4.
949 4715 972 4749 ²¹
990 4716 1096 4784 autem]
1114 4723 1171 4768 tum
1189 4723 1214 4770 4.
1248 4719 1270 4753 ⁸⁸
1289 4717 1388 4784 exere]
1408 4721 1496 4786 copiis
1514 4708 1538 4772 4.
1573 4719 1596 4754 ³⁹
1614 4719 1695 4788 Ima]
1713 4721 1744 4772 ln

453 4804 571 4855 finitimo
590 4806 664 4856 1...a.
700 4816 756 4851 una
772 4815 821 4850 oar.
835 4802 860 4850 4.
895 4798 920 4833 ⁸⁰
936 4817 1046 4853 movere
1065 4806 1090 4854 4.
1125 4803 1241 4854 debebit
1253 4806 1278 4854 4.
1313 4802 1335 4837 ⁸¹
1353 4806 1522 4870 astringite.
1541 4803 1666 4872 amrium]
1682 4805 1745 4873 liga

453 4890 478 4940 d.
493 4888 533 4940 to.
547 4889 610 4939 Oet.
624 4904 649 4938 a.
665 4884 738 4937 texe.
757 4886 830 4942 iuter
847 4885 961 4950 Papam,
982 4888 1188 4953 Imperatorem,
1202 4889 1399 4953 Hispaniarum
1412 4889 1575 4955 Angliaeque
1594 4904 1675 4955 reges
1693 4904 1743 4957 pre

453 4974 615 5024 defensione
628 4971 766 5022 Ecclesiae
778 4970 857 5020 inita.
892 4968 915 5002 ³²
926 4971 1024 5022 Daciae
1036 4977 1109 5029 2.,.4.
1129 4972 1200 5021 Dan.
1213 4969 1258 5038 R.]
1270 4971 1457 5025 Christiemue
1469 4974 1505 5024 11.
1541 4975 1579 5025 Μ.
1589 4969 1743 5040 ΗΜ]

453 5057 582 5108 Albertux
599 5054 885 5120 Brundeuburgouaie.
932 5051 955 5087 ³³
973 5070 1006 5105 aa
1025 5057 1163 5108 dicionem
1181 5059 1206 5106 2.
1243 5072 1278 5112 ae
1294 5056 1435 5107 ditionum.
1449 5060 1474 5108 4,
