4300 6059
470 685 538 753 102
560 713 682 748 RVTTEM
695 715 730 747 AD
744 714 889 747 Pflln'ctrrs
902 713 1028 747 Grumvt·
1041 713 1152 746 mcunvu
1167 712 1265 745 TVBCIS
1280 711 1419 745 Ihrltunrtr
1433 694 1748 760 nxuonrdromullilffi)

456 793 457 797 ,
1498 765 1505 801 l

467 870 614 946 egentium
638 866 722 929 turba
745 870 843 946 (quam
866 868 922 926 iam
946 867 1077 944 nudique
1100 865 1287 946 advocabant)
1311 868 1341 926 in
1366 864 1546 944 locupletum
1570 867 1674 927 domus
1696 869 1750 928 im-

385 973 452 1034 it,
468 978 568 1051 petum
591 971 736 1038 lacerent,
760 971 856 1029 omnia
879 970 1003 1047 rapinis,
1027 969 1122 1028 urruua
1147 968 1274 1029 caedibus
1297 971 1463 1028 miscerent.
1508 967 1591 1037 Quod
1608 971 1674 1044 quie
1691 988 1749 1029 uon

466 1073 567 1141 cessit,
591 1080 620 1131 et
641 1073 705 1149 quia
730 1071 802 1130 den's
824 1072 950 1149 optimus
972 1073 1115 1131 maximus
1138 1072 1301 1149 prospexit,
1326 1090 1363 1131 nc
1386 1068 1418 1148 (si
1441 1088 1495 1148 por
1519 1088 1567 1139 ros
1588 1069 1665 1150 licet)
1690 1074 1750 1132 cui·

466 1192 553 1252 quam
576 1172 780 1233 huiuscemodi
802 1172 924 1250 posthac
946 1173 1069 1232 consilio
1092 1192 1166 1251 opus
1182 1175 1232 1242 sit,
1256 1174 1331 1250 agite
1347 1173 1480 1240 tandem,
1504 1172 1654 1234 tortissimi
1669 1175 1750 1252 prin·

466 1278 561 1354 cipes,
585 1275 631 1335 dei
655 1281 771 1335 utamur
791 1262 950 1334 beneficio:
979 1277 1008 1334 in
1034 1275 1114 1335 vohis
1137 1277 1224 1335 situm
1248 1281 1306 1341 est,
1338 1293 1387 1333 ros
1416 1274 1570 1342 monendi,
1601 1292 1650 1335 ros
1673 1277 1778 1334 cxci-5
1816 1310 1818 1315 ·

466 1377 561 1437 tandi:
596 1385 713 1454 paratos
741 1374 858 1435 hahetis
887 1375 995 1437 milites
1024 1378 1111 1436 etiam
1139 1379 1164 1435 si
1193 1378 1312 1436 creditis
1340 1375 1441 1455 piures
1472 1394 1559 1454 quam
1589 1394 1663 1455 opus
1692 1383 1750 1443 cst;
1836 1404 1841 1411 ·

466 1485 600 1558 paratum
624 1477 738 1539 hahetis
760 1477 866 1537 ducem
889 1478 968 1538 liuuc
992 1478 1218 1539 blaxinriliannm
1242 1480 1402 1547 Caesarem,
1425 1479 1475 1557 qui
1497 1496 1590 1538 anctos
1613 1479 1669 1537 iam
1686 1477 1751 1557 plu·

466 1599 514 1640 res
537 1599 628 1640 rurnm
653 1580 709 1639 hoc
731 1579 903 1649 meditatur,
926 1598 1018 1640 uuum
1040 1580 1097 1639 hoc
1120 1579 1240 1648 molitur
1262 1589 1349 1657 atquc
1372 1581 1445 1656 agit,
1470 1586 1501 1639 ut
1523 1580 1654 1639 lurcntes
1676 1579 1751 1639 'lur-

468 1701 570 1742 carum
594 1684 720 1760 impetus
741 1683 840 1748 sistat,
864 1689 897 1741 ut
919 1700 993 1741 noro
1017 1700 1050 1741 ac
1072 1683 1184 1758 ingenti
1200 1682 1332 1741 laciuore
1347 1683 1555 1742 Germanicum
1572 1699 1681 1741 nomen
1697 1681 1751 1741 ho-

407 1790 572 1848 ttuestct.
617 1784 715 1862 Agite,
738 1783 857 1844 audete:
886 1802 1003 1862 semper
1026 1785 1134 1862 optima
1158 1801 1280 1862 quaeque
1303 1784 1331 1843 in
1358 1783 1424 1858 luga
1455 1793 1499 1843 cst
1527 1784 1655 1843 occasio:
1685 1798 1785 1861 quaem

467 1887 535 1965 quia
558 1904 637 1945 nuuc
658 1886 792 1964 proximo
816 1885 898 1945 vohis
919 1886 1015 1956 adest,
1039 1891 1068 1946 ct
1091 1886 1159 1963 qnia
1183 1885 1238 1945 nisi
1254 1885 1369 1944 iamiam
1386 1885 1524 1954 utamini,
1547 1885 1654 1946 frustra
1672 1894 1751 1964 post·

467 1988 522 2047 hac
545 1989 718 2063 requiretis,
741 2005 857 2064 quaeso,
881 1987 1024 2056 inuadite,
1048 1993 1205 2066 occupate,
1228 1989 1366 2063 arripite,
1390 1988 1501 2047 teneto!
1524 1986 1600 2048 male
1617 1988 1751 2048 ditl'ertur

468 2090 547 2167 quod
571 2089 607 2148 ah
630 2090 786 2149 occasione
809 2089 956 2148 dillcrtur:
980 2090 1078 2148 minus
1101 2087 1267 2167 periculosa
1290 2089 1386 2148 ouutis
1408 2088 1544 2149 celeritas
1567 2095 1625 2156 cst;
1649 2097 1751 2148 contra

467 2208 616 2269 nunqnam
639 2207 697 2249 uon
720 2191 749 2249 in
772 2207 854 2249 mora
878 2189 1052 2267 periculum,
1090 2191 1213 2269 proinde
1228 2192 1253 2251 si
1268 2208 1395 2268 uuquam
1413 2191 1509 2268 prinu,
1533 2208 1611 2250 nunc
1627 2193 1752 2252 maxime

469 2292 688 2371 properandum
712 2290 808 2353 robis:
832 2290 1029 2352 inconsultum
1053 2300 1111 2363 est,
1135 2293 1334 2371 perniciosum
1358 2298 1401 2352 cst
1422 2294 1452 2350 in
1475 2291 1523 2352 toli
1547 2298 1683 2370 tantaque
1698 2312 1750 2373 op·
1766 2300 1787 2338 ¹⁵

409 2393 648 2471 §.oportunitate
671 2395 834 2454 cunctari·
858 2392 901 2453 Ab
924 2395 989 2454 unis
1013 2394 1094 2454 robis
1118 2395 1250 2454 univorsa
1275 2393 1507 2453 Clu'utianorum
1534 2393 1613 2454 salus
1641 2394 1751 2474 depen-

468 2495 532 2561 det,
557 2512 607 2553 vos
630 2513 732 2555 ornnes
754 2497 922 2565 intuentur,
946 2503 1074 2556 vestrum
1098 2513 1200 2556 omues
1222 2495 1361 2555 auxilium
1385 2503 1486 2564 orant,
1512 2497 1543 2556 in
1567 2495 1647 2556 robis
1669 2512 1753 2575 spem

468 2595 581 2662 locant;
605 2615 621 2655 a
644 2591 751 2674 quibus
774 2597 905 2658 destituti
926 2599 952 2657 si
974 2597 1098 2667 luerint,
1120 2605 1183 2683 tum
1206 2597 1242 2657 dc
1265 2617 1297 2657 sc
1320 2605 1416 2656 actum
1439 2604 1551 2675 putant.
1589 2598 1707 2658 deurnm
1724 2599 1752 2657 iu

468 2699 571 2758 restris
592 2700 679 2758 situm
703 2706 752 2775 est
768 2701 888 2768 animis,
913 2700 1018 2759 cedant
1033 2699 1137 2759 Turcce
1159 2717 1202 2758 art
1220 2697 1351 2775 reliquiae
1367 2697 1526 2758 Christiani
1541 2698 1668 2759 nominis
1684 2717 1752 2777 per-

395 2810 397 2815 '
468 2806 545 2860 cant.
591 2800 699 2862 Videtis
721 2807 829 2879 quanta
853 2819 918 2861 cum
942 2800 1033 2878 gloria
1056 2808 1162 2879 quanta
1187 2799 1267 2860 vobis
1289 2799 1396 2861 utilitas
1418 2802 1573 2862 coniuncta
1599 2801 1650 2861 sit:
1682 2801 1786 2860 ‹tuma›

468 2909 563 2962 vestra
586 2902 758 2972 dclcudilis,
787 2901 881 2963 aliena
903 2905 1042 2971 serratim
1071 2903 1140 2963 duur
1163 2903 1314 2981 propriam
1343 2920 1476 2963 caussam
1505 2904 1605 2980 agitis,
1634 2903 1753 2963 interim

469 3003 505 3063 de
533 3002 596 3064 aliis
618 3003 695 3065 hene
724 3006 892 3073 mercuriui;
926 3011 1006 3065 certe
1029 3005 1108 3065 enim
1130 3023 1213 3065 suam
1237 3003 1318 3064 robis
1340 3002 1463 3065 salutem
1488 3006 1682 3065 communiter
1705 3023 1753 3064 ac·

470 3108 583 3182 ce'ptaur
607 3124 710 3167 omncs
732 3108 870 3168 referent.
914 3105 972 3167 l'os
994 3113 1164 3174 strennuos,
1194 3125 1246 3165 vos
1268 3106 1371 3175 fortes,
1387 3108 1389 3113 '
1405 3125 1455 3167 vos
1484 3108 1564 3184 pios,
1594 3125 1643 3166 vos
1672 3105 1754 3166 orbis

410 3216 455 3268 §.n
471 3206 627 3267 Christiani
656 3206 830 3270 liberatores
856 3207 1067 3288 praedicabunt.
1112 3225 1169 3285 qua
1198 3207 1291 3286 gloria
1318 3209 1388 3286 quid
1417 3216 1511 3286 potest
1535 3227 1598 3268 osse
1622 3208 1753 3284 magnili-

468 3310 596 3378 ceutius,
628 3310 696 3388 (prid
719 3309 917 3388 splendidius?
945 3319 1033 3390 atque
1061 3309 1135 3371 adeo
1158 3328 1224 3389 qum
1245 3310 1397 3370 honestior
1420 3309 1498 3379 laus,
1527 3327 1593 3387 quae
1623 3308 1751 3369 nobilior
1761 3324 1786 3362 2⁵

468 3410 559 3480 lama,
590 3411 667 3489 quod
691 3412 781 3472 decus
803 3411 942 3472 solidius?
971 3412 1014 3471 hd
1043 3429 1108 3488 quaa
1138 3410 1214 3471 bona
1239 3411 1418 3489 capessenda
1441 3430 1508 3472 curn
1531 3412 1680 3473 adhortari
1703 3429 1754 3471 vos

469 3512 661 3583 instituerim,
686 3520 716 3574 et
737 3513 904 3574 huiusmodi
928 3515 1025 3574 lutura
1047 3515 1216 3574 necessario
1246 3515 1282 3574 sit
1303 3512 1366 3573 lucc
1388 3513 1551 3574 adhortatio
1575 3521 1606 3574 nt
1627 3532 1687 3573 non
1710 3514 1754 3573 ni-

469 3611 510 3672 hil
533 3614 562 3672 in
591 3632 622 3674 sc
650 3615 853 3699 amaritudinis
881 3619 1042 3686 contineat,
1079 3632 1178 3694 quaeso
1209 3633 1246 3674 ne
1273 3615 1344 3675 mihi
1367 3622 1552 3685 succensete,
1587 3617 1753 3695 principes:

409 3728 456 3780 tt.
471 3721 532 3774 tum
555 3717 580 3776 si
603 3715 713 3777 nullam
735 3736 830 3778 meam
846 3719 988 3797 privatam
1004 3735 1137 3779 caussam
1153 3735 1222 3795 ago,
1246 3716 1355 3777 nullius
1369 3716 1495 3778 hominis
1511 3718 1639 3777 favorem
1656 3725 1752 3805 capto,

468 3818 494 3876 si
516 3819 614 3878 omnia
636 3819 665 3878 in
688 3819 743 3880 hac
765 3821 897 3881 oratione
920 3827 1007 3882 erunt
1028 3821 1210 3888 neccssaria,
1235 3818 1308 3879 nihil
1324 3820 1450 3880 otiosum
1467 3826 1516 3880 aut
1531 3808 1679 3896 petulans,
1702 3820 1788 3880 dea

469 3920 556 3997 nique
578 3921 603 3979 si
626 3923 682 3999 ipsi
710 3924 873 3998 agnoscetis
900 3921 973 3981 inibi
1001 3941 1098 3983 mcum
1128 3938 1197 3998 erga
1226 3920 1302 3981 hanc
1330 3921 1454 3999 patriam
1482 3921 1626 3988 studium,
1656 3913 1753 3981 ineam

469 4038 647 4099 propensam
670 4025 700 4083 in
728 4023 941 4103 rempublicam
963 4025 1140 4085 Germanam
1164 4022 1359 4091 voluntatem,
1383 4021 1426 4082 las
1441 4022 1513 4082 mihi
1528 4022 1609 4082 sitin
1624 4024 1753 4083 maximo

470 4123 548 4200 quod
570 4142 624 4185 nos
646 4127 816 4187 circumstat
838 4125 984 4205 periculo,
1015 4128 1045 4185 in
1068 4142 1182 4185 summo
1206 4123 1287 4185 orhis
1310 4123 1465 4185 Christiani
1488 4125 1672 4193 discrimine,
1701 4123 1753 4185 ali-

360 4246 364 4255 ¹
410 4224 539 4302 §.cquid
562 4225 655 4287 libere
678 4227 756 4306 apud
779 4246 829 4289 ros
852 4227 946 4306 loqui,
977 4226 1088 4306 aliquid
1116 4244 1170 4304 pro
1193 4242 1226 4287 re
1249 4233 1278 4287 et
1299 4244 1385 4287 causa
1408 4226 1515 4287 diccrc.
1560 4244 1628 4286 uam
1651 4227 1675 4285 si
1696 4225 1754 4287 tale

469 4328 618 4405 quippiam
643 4338 719 4390 esset
740 4328 797 4388 hoc
819 4329 897 4408 qnod
913 4345 983 4406 ago,
1009 4338 1040 4388 ut
1055 4329 1140 4389 nnius
1156 4327 1227 4388 mihi
1243 4329 1358 4389 animus
1373 4327 1599 4388 commovendus
1614 4327 1751 4397 dictione,
1762 4344 1787 4384 :u

470 4429 558 4490 tritius
580 4431 732 4490 excitanda
755 4430 864 4492 desidia
887 4436 1122 4510 proponeretur,
1146 4429 1217 4490 nihil
1241 4448 1420 4509 magnopere
1442 4428 1585 4495 sollicitus
1607 4448 1672 4491 csse
1694 4429 1753 4490 vel-

536 4683 548 4715 l
566 4683 704 4736 Oaeanrem
721 4685 800 4735 delen.
813 4689 843 4732 11.
861 4683 978 4735 Mortuus
996 4691 1052 4735 erat
1065 4684 1270 4747 thesauriarius,
1289 4701 1342 4734 cum
1355 4685 1482 4735 Huttenua
1499 4657 1753 4736 odmtationea'scm'·

470 4768 549 4820 deret.
603 4769 624 4804 ¹⁰
642 4770 755 4836 Semper
771 4775 824 4844 11.Ι
852 4769 995 4818 -Ausonius
1014 4769 1100 4835 epigr.
1115 4768 1153 4819 ta.
1174 4769 1207 4819 do
1227 4769 1382 4819 Occasione
1401 4783 1428 4818 v.
1445 4768 1482 4819 lb.
1495 4785 1536 4834 aq.
1560 4769 1623 4830 „Tu
1647 4785 1753 4834 qnoque

470 4854 532 4904 dum
551 4856 669 4921 rogitas,
694 4851 962 4921 dum-percontando
986 4855 1114 4913 moreris,
1145 4853 1278 4919 Elapsum
1301 4853 1377 4902 dicos
1401 4869 1444 4902 mc
1467 4854 1520 4903 tibi
1543 4852 1576 4904 de
1600 4855 1753 4904 naonibus’t

365 4980 373 4993 .
400 4971 408 4987 ·
469 4939 709 4991 carneadem.
729 4931 1067 5003 Groecorumquellutpdv.
1120 4935 1430 5005 ²¹causam1.l.obiq.
1469 4936 1492 4969 ²⁸
1509 4939 1753 5005 strenuosmbiq.

469 5022 492 5057 ⁸⁰
510 5025 631 5076 ociorum
648 5027 673 5080 1.
724 5022 747 5057 ⁸⁸
765 5025 918 5076 circunatct
934 5025 960 5073 2.
1012 5019 1034 5054 ⁸⁴
1053 5026 1128 5074 eta.
1147 5036 1181 5074 cc
1199 5025 1256 5073 1.2.
1308 5019 1330 5053 ⁸⁵
1348 5021 1489 5087 quidpiam
1507 5025 1532 5073 l.
