4300 6059
460 675 533 744 274
588 705 722 739 urcitanus
735 704 908 739 statuuntur
923 704 956 737 vt:
970 704 1116 738 CONVEN'IV
1130 704 1304 738 nvoiaaanat
1318 704 1494 750 aesculano.
1513 703 1540 738 Δ.
1556 697 1612 736 ibib.

470 855 529 935 6ξὲ
593 861 768 934 capiundas.
791 861 976 931 elecepliono‘i,
1000 865 1179 932 imposturas.
1208 863 1235 913 iu
1257 861 1354 932 quibus
1382 861 1507 916 Curinles
1528 865 1617 918 nostri
1642 871 1744 934 ternpo-

389 951 447 1002 §.sa
481 943 519 1019 Ιξζῗ
593 950 633 1001 ris
645 953 808 1004 versantur:
829 948 919 999 orrtroia
934 956 1066 1017 enrriqotn
1082 962 1156 1008 esse.
1179 945 1248 1000 nibil
1259 946 1330 1013 botri,
1345 943 1414 999 niltil
1421 948 1466 1017 pii
1477 951 1596 1019 amplius
1608 953 1744 1019 ewroosci,

455 1035 523 1088 nillil
543 1034 618 1092 iusti,
642 1030 710 1085 arbit
728 1034 819 1085 sancti
836 1029 941 1101 soceri,
971 1038 997 1085 et
1013 1033 1152 1102 pleraque
1173 1032 1228 1084 alia
1249 1029 1405 1086 buittsnrodi
1424 1032 1500 1084 nullis
1521 1035 1578 1087 adri
1600 1033 1635 1088 de
1656 1049 1743 1087 clausu

454 1118 655 1185 recitabantur,
678 1117 732 1170 nisi
751 1116 824 1186 qreod
844 1118 907 1171 iura
929 1119 1048 1171 omnium
1070 1117 1262 1186 beneficiorum
1284 1123 1375 1171 essent
1395 1114 1512 1175 abolita.-
1541 1118 1610 1172 iliud
1637 1125 1743 1173 tantuin

454 1204 489 1258 de
509 1202 632 1257 omnibus
653 1207 679 1256 et
700 1200 798 1272 umqsoe
818 1203 878 1272 aqi,
906 1202 980 1272 qnod
1003 1201 1181 1274 sycophantae
1208 1202 1249 1254 illi
1274 1217 1309 1255 ac
1335 1203 1494 1272 impostores
1516 1202 1614 1258 Roma
1641 1203 1765 1268 uolunta

453 1294 609 1359 tantumque
631 1286 726 1341 abesse
754 1293 783 1341 ut
810 1286 915 1357 aliquid
935 1289 1005 1342 certi
1024 1289 1053 1342 in
1073 1286 1234 1341 sacerdotiis
1255 1286 1357 1341 babere
1380 1288 1474 1356 possis
1490 1295 1611 1358 propter
1631 1303 1743 1359 repres-

452 1389 516 1442 sus,
544 1387 685 1438 accessus,
717 1373 918 1426 resero-atrones
939 1380 980 1441 et,
1009 1379 1038 1426 ut
1054 1371 1174 1443 perinde
1195 1372 1300 1440 voleat,
1322 1373 1528 1442 expectatione,
1557 1375 1744 1431 revocationes

453 1450 634 1530 mgmj
656 1452 663 1521 Ι
687 1463 711 1509 et
733 1455 804 1509 inille
830 1457 860 1510 id
884 1472 986 1528 qenes,
1017 1465 1047 1511 ut⁴
1070 1457 1184 1527 pedales
1212 1471 1319 1528 quaque
1346 1473 1381 1509 ac
1410 1455 1515 1510 tibiales
1541 1460 1744 1513 reseruatioms

347 1565 349 1568 ·
384 1545 535 1617 §.ispanio
554 1546 619 1613 post
638 1543 691 1594 sint
708 1541 873 1612 proditura.
913 1549 939 1595 ct
959 1542 1032 1613 qaod
1050 1543 1212 1613 qrnoissirue
1229 1540 1382 1611 serendum
1403 1549 1457 1610 est,
1480 1543 1573 1613 iqnari
1592 1544 1743 1614 aemma

450 1629 609 1684 conditionis
629 1626 767 1691 bernicios,
790 1643 845 1680 tion
867 1627 964 1682 cirlate
985 1627 1055 1689 ullu,
1078 1643 1133 1681 nan
1154 1627 1240 1680 literis
1258 1626 1382 1696 praediti,
1405 1629 1432 1680 in
1452 1627 1566 1682 stamtli's
1585 1635 1689 1684 mnium
1706 1643 1742 1681 ac
1755 1638 1777 1676 ¹⁰

447 1716 557 1786 popinis
579 1715 703 1769 victitare
723 1712 808 1778 soliti,
831 1713 938 1782 irtqcotio
960 1712 1031 1765 rescito
1050 1711 1253 1782 prataque'nd
1273 1728 1389 1782 maqnas
1408 1713 1570 1784 plerumque
1582 1713 1743 1782 etl'eruntur

449 1800 608 1871 diqnitaless
629 1798 703 1868 qued
723 1796 914 1868 quideoncuon
936 1798 1033 1868 ubique
1053 1796 1106 1852 boe
1122 1799 1250 1868 patrari,
1272 1796 1323 1851 sed
1338 1798 1508 1867 potissimum
1529 1800 1557 1850 in
1577 1797 1742 1853 Leodi'ems

450 1903 567 1939 masma.
599 1888 607 1957 Ι
630 1881 785 1940 consuetum
807 1883 853 1944 sit,
882 1897 984 1952 raane
1001 1883 1146 1954 principes
1172 1882 1385 1952 obsecrareque,
1415 1887 1444 1935 ut
1470 1880 1619 1952 effraenata
1641 1881 1740 1939 Curin-

448 1966 621 2032 liurnslibido
649 1966 796 2037 aliquando
827 1964 1021 2020 coherceatur.-
1050 1967 1161 2038 quando
1191 1965 1251 2021 linc
1279 1969 1421 2038 iqnornrote
1443 1968 1574 2038 pontifice
1606 1969 1739 2032 maximo,

448 2046 517 2124 ,Ἦ
529 2044 552 2082 ¹·
578 2040 585 2108 Ι
607 2054 725 2105 corronium
747 2053 847 2121 optima
868 2058 897 2104 et
913 2053 1098 2118 calidissimo,
1125 2051 1342 2117 carminantur,
1371 2067 1425 2106 non
1453 2053 1558 2113 vereri,
1584 2055 1611 2106 si
1632 2053 1666 2105 de
1687 2051 1775 2106 bristi

448 2139 627 2192 omnibusne
649 2137 767 2189 orientium
787 2137 851 2205 fere
872 2137 1046 2207 callepiornoi
1073 2137 1186 2207 querela
1213 2153 1231 2190 a
1258 2136 1433 2206 principibus
1455 2138 1611 2192 Germania
1637 2139 1741 2192 certior

447 2224 512 2294 fiat,
542 2223 608 2292 quin
632 2222 747 2291 pessimi
771 2222 885 2291 quique,
913 2223 961 2292 qni
988 2219 1142 2287 Raraunum
1170 2222 1278 2275 curiam
1305 2220 1489 2291 labefactant,
1516 2238 1618 2292 parias
1646 2222 1743 2277 daturi

381 2311 513 2375 cassini.
558 2307 625 2361 eum
646 2305 708 2367 lotae
729 2312 755 2358 et
772 2307 910 2376 pleraque
931 2306 985 2359 ulia
1008 2308 1035 2359 iu
1056 2306 1131 2360 barre
1149 2308 1311 2392 §nitentium
1339 2307 1408 2360 lectu
1435 2306 1567 2378 fuissent,
1595 2297 1681 2361 ‹liluta
1703 2307 1742 2360 ad

445 2392 667 2463 porrreridiauum
689 2390 1056 2462 consultationem(sacratui.
1092 2390 1207 2444 Interim
1226 2392 1363 2462 pontificis
1384 2393 1501 2446 romaimi
1520 2392 1669 2466 diplomata
1693 2406 1739 2446 re-

389 2506 391 2513 ·
449 2481 530 2531 a'tutu
552 2483 632 2530 steort:
659 2492 723 2527 reram
746 2492 807 2528 cum
826 2476 953 2546 plerique
974 2491 1048 2530 rrrtnc
1069 2478 1187 2531 (auaritia
1209 2493 1284 2530 rrurte
1305 2476 1448 2531 ambitione
1474 2491 1534 2531 eum
1561 2484 1737 2540 instaurent,
1747 2483 1773 2524 ²⁰

449 2554 565 2638 ffissf‘
585 2556 594 2629 Ι
616 2561 693 2614 diluit
718 2563 746 2614 in
769 2562 803 2615 iis
835 2560 951 2622 abiecto,
979 2560 1129 2631 scindetque
1156 2560 1332 2632 Principibus
1356 2567 1461 2617 tanum
1487 2561 1595 2625 abesse,
1630 2568 1661 2616 ut
1681 2579 1739 2632 pro

449 2647 592 2700 ambitione
613 2651 757 2716 quicquam
779 2647 838 2715 ipse
858 2645 974 2716 nqqredi
994 2646 1148 2714 meditetur,
1179 2653 1208 2700 ut
1227 2649 1308 2701 enam
1329 2662 1435 2700 omnem
1457 2646 1580 2717 defensa
1603 2645 1737 2701 Cbristia·

450 2732 541 2786 nitatis
561 2731 677 2802 aleriam
700 2731 728 2784 in
750 2744 809 2792 eas.
832 2732 909 2785 incida
931 2745 991 2784 earn
1013 2734 1086 2785 tueri
1105 2733 1199 2799 retiret,
1221 2734 1376 2786 reiecturus
1395 2733 1438 2786 sit.
1477 2732 1551 2802 quod
1564 2740 1656 2786 autem
1671 2748 1739 2787 aaa·

451 2818 514 2871 ritui
537 2815 736 2883 damnaretur,
762 2815 835 2886 filisa
864 2831 895 2870 eo
924 2817 990 2870 vicio
1012 2819 1157 2885 accusari,
1186 2834 1249 2870 curn
1270 2819 1329 2887 ipse
1355 2816 1385 2869 id
1410 2823 1500 2871 maten
1526 2832 1556 2871 se
1578 2817 1644 2872 nelle
1664 2817 1739 2889 quod

447 2901 620 2973 principibus
644 2902 787 2955 Germanus
809 2900 847 2954 ad
868 2896 965 2955 belluni
980 2900 1108 2956 ·Tlturcis
1133 2901 1307 2971 inferendum
1330 2902 1489 2972 proficuum
1516 2904 1602 2973 mnqis
1630 2901 1771 2958 cidere-²⁵

382 3003 438 3053 §.aa
451 2994 510 3051 tur,
532 3000 641 3056 seniper
662 2987 833 3041 asseruisset.
878 2984 948 3050 Qua
969 3002 1030 3040 curn
1053 2986 1199 3058 Principes
1220 2987 1429 3049 intellexissent,
1452 2988 1559 3057 iniqua,
1582 2994 1611 3041 ut
1632 2988 1738 3058 accep,

448 3072 568 3126 tulerunt
588 3072 695 3133 nmina,
718 3070 854 3125 tlaortnntis
875 3073 954 3124 etiaim
977 3085 1151 3141 summopere
1170 3072 1203 3124 iis
1224 3074 1273 3143 qui
1291 3070 1446 3126 lttdusmodi
1464 3071 1666 3127 discordiarum
1683 3089 1737 3126 nu-

448 3158 573 3210 trimentu
596 3157 819 3223 disseminarent,
849 3171 910 3211 curn
934 3156 1047 3225 quatuo
1066 3159 1160 3227 potius
1188 3158 1292 3227 rteqottn
1313 3174 1396 3227 quam
1417 3156 1484 3226 quid
1505 3173 1576 3212 unus
1604 3158 1645 3213 nel
1665 3157 1738 3212 atter

446 3244 561 3297 seorsim
584 3259 601 3295 a
623 3240 752 3295 loauorum
774 3242 901 3312 npbtsone
920 3242 1070 3308 senserint,
1093 3243 1233 3312 respicere
1253 3240 1390 3296 deberent.
1424 3240 1480 3296 Sed
1499 3241 1568 3296 illud
1586 3242 1665 3316 lonqe
1680 3241 1736 3296 dis-

447 3318 663 3403 mwfiffm
684 3318 691 3387 Ι
712 3326 875 3380 simillimum
905 3326 1105 3381 Germanorum
1132 3325 1294 3396 Principum
1321 3327 1444 3397 dian'tuti
1469 3327 1555 3382 ouum
1583 3334 1636 3389 est.
1671 3328 1770 3381 eum³⁰

450 3414 529 3466 etiarn
552 3413 683 3482 scripturn
705 3417 789 3480 esset,
819 3413 852 3465 ‘si
872 3410 947 3464 trulii
967 3419 1017 3465 aaut
1038 3410 1188 3465 rationibus
1209 3417 1258 3464 aut
1276 3406 1500 3481 persuasionibus
1521 3414 1548 3466 in
1574 3413 1735 3465 salaminiam

450 3513 505 3550 oran
523 3501 650 3567 possent,
677 3496 880 3565 impellerentur
907 3492 1038 3567 quoque':
1066 3503 1097 3550 ut
1127 3494 1215 3558 lubet,
1243 3494 1343 3552 lactum
1366 3494 1406 3550 vel
1429 3494 1540 3551 laudent
1562 3495 1601 3552 rel
1631 3496 1736 3570 vitupe-

381 3589 526 3648 §.sarent3
555 3580 700 3653 egoenim
722 3580 803 3635 liuius
825 3597 914 3636 cauae
940 3581 1108 3653 disceptator
1135 3598 1195 3635 esse
1222 3579 1296 3635 nolo.
1340 3579 1429 3636 Pridie
1457 3579 1585 3636 kalendas
1612 3580 1742 3654 Septem·'

451 3666 514 3721 lire's
536 3673 653 3739 quatuor
675 3664 723 3718 viri
747 3664 852 3721 nobiles
874 3667 1005 3721 ‹Jasarem
1033 3665 1137 3726 adiere,
1160 3663 1402 3738 supplicaruntque
1425 3673 1456 3720 ut
1476 3664 1613 3722 Palatinos
1636 3664 1735 3739 regali-

451 3751 514 3812 bus.
539 3751 578 3805 sic
592 3749 662 3805 enirn
679 3749 830 3823 appellant,
846 3749 1011 3806 Palatiuatus
1027 3751 1184 3823 insigniret.
1208 3767 1295 3823 eoque
1310 3760 1447 3807 annuente
1461 3749 1612 3807 ludovicus
1628 3749 1733 3808 elector
1742 3753 1766 3794 δ”

449 3844 477 3892 et
498 3835 642 3891 Petierieus
665 3834 775 3908 iratres,
798 3834 911 3891 Palatini
933 3837 1061 3898 couutes,
1085 3835 1233 3891 intromissi
1256 3842 1329 3891 suut.
1366 3834 1477 3891 sedebat
1500 3836 1527 3890 in
1547 3835 1659 3908 fastigia
1675 3835 1733 3893 Cae·

449 3939 506 3982 sar,
531 3920 643 3992 reliquis
666 3920 793 3993 utrinque
815 3920 932 3994 stipatus
955 3921 1135 3983 attestantium
1157 3919 1270 3976 Palatini
1292 3929 1382 3976 autem
1404 3938 1495 3976 corani
1517 3920 1652 3993 genuflexi
1666 3937 1733 3977 can-

449 4005 549 4060 liriuari
584 4004 617 4060 ab
645 4004 810 4078 imperatore
838 4004 987 4061 humillimo
1016 4006 1162 4079 petierunt.
1212 4003 1360 4061 Casilinalis
1389 4004 1574 4078 limantium,
1603 4006 1732 4077 quoniam

452 4090 600 4145 lierruauia
622 4089 873 4147 archicancellarius
895 4100 950 4153 est,
975 4110 1025 4164 pro
1047 4094 1151 4146 tlasare
1175 4090 1329 4163 respondit,
1351 4108 1507 4163 {arantesque
1530 4097 1558 4144 et
1580 4089 1638 4163 ipse
1661 4091 1734 4146 iura·

451 4183 570 4230 nierituru
593 4174 674 4248 legit,
701 4174 829 4233 Palatinis
851 4176 959 4250 singula
982 4175 1060 4231 verba
1089 4174 1336 4248 subsequentibus;
1365 4175 1491 4250 imposita
1517 4174 1624 4231 deinum
1652 4180 1768 4231 mannil

383 4263 540 4323 §.sst'aesar
568 4268 714 4333 utrumque
742 4260 873 4334 ragaliiuu
901 4278 1013 4318 munere
1040 4269 1204 4334 prosecutus
1232 4267 1282 4315 est.
1332 4259 1491 4333 Augebatur
1518 4259 1625 4317 interim
1654 4260 1733 4321 tama.

451 4345 682 4419 queuuulruaduur
697 4353 725 4402 et
746 4347 985 4402 reverendissimus
999 4344 1148 4401 cardinalis
1169 4345 1255 4401 sancti
1270 4345 1337 4401 Sinti
1361 4363 1390 4402 se
1412 4345 1539 4402 babuisse
1559 4344 1654 4403 literas
1668 4344 1734 4402 mihi

450 4431 599 4492 recensuit.
623 4430 743 4487 Tliurcas
765 4449 819 4487 non
842 4432 930 4488 solurn
952 4429 1188 4506 Constantinopoli
1210 4429 1396 4487 formidabiles
1425 4447 1520 4505 parare
1548 4430 1656 4504 copias,
1687 4429 1734 4486 sed

517 4614 719 4678 ¹[ntnpbuntins
739 4617 762 4664 l.
816 4615 1206 4665 circumsisionem
1263 4611 1353 4676 &niti
1376 4613 1437 4677 initi
1456 4616 1482 4662 2.
1544 4611 1690 4664 '‘liliomae
1708 4626 1732 4665 a.

450 4700 544 4751 ”Pan
559 4716 590 4749 aa
604 4699 653 4748 tib.
669 4715 720 4757 res,
734 4716 769 4750 ex
780 4713 805 4752 n.
850 4700 1000 4764 'inflatilia
1013 4703 1038 4748 2.
1080 4698 1218 4760 ‘’iatiut.
1257 4697 1277 4731 ¹⁰
1295 4699 1494 4750 bandonivia
1512 4712 1536 4749 n.
1572 4696 1734 4760 effrinutut.

450 4783 472 4816 ¹⁴
489 4792 651 4835 coerceatur
668 4797 691 4836 n.
721 4787 887 4846 luditicatus.
907 4790 931 4835 2.
980 4783 1000 4816 ¹⁵
1018 4786 1121 4834 Lerrrrnu
1139 4786 1164 4832 in
1181 4786 1235 4832 salo
1253 4797 1268 4834 u
1285 4791 1332 4833 est.
1380 4785 1423 4834 hia
1440 4798 1464 4836 u.
1509 4780 1529 4813 '¹
1549 4783 1652 4832 Lemma
1668 4796 1736 4834 essu

449 4878 496 4920 est.
548 4868 570 4901 ²³
589 4867 668 4934 quad]
688 4870 734 4934 qni
754 4874 778 4918 3.
797 4885 857 4933 qnae
871 4873 894 4919 4.
908 4876 1036 4934 utrunque
1051 4872 1152 4931 finalem.
1204 4864 1226 4898 ²⁴
1244 4867 1312 4916 uitio
1329 4881 1353 4919 a.
1400 4874 1493 4917 tamen
1510 4869 1569 4917 edd.
1583 4871 1599 4917 t.
1619 4873 1738 4919 unnim.

448 4953 623 5005 ²⁵T11rcisa.
671 4955 693 4986 ²⁵⁵
710 4943 828 5018 negocia
846 4967 869 5006 a.
921 4953 943 4985 ²⁹
960 4959 1032 5018 tange
1050 4959 1074 5003 2.
1128 4952 1152 4984 ³⁰
1169 4953 1271 5002 laroma
1288 4956 1314 5002 in
1331 4960 1385 5003 soto
1403 4966 1426 5004 a.
1478 4950 1501 4984 ³⁸
1517 4950 1659 5014 §raeticus
1677 4955 1737 5002 Μ.

448 5037 468 5069 ⁸²
487 5039 620 5103 bubuil-Jt
637 5048 661 5090 t.
