<?xml version="1.0" encoding="UTF-8"?>
<!DOCTYPE html PUBLIC "-//W3C//DTD XHTML 1.0 Transitional//EN"
    "http://www.w3.org/TR/xhtml1/DTD/xhtml1-transitional.dtd">
<html xmlns="http://www.w3.org/1999/xhtml" xml:lang="en" lang="en">
 <head>
  <title>
</title>
<meta http-equiv="Content-Type" content="text/html;charset=utf-8" />
  <meta name='ocr-system' content='tesseract 3.04.00' />
  <meta name='ocr-capabilities' content='ocr_page ocr_carea ocr_par ocr_line ocrx_word'/>
</head>
<body>
  <div class='ocr_page' id='page_1' title='image "./ulrichihuttenie01huttgoog/ulrichihuttenie01huttgoog_0200.png"; bbox 0 0 4300 6059; ppageno 0'>
   <div class='ocr_carea' id='block_1_1' title="bbox 475 687 1603 758">
    <p class='ocr_par' dir='ltr' id='par_1_1' title="bbox 475 687 1603 758">
     <span class='ocr_line' id='line_1_1' title="bbox 475 687 1603 758; baseline 0.001 -7"><span class='ocrx_word' id='word_1_1' title='bbox 475 687 545 758; x_wconf 73' lang='grc'><strong>190</strong></span> <span class='ocrx_word' id='word_1_2' title='bbox 624 718 814 754; x_wconf 64' lang='lat' dir='ltr'><strong>consectario</strong></span> <span class='ocrx_word' id='word_1_3' title='bbox 827 706 988 753; x_wconf 67' lang='lat' dir='ltr'><strong>assuentes</strong></span> <span class='ocrx_word' id='word_1_4' title='bbox 1001 718 1153 753; x_wconf 73' lang='lat' dir='ltr'><strong>PBOPOSITA</strong></span> <span class='ocrx_word' id='word_1_5' title='bbox 1167 719 1201 753; x_wconf 75' lang='grc' dir='ltr'><strong>ΑΒ</strong></span> <span class='ocrx_word' id='word_1_6' title='bbox 1214 717 1404 753; x_wconf 70' lang='lat' dir='ltr'><strong>ELECTOBIBVS</strong></span> <span class='ocrx_word' id='word_1_7' title='bbox 1417 719 1451 752; x_wconf 76' lang='lat' dir='ltr'><strong>BT</strong></span> <span class='ocrx_word' id='word_1_8' title='bbox 1464 719 1490 752; x_wconf 73' lang='grc' dir='ltr'><strong>Ε.</strong></span> <span class='ocrx_word' id='word_1_9' title='bbox 1503 717 1529 752; x_wconf 79' lang='grc' dir='ltr'><strong>Δ.</strong></span> <span class='ocrx_word' id='word_1_10' title='bbox 1545 713 1603 752; x_wconf 72' lang='grc'><strong>1517.</strong></span> 
     </span>
    </p>
   </div>
   <div class='ocr_carea' id='block_1_2' title="bbox 475 860 1751 952">
    <p class='ocr_par' dir='ltr' id='par_1_2' title="bbox 475 860 1751 952">
     <span class='ocr_line' id='line_1_2' title="bbox 475 860 1751 952; baseline -0.002 -19"><span class='ocrx_word' id='word_1_11' title='bbox 475 893 638 952; x_wconf 90' lang='lat' dir='ltr'><strong>quocunque</strong></span> <span class='ocrx_word' id='word_1_12' title='bbox 660 894 743 933; x_wconf 89' lang='lat' dir='ltr'><strong>censu</strong></span> <span class='ocrx_word' id='word_1_13' title='bbox 766 885 792 931; x_wconf 91' lang='lat' dir='ltr'><strong>et</strong></span> <span class='ocrx_word' id='word_1_14' title='bbox 816 877 910 932; x_wconf 87' lang='lat' dir='ltr'><strong>ordine</strong></span> <span class='ocrx_word' id='word_1_15' title='bbox 932 860 1110 950; x_wconf 82' lang='lat' dir='ltr'><strong>accipiendis,</strong></span> <span class='ocrx_word' id='word_1_16' title='bbox 1139 894 1189 931; x_wconf 88' lang='lat' dir='ltr'><strong>nec</strong></span> <span class='ocrx_word' id='word_1_17' title='bbox 1215 894 1269 932; x_wconf 92' lang='lat' dir='ltr'><strong>non</strong></span> <span class='ocrx_word' id='word_1_18' title='bbox 1292 885 1319 932; x_wconf 92' lang='lat' dir='ltr'><strong>ct</strong></span> <span class='ocrx_word' id='word_1_19' title='bbox 1342 877 1464 950; x_wconf 86' lang='lat' dir='ltr'><strong>pecuuiis</strong></span> <span class='ocrx_word' id='word_1_20' title='bbox 1493 895 1553 950; x_wconf 76' lang='lat' dir='ltr'><strong>quae</strong></span> <span class='ocrx_word' id='word_1_21' title='bbox 1581 895 1611 932; x_wconf 91' lang='lat' dir='ltr'><strong>ex</strong></span> <span class='ocrx_word' id='word_1_22' title='bbox 1640 875 1751 932; x_wconf 90' lang='lat' dir='ltr'><strong>indultis</strong></span> 
     </span>
    </p>
   </div>
   <div class='ocr_carea' id='block_1_3' title="bbox 374 960 1752 1035">
    <p class='ocr_par' dir='ltr' id='par_1_3' title="bbox 374 960 1752 1035">
     <span class='ocr_line' id='line_1_3' title="bbox 374 960 1752 1035; baseline -0.003 -17"><span class='ocrx_word' id='word_1_23' title='bbox 374 1009 381 1025; x_wconf 93' lang='lat'><strong>,</strong></span> <span class='ocrx_word' id='word_1_24' title='bbox 471 971 499 1018; x_wconf 90' lang='lat' dir='ltr'><strong>et</strong></span> <span class='ocrx_word' id='word_1_25' title='bbox 521 962 616 1035; x_wconf 89' lang='lat' dir='ltr'><strong>gratiis</strong></span> <span class='ocrx_word' id='word_1_26' title='bbox 644 969 744 1017; x_wconf 89' lang='lat' dir='ltr'><strong>sanetae</strong></span> <span class='ocrx_word' id='word_1_27' title='bbox 766 962 897 1017; x_wconf 74' lang='lat' dir='ltr'><strong>Cruciatae</strong></span> <span class='ocrx_word' id='word_1_28' title='bbox 925 961 1177 1034; x_wconf 86' lang='lat' dir='ltr'><strong>congregabuntur,</strong></span> <span class='ocrx_word' id='word_1_29' title='bbox 1207 961 1342 1017; x_wconf 87' lang='lat' dir='ltr'><strong>debebunt</strong></span> <span class='ocrx_word' id='word_1_30' title='bbox 1370 980 1384 1016; x_wconf 91' lang='lat' dir='ltr'><strong>a</strong></span> <span class='ocrx_word' id='word_1_31' title='bbox 1412 979 1516 1017; x_wconf 91' lang='lat' dir='ltr'><strong>summo</strong></span> <span class='ocrx_word' id='word_1_32' title='bbox 1538 960 1752 1022; x_wconf 85' lang='lat' dir='ltr'><strong>Pontitice,·sn-</strong></span> 
     </span>
    </p>
   </div>
   <div class='ocr_carea' id='block_1_4' title="bbox 463 1045 1787 4270">
    <p class='ocr_par' dir='ltr' id='par_1_4' title="bbox 471 1045 1751 1121">
     <span class='ocr_line' id='line_1_4' title="bbox 471 1045 1751 1121; baseline -0.001 -18"><span class='ocrx_word' id='word_1_33' title='bbox 471 1048 622 1103; x_wconf 91' lang='lat' dir='ltr'><strong>cratissimo</strong></span> <span class='ocrx_word' id='word_1_34' title='bbox 643 1047 822 1120; x_wconf 75' lang='lat' dir='ltr'><strong>Imperatore,</strong></span> <span class='ocrx_word' id='word_1_35' title='bbox 845 1045 976 1119; x_wconf 76' lang='lat' dir='ltr'>Regibus,</span> <span class='ocrx_word' id='word_1_36' title='bbox 999 1045 1169 1121; x_wconf 82' lang='lat' dir='ltr'><strong>Principibus</strong></span> <span class='ocrx_word' id='word_1_37' title='bbox 1191 1055 1219 1102; x_wconf 90' lang='lat' dir='ltr'><strong>et</strong></span> <span class='ocrx_word' id='word_1_38' title='bbox 1234 1045 1476 1102; x_wconf 90' lang='lat' dir='ltr'><strong>Communitatibus</strong></span> <span class='ocrx_word' id='word_1_39' title='bbox 1491 1048 1577 1102; x_wconf 91' lang='lat' dir='ltr'><strong>totius</strong></span> <span class='ocrx_word' id='word_1_40' title='bbox 1592 1045 1751 1102; x_wconf 76' lang='lat' dir='ltr'><strong>Christianae</strong></span> 
     </span>
    </p>

    <p class='ocr_par' dir='ltr' id='par_1_5' title="bbox 473 1124 1752 1205">
     <span class='ocr_line' id='line_1_5' title="bbox 473 1124 1752 1205; baseline 0 -19"><span class='ocrx_word' id='word_1_41' title='bbox 473 1131 631 1205; x_wconf 83' lang='lat' dir='ltr'><strong>reipublicae</strong></span> <span class='ocrx_word' id='word_1_42' title='bbox 654 1130 785 1196; x_wconf 89' lang='lat' dir='ltr'><strong>solertes,</strong></span> <span class='ocrx_word' id='word_1_43' title='bbox 814 1132 912 1205; x_wconf 76' lang='lat' dir='ltr'><strong>integri</strong></span> <span class='ocrx_word' id='word_1_44' title='bbox 937 1148 967 1187; x_wconf 90' lang='lat' dir='ltr'><strong>ac</strong></span> <span class='ocrx_word' id='word_1_45' title='bbox 994 1133 1142 1205; x_wconf 77' lang='lat' dir='ltr'><strong>prudentes</strong></span> <span class='ocrx_word' id='word_1_46' title='bbox 1165 1131 1345 1187; x_wconf 88' lang='lat' dir='ltr'><strong>Commissarii</strong></span> <span class='ocrx_word' id='word_1_47' title='bbox 1369 1132 1515 1191; x_wconf 87' lang='lat' dir='ltr'><strong>constitui.</strong></span> <span class='ocrx_word' id='word_1_48' title='bbox 1545 1140 1572 1187; x_wconf 89' lang='lat' dir='ltr'><strong>et</strong></span> <span class='ocrx_word' id='word_1_49' title='bbox 1595 1124 1752 1205; x_wconf 88' lang='lat' dir='ltr'><strong>spirituales</strong></span> 
     </span>
    </p>

    <p class='ocr_par' dir='ltr' id='par_1_6' title="bbox 471 1215 1774 1376">
     <span class='ocr_line' id='line_1_6' title="bbox 471 1215 1774 1291; baseline -0.001 -19"><span class='ocrx_word' id='word_1_50' title='bbox 471 1225 499 1272; x_wconf 90' lang='lat' dir='ltr'><strong>et</strong></span> <span class='ocrx_word' id='word_1_51' title='bbox 521 1215 673 1278; x_wconf 84' lang='lat' dir='ltr'><strong>seculares,</strong></span> <span class='ocrx_word' id='word_1_52' title='bbox 697 1218 743 1290; x_wconf 93' lang='lat' dir='ltr'><strong>qui</strong></span> <span class='ocrx_word' id='word_1_53' title='bbox 767 1225 919 1290; x_wconf 75' lang='lat' dir='ltr'>susceptam</span> <span class='ocrx_word' id='word_1_54' title='bbox 943 1225 970 1271; x_wconf 93' lang='lat' dir='ltr'><strong>et</strong></span> <span class='ocrx_word' id='word_1_55' title='bbox 991 1224 1111 1272; x_wconf 89' lang='lat' dir='ltr'><strong>exactam</strong></span> <span class='ocrx_word' id='word_1_56' title='bbox 1133 1217 1276 1291; x_wconf 90' lang='lat' dir='ltr'><strong>pecuniam</strong></span> <span class='ocrx_word' id='word_1_57' title='bbox 1298 1215 1415 1272; x_wconf 83' lang='lat' dir='ltr'><strong>fideliter</strong></span> <span class='ocrx_word' id='word_1_58' title='bbox 1436 1216 1639 1279; x_wconf 73' lang='lat' dir='ltr'><strong>administrent,</strong></span> <span class='ocrx_word' id='word_1_59' title='bbox 1668 1224 1696 1272; x_wconf 90' lang='lat' dir='ltr'><strong>et</strong></span> <span class='ocrx_word' id='word_1_60' title='bbox 1717 1217 1774 1271; x_wconf 82' lang='lat' dir='ltr'><strong>des</strong></span> 
     </span>
     <span class='ocr_line' id='line_1_7' title="bbox 472 1301 1325 1376; baseline -0.002 -19"><span class='ocrx_word' id='word_1_61' title='bbox 472 1302 606 1376; x_wconf 85' lang='lat' dir='ltr'><strong>susceptis</strong></span> <span class='ocrx_word' id='word_1_62' title='bbox 628 1310 656 1357; x_wconf 88' lang='lat' dir='ltr'><strong>et</strong></span> <span class='ocrx_word' id='word_1_63' title='bbox 677 1302 871 1358; x_wconf 84' lang='lat' dir='ltr'><strong>administratis</strong></span> <span class='ocrx_word' id='word_1_64' title='bbox 894 1303 1025 1374; x_wconf 82' lang='lat' dir='ltr'><strong>integram</strong></span> <span class='ocrx_word' id='word_1_65' title='bbox 1048 1303 1181 1358; x_wconf 87' lang='lat' dir='ltr'><strong>rationem</strong></span> <span class='ocrx_word' id='word_1_66' title='bbox 1203 1301 1325 1357; x_wconf 83' lang='lat' dir='ltr'><strong>reddant.</strong></span> 
     </span>
    </p>

    <p class='ocr_par' dir='ltr' id='par_1_7' title="bbox 470 1385 1783 1800">
     <span class='ocr_line' id='line_1_8' title="bbox 557 1385 1751 1460; baseline -0.003 -15"><span class='ocrx_word' id='word_1_67' title='bbox 557 1393 597 1445; x_wconf 73' lang='lat'><strong>12.</strong></span> <span class='ocrx_word' id='word_1_68' title='bbox 625 1385 751 1442; x_wconf 72' lang='lat' dir='ltr'><strong>Machina</strong></span> <span class='ocrx_word' id='word_1_69' title='bbox 775 1404 836 1442; x_wconf 86' lang='lat' dir='ltr'><strong>vero</strong></span> <span class='ocrx_word' id='word_1_70' title='bbox 859 1396 887 1442; x_wconf 92' lang='lat' dir='ltr'><strong>et</strong></span> <span class='ocrx_word' id='word_1_71' title='bbox 915 1396 1048 1442; x_wconf 87' lang='lat' dir='ltr'><strong>tormenta</strong></span> <span class='ocrx_word' id='word_1_72' title='bbox 1076 1386 1188 1448; x_wconf 89' lang='lat' dir='ltr'><strong>bellica,</strong></span> <span class='ocrx_word' id='word_1_73' title='bbox 1219 1404 1278 1460; x_wconf 73' lang='lat' dir='ltr'><strong>quae</strong></span> <span class='ocrx_word' id='word_1_74' title='bbox 1306 1395 1387 1442; x_wconf 78' lang='lat' dir='ltr'><strong>tanta</strong></span> <span class='ocrx_word' id='word_1_75' title='bbox 1413 1387 1576 1460; x_wconf 87' lang='lat' dir='ltr'><strong>expeditioni</strong></span> <span class='ocrx_word' id='word_1_76' title='bbox 1599 1388 1751 1443; x_wconf 89' lang='lat' dir='ltr'><strong>necessaria</strong></span> 
     </span>
     <span class='ocr_line' id='line_1_9' title="bbox 472 1470 1753 1546; baseline -0.002 -18"><span class='ocrx_word' id='word_1_77' title='bbox 472 1478 566 1534; x_wconf 90' lang='lat' dir='ltr'><strong>erunt,</strong></span> <span class='ocrx_word' id='word_1_78' title='bbox 589 1470 720 1545; x_wconf 82' lang='lat' dir='ltr'><strong>Regibus,</strong></span> <span class='ocrx_word' id='word_1_79' title='bbox 743 1471 913 1544; x_wconf 82' lang='lat' dir='ltr'><strong>Principibus</strong></span> <span class='ocrx_word' id='word_1_80' title='bbox 936 1481 962 1526; x_wconf 90' lang='lat' dir='ltr'><strong>et</strong></span> <span class='ocrx_word' id='word_1_81' title='bbox 978 1471 1221 1527; x_wconf 90' lang='lat' dir='ltr'><strong>Communitatibus</strong></span> <span class='ocrx_word' id='word_1_82' title='bbox 1244 1488 1294 1546; x_wconf 92' lang='lat' dir='ltr'><strong>pro</strong></span> <span class='ocrx_word' id='word_1_83' title='bbox 1318 1472 1449 1544; x_wconf 87' lang='lat' dir='ltr'><strong>cuiusque</strong></span> <span class='ocrx_word' id='word_1_84' title='bbox 1472 1471 1628 1527; x_wconf 91' lang='lat' dir='ltr'><strong>conditione</strong></span> <span class='ocrx_word' id='word_1_85' title='bbox 1644 1480 1670 1528; x_wconf 88' lang='lat' dir='ltr'><strong>et</strong></span> <span class='ocrx_word' id='word_1_86' title='bbox 1687 1490 1753 1545; x_wconf 91' lang='lat' dir='ltr'><strong>qua·</strong></span> 
     </span>
     <span class='ocr_line' id='line_1_10' title="bbox 470 1555 1752 1630; baseline 0.001 -18"><span class='ocrx_word' id='word_1_87' title='bbox 470 1556 547 1612; x_wconf 86' lang='lat' dir='ltr'><strong>litate</strong></span> <span class='ocrx_word' id='word_1_88' title='bbox 568 1558 713 1612; x_wconf 87' lang='lat' dir='ltr'><strong>mutuanda</strong></span> <span class='ocrx_word' id='word_1_89' title='bbox 736 1564 763 1612; x_wconf 89' lang='lat' dir='ltr'><strong>et</strong></span> <span class='ocrx_word' id='word_1_90' title='bbox 785 1556 977 1613; x_wconf 87' lang='lat' dir='ltr'><strong>commodanda</strong></span> <span class='ocrx_word' id='word_1_91' title='bbox 1000 1555 1189 1630; x_wconf 88' lang='lat' dir='ltr'><strong>imponentur;</strong></span> <span class='ocrx_word' id='word_1_92' title='bbox 1219 1573 1280 1630; x_wconf 87' lang='lat' dir='ltr'><strong>quae</strong></span> <span class='ocrx_word' id='word_1_93' title='bbox 1307 1573 1372 1612; x_wconf 89' lang='lat' dir='ltr'><strong>vero</strong></span> <span class='ocrx_word' id='word_1_94' title='bbox 1396 1573 1446 1630; x_wconf 92' lang='lat' dir='ltr'><strong>pro</strong></span> <span class='ocrx_word' id='word_1_95' title='bbox 1475 1557 1631 1613; x_wconf 79' lang='lat' dir='ltr'><strong>exercendis</strong></span> <span class='ocrx_word' id='word_1_96' title='bbox 1660 1564 1687 1614; x_wconf 93' lang='lat' dir='ltr'><strong>et</strong></span> <span class='ocrx_word' id='word_1_97' title='bbox 1708 1574 1752 1613; x_wconf 90' lang='lat' dir='ltr'><strong>ve·</strong></span> 
     </span>
     <span class='ocr_line' id='line_1_11' title="bbox 470 1640 1783 1716; baseline 0.001 -19"><span class='ocrx_word' id='word_1_98' title='bbox 470 1641 565 1697; x_wconf 87' lang='lat' dir='ltr'><strong>hendis</strong></span> <span class='ocrx_word' id='word_1_99' title='bbox 581 1642 623 1698; x_wconf 90' lang='lat' dir='ltr'><strong>his</strong></span> <span class='ocrx_word' id='word_1_100' title='bbox 638 1643 670 1698; x_wconf 92' lang='lat' dir='ltr'><strong>ad</strong></span> <span class='ocrx_word' id='word_1_101' title='bbox 692 1658 722 1698; x_wconf 90' lang='lat' dir='ltr'><strong>ea</strong></span> <span class='ocrx_word' id='word_1_102' title='bbox 744 1642 894 1716; x_wconf 87' lang='lat' dir='ltr'><strong>pertinent,</strong></span> <span class='ocrx_word' id='word_1_103' title='bbox 918 1649 949 1697; x_wconf 91' lang='lat' dir='ltr'><strong>ut</strong></span> <span class='ocrx_word' id='word_1_104' title='bbox 971 1649 1035 1696; x_wconf 92' lang='lat' dir='ltr'><strong>sunt</strong></span> <span class='ocrx_word' id='word_1_105' title='bbox 1057 1641 1195 1715; x_wconf 89' lang='lat' dir='ltr'><strong>pulveres,</strong></span> <span class='ocrx_word' id='word_1_106' title='bbox 1219 1640 1317 1697; x_wconf 79' lang='lat' dir='ltr'><strong>balotae</strong></span> <span class='ocrx_word' id='word_1_107' title='bbox 1341 1649 1368 1696; x_wconf 86' lang='lat' dir='ltr'><strong>et</strong></span> <span class='ocrx_word' id='word_1_108' title='bbox 1390 1640 1500 1703; x_wconf 89' lang='lat' dir='ltr'><strong>similia,</strong></span> <span class='ocrx_word' id='word_1_109' title='bbox 1523 1651 1783 1716; x_wconf 82' lang='lat' dir='ltr'><strong>vectmarumqueu</strong></span> 
     </span>
     <span class='ocr_line' id='line_1_12' title="bbox 472 1726 1656 1800; baseline 0 -18"><span class='ocrx_word' id='word_1_110' title='bbox 472 1743 565 1782; x_wconf 89' lang='lat' dir='ltr'><strong>omnes</strong></span> <span class='ocrx_word' id='word_1_111' title='bbox 589 1728 716 1800; x_wconf 81' lang='lat' dir='ltr'><strong>impensae</strong></span> <span class='ocrx_word' id='word_1_112' title='bbox 739 1729 875 1783; x_wconf 91' lang='lat' dir='ltr'><strong>communi</strong></span> <span class='ocrx_word' id='word_1_113' title='bbox 898 1727 984 1782; x_wconf 89' lang='lat' dir='ltr'><strong>totius</strong></span> <span class='ocrx_word' id='word_1_114' title='bbox 1000 1726 1160 1782; x_wconf 86' lang='lat' dir='ltr'><strong>Christianae</strong></span> <span class='ocrx_word' id='word_1_115' title='bbox 1183 1726 1330 1781; x_wconf 81' lang='lat' dir='ltr'><strong>exactionis</strong></span> <span class='ocrx_word' id='word_1_116' title='bbox 1352 1743 1435 1781; x_wconf 90' lang='lat' dir='ltr'><strong>onere</strong></span> <span class='ocrx_word' id='word_1_117' title='bbox 1457 1727 1656 1799; x_wconf 82' lang='lat' dir='ltr'><strong>persolvantur.</strong></span> 
     </span>
    </p>

    <p class='ocr_par' dir='ltr' id='par_1_8' title="bbox 468 1810 1787 2889">
     <span class='ocr_line' id='line_1_13' title="bbox 557 1810 1752 1886; baseline 0.001 -20"><span class='ocrx_word' id='word_1_118' title='bbox 557 1820 599 1872; x_wconf 85' lang='lat'><strong>13.</strong></span> <span class='ocrx_word' id='word_1_119' title='bbox 627 1812 659 1867; x_wconf 86' lang='lat' dir='ltr'><strong>Et</strong></span> <span class='ocrx_word' id='word_1_120' title='bbox 682 1812 799 1871; x_wconf 85' lang='lat' dir='ltr'><strong>tortasse</strong></span> <span class='ocrx_word' id='word_1_121' title='bbox 821 1812 990 1868; x_wconf 86' lang='lat' dir='ltr'><strong>commodius</strong></span> <span class='ocrx_word' id='word_1_122' title='bbox 1013 1820 1094 1886; x_wconf 87' lang='lat' dir='ltr'><strong>atque</strong></span> <span class='ocrx_word' id='word_1_123' title='bbox 1118 1810 1212 1868; x_wconf 89' lang='lat' dir='ltr'><strong>utilius</strong></span> <span class='ocrx_word' id='word_1_124' title='bbox 1234 1811 1298 1866; x_wconf 90' lang='lat' dir='ltr'><strong>hnic</strong></span> <span class='ocrx_word' id='word_1_125' title='bbox 1325 1812 1489 1884; x_wconf 84' lang='lat' dir='ltr'><strong>expeditioni</strong></span> <span class='ocrx_word' id='word_1_126' title='bbox 1519 1813 1627 1868; x_wconf 88' lang='lat' dir='ltr'><strong>evenire</strong></span> <span class='ocrx_word' id='word_1_127' title='bbox 1649 1820 1752 1886; x_wconf 93' lang='lat' dir='ltr'><strong>posset,</strong></span> 
     </span>
     <span class='ocr_line' id='line_1_14' title="bbox 473 1895 1752 1971; baseline -0.001 -19"><span class='ocrx_word' id='word_1_128' title='bbox 473 1899 494 1952; x_wconf 90' lang='lat' dir='ltr'><strong>si</strong></span> <span class='ocrx_word' id='word_1_129' title='bbox 518 1898 544 1953; x_wconf 95' lang='lat' dir='ltr'><strong>in</strong></span> <span class='ocrx_word' id='word_1_130' title='bbox 567 1915 598 1953; x_wconf 88' lang='lat' dir='ltr'><strong>ea</strong></span> <span class='ocrx_word' id='word_1_131' title='bbox 620 1895 762 1952; x_wconf 89' lang='lat' dir='ltr'><strong>militaturi</strong></span> <span class='ocrx_word' id='word_1_132' title='bbox 785 1897 882 1970; x_wconf 88' lang='lat' dir='ltr'><strong>partim</strong></span> <span class='ocrx_word' id='word_1_133' title='bbox 905 1897 1013 1970; x_wconf 85' lang='lat' dir='ltr'><strong>integro</strong></span> <span class='ocrx_word' id='word_1_134' title='bbox 1041 1896 1192 1970; x_wconf 91' lang='lat' dir='ltr'><strong>stipendio,</strong></span> <span class='ocrx_word' id='word_1_135' title='bbox 1221 1897 1320 1971; x_wconf 92' lang='lat' dir='ltr'><strong>partim</strong></span> <span class='ocrx_word' id='word_1_136' title='bbox 1349 1896 1399 1951; x_wconf 90' lang='lat' dir='ltr'><strong>sibi</strong></span> <span class='ocrx_word' id='word_1_137' title='bbox 1428 1898 1588 1953; x_wconf 89' lang='lat' dir='ltr'><strong>necessariis</strong></span> <span class='ocrx_word' id='word_1_138' title='bbox 1615 1897 1752 1954; x_wconf 82' lang='lat' dir='ltr'><strong>alimoniis</strong></span> 
     </span>
     <span class='ocr_line' id='line_1_15' title="bbox 472 1980 1752 2056; baseline 0 -19"><span class='ocrx_word' id='word_1_139' title='bbox 472 1983 700 2039; x_wconf 84' lang='lat' dir='ltr'><strong>conducerentur:</strong></span> <span class='ocrx_word' id='word_1_140' title='bbox 731 1999 761 2036; x_wconf 88' lang='lat' dir='ltr'><strong>ea</strong></span> <span class='ocrx_word' id='word_1_141' title='bbox 784 1982 934 2054; x_wconf 75' lang='lat' dir='ltr'><strong>praesertim</strong></span> <span class='ocrx_word' id='word_1_142' title='bbox 957 1981 1077 2043; x_wconf 89' lang='lat' dir='ltr'><strong>ratione,</strong></span> <span class='ocrx_word' id='word_1_143' title='bbox 1107 1981 1180 2054; x_wconf 94' lang='lat' dir='ltr'><strong>quod</strong></span> <span class='ocrx_word' id='word_1_144' title='bbox 1203 1980 1296 2037; x_wconf 88' lang='lat' dir='ltr'><strong>haberi</strong></span> <span class='ocrx_word' id='word_1_145' title='bbox 1319 1998 1373 2036; x_wconf 93' lang='lat' dir='ltr'><strong>non</strong></span> <span class='ocrx_word' id='word_1_146' title='bbox 1396 1989 1527 2056; x_wconf 90' lang='lat' dir='ltr'><strong>poterunt</strong></span> <span class='ocrx_word' id='word_1_147' title='bbox 1559 1990 1599 2038; x_wconf 94' lang='lat' dir='ltr'><strong>tot</strong></span> <span class='ocrx_word' id='word_1_148' title='bbox 1621 1991 1752 2038; x_wconf 90' lang='lat' dir='ltr'><strong>mereato-</strong></span> 
     </span>
     <span class='ocr_line' id='line_1_16' title="bbox 472 2064 1787 2141; baseline -0.005 -17"><span class='ocrx_word' id='word_1_149' title='bbox 472 2084 524 2129; x_wconf 87' lang='lat' dir='ltr'><strong>res,</strong></span> <span class='ocrx_word' id='word_1_150' title='bbox 548 2067 594 2141; x_wconf 89' lang='lat' dir='ltr'><strong>qui</strong></span> <span class='ocrx_word' id='word_1_151' title='bbox 610 2068 691 2122; x_wconf 90' lang='lat' dir='ltr'><strong>tantis</strong></span> <span class='ocrx_word' id='word_1_152' title='bbox 714 2067 907 2122; x_wconf 85' lang='lat' dir='ltr'><strong>commeatibus</strong></span> <span class='ocrx_word' id='word_1_153' title='bbox 923 2064 1160 2122; x_wconf 88' lang='lat' dir='ltr'><strong>subministrandis</strong></span> <span class='ocrx_word' id='word_1_154' title='bbox 1182 2065 1325 2121; x_wconf 76' lang='lat' dir='ltr'><strong>subiciant.</strong></span> <span class='ocrx_word' id='word_1_155' title='bbox 1370 2066 1421 2121; x_wconf 88' lang='lat' dir='ltr'><strong>Sed</strong></span> <span class='ocrx_word' id='word_1_156' title='bbox 1445 2067 1490 2140; x_wconf 93' lang='lat' dir='ltr'><strong>qui</strong></span> <span class='ocrx_word' id='word_1_157' title='bbox 1507 2084 1620 2123; x_wconf 73' lang='lat' dir='ltr'><strong>annonae</strong></span> <span class='ocrx_word' id='word_1_158' title='bbox 1637 2074 1663 2123; x_wconf 89' lang='lat' dir='ltr'><strong>et</strong></span> <span class='ocrx_word' id='word_1_159' title='bbox 1679 2084 1752 2123; x_wconf 94' lang='lat' dir='ltr'><strong>com·</strong></span> <span class='ocrx_word' id='word_1_160' title='bbox 1764 2079 1787 2119; x_wconf 81' lang='lat' dir='ltr'><strong>rs</strong></span> 
     </span>
     <span class='ocr_line' id='line_1_17' title="bbox 471 2140 1752 2226; baseline 0 -18"><span class='ocrx_word' id='word_1_161' title='bbox 471 2153 604 2208; x_wconf 88' lang='lat' dir='ltr'><strong>meatibus</strong></span> <span class='ocrx_word' id='word_1_162' title='bbox 620 2153 785 2207; x_wconf 87' lang='lat' dir='ltr'><strong>exercituum</strong></span> <span class='ocrx_word' id='word_1_163' title='bbox 801 2152 924 2225; x_wconf 74' lang='lat' dir='ltr'><strong>preelecti</strong></span> <span class='ocrx_word' id='word_1_164' title='bbox 940 2151 1055 2212; x_wconf 86' lang='lat' dir='ltr'><strong>luerint,</strong></span> <span class='ocrx_word' id='word_1_165' title='bbox 1079 2140 1216 2224; x_wconf 86' lang='lat' dir='ltr'><strong>debebunt</strong></span> <span class='ocrx_word' id='word_1_166' title='bbox 1238 2168 1288 2226; x_wconf 90' lang='lat' dir='ltr'><strong>per</strong></span> <span class='ocrx_word' id='word_1_167' title='bbox 1310 2159 1397 2207; x_wconf 91' lang='lat' dir='ltr'><strong>totum</strong></span> <span class='ocrx_word' id='word_1_168' title='bbox 1412 2151 1594 2208; x_wconf 88' lang='lat' dir='ltr'><strong>Christianum</strong></span> <span class='ocrx_word' id='word_1_169' title='bbox 1617 2152 1709 2208; x_wconf 89' lang='lat' dir='ltr'><strong>orbem</strong></span> <span class='ocrx_word' id='word_1_170' title='bbox 1725 2160 1752 2208; x_wconf 91' lang='lat' dir='ltr'><strong>et</strong></span> 
     </span>
     <span class='ocr_line' id='line_1_18' title="bbox 471 2235 1753 2311; baseline 0.001 -19"><span class='ocrx_word' id='word_1_171' title='bbox 471 2254 503 2292; x_wconf 89' lang='lat' dir='ltr'><strong>ex</strong></span> <span class='ocrx_word' id='word_1_172' title='bbox 525 2237 682 2310; x_wconf 81' lang='lat' dir='ltr'><strong>longinquis</strong></span> <span class='ocrx_word' id='word_1_173' title='bbox 704 2236 875 2309; x_wconf 76' lang='lat' dir='ltr'><strong>regionibus,</strong></span> <span class='ocrx_word' id='word_1_174' title='bbox 905 2237 985 2292; x_wconf 89' lang='lat' dir='ltr'><strong>etiam</strong></span> <span class='ocrx_word' id='word_1_175' title='bbox 1012 2236 1209 2298; x_wconf 88' lang='lat' dir='ltr'><strong>ultramarinis,</strong></span> <span class='ocrx_word' id='word_1_176' title='bbox 1238 2238 1405 2292; x_wconf 89' lang='lat' dir='ltr'><strong>necessarias</strong></span> <span class='ocrx_word' id='word_1_177' title='bbox 1428 2235 1568 2293; x_wconf 83' lang='lat' dir='ltr'><strong>alimonias</strong></span> <span class='ocrx_word' id='word_1_178' title='bbox 1591 2240 1690 2311; x_wconf 90' lang='lat' dir='ltr'><strong>passim</strong></span> <span class='ocrx_word' id='word_1_179' title='bbox 1713 2238 1753 2293; x_wconf 90' lang='lat' dir='ltr'><strong>in·</strong></span> 
     </span>
     <span class='ocr_line' id='line_1_19' title="bbox 471 2321 1753 2396; baseline 0.001 -18"><span class='ocrx_word' id='word_1_180' title='bbox 471 2330 663 2396; x_wconf 89' lang='lat' dir='ltr'><strong>cessanterque</strong></span> <span class='ocrx_word' id='word_1_181' title='bbox 685 2339 789 2383; x_wconf 89' lang='lat' dir='ltr'><strong>emere,</strong></span> <span class='ocrx_word' id='word_1_182' title='bbox 818 2322 973 2395; x_wconf 89' lang='lat' dir='ltr'><strong>persolvere</strong></span> <span class='ocrx_word' id='word_1_183' title='bbox 995 2340 1025 2378; x_wconf 91' lang='lat' dir='ltr'><strong>ac</strong></span> <span class='ocrx_word' id='word_1_184' title='bbox 1048 2321 1235 2378; x_wconf 89' lang='lat' dir='ltr'><strong>subordinare.</strong></span> <span class='ocrx_word' id='word_1_185' title='bbox 1279 2322 1372 2396; x_wconf 88' lang='lat' dir='ltr'><strong>ltaque</strong></span> <span class='ocrx_word' id='word_1_186' title='bbox 1394 2324 1556 2378; x_wconf 90' lang='lat' dir='ltr'><strong>conveniens</strong></span> <span class='ocrx_word' id='word_1_187' title='bbox 1578 2340 1609 2378; x_wconf 87' lang='lat' dir='ltr'><strong>ac</strong></span> <span class='ocrx_word' id='word_1_188' title='bbox 1631 2338 1753 2379; x_wconf 90' lang='lat' dir='ltr'><strong>necessa·</strong></span> 
     </span>
     <span class='ocr_line' id='line_1_20' title="bbox 471 2407 1752 2481; baseline 0 -18"><span class='ocrx_word' id='word_1_189' title='bbox 471 2409 542 2463; x_wconf 91' lang='lat' dir='ltr'><strong>rium</strong></span> <span class='ocrx_word' id='word_1_190' title='bbox 564 2422 736 2481; x_wconf 87' lang='lat' dir='ltr'><strong>summopere</strong></span> <span class='ocrx_word' id='word_1_191' title='bbox 759 2408 877 2468; x_wconf 83' lang='lat' dir='ltr'><strong>ridetur,</strong></span> <span class='ocrx_word' id='word_1_192' title='bbox 902 2416 932 2463; x_wconf 94' lang='lat' dir='ltr'><strong>ut</strong></span> <span class='ocrx_word' id='word_1_193' title='bbox 948 2407 1102 2463; x_wconf 89' lang='lat' dir='ltr'><strong>huiusmodi</strong></span> <span class='ocrx_word' id='word_1_194' title='bbox 1118 2424 1232 2463; x_wconf 75' lang='lat' dir='ltr'><strong>annona</strong></span> <span class='ocrx_word' id='word_1_195' title='bbox 1248 2415 1275 2462; x_wconf 91' lang='lat' dir='ltr'><strong>et</strong></span> <span class='ocrx_word' id='word_1_196' title='bbox 1290 2415 1486 2463; x_wconf 88' lang='lat' dir='ltr'><strong>commeatuum</strong></span> <span class='ocrx_word' id='word_1_197' title='bbox 1503 2408 1624 2481; x_wconf 74' lang='lat' dir='ltr'><strong>preelecti</strong></span> <span class='ocrx_word' id='word_1_198' title='bbox 1641 2407 1667 2462; x_wconf 93' lang='lat' dir='ltr'><strong>in</strong></span> <span class='ocrx_word' id='word_1_199' title='bbox 1684 2407 1752 2463; x_wconf 91' lang='lat' dir='ltr'><strong>hanc</strong></span> 
     </span>
     <span class='ocr_line' id='line_1_21' title="bbox 469 2490 1787 2566; baseline -0.002 -20"><span class='ocrx_word' id='word_1_200' title='bbox 469 2492 667 2566; x_wconf 87' lang='lat' dir='ltr'><strong>prosectionem</strong></span> <span class='ocrx_word' id='word_1_201' title='bbox 692 2501 743 2547; x_wconf 90' lang='lat' dir='ltr'><strong>tam</strong></span> <span class='ocrx_word' id='word_1_202' title='bbox 765 2493 832 2564; x_wconf 85' lang='lat' dir='ltr'><strong>citrp</strong></span> <span class='ocrx_word' id='word_1_203' title='bbox 855 2510 927 2548; x_wconf 89' lang='lat' dir='ltr'><strong>mare</strong></span> <span class='ocrx_word' id='word_1_204' title='bbox 951 2510 1029 2566; x_wconf 91' lang='lat' dir='ltr'><strong>quam</strong></span> <span class='ocrx_word' id='word_1_205' title='bbox 1053 2490 1124 2548; x_wconf 88' lang='lat' dir='ltr'><strong>ultra</strong></span> <span class='ocrx_word' id='word_1_206' title='bbox 1147 2493 1361 2553; x_wconf 88' lang='lat' dir='ltr'><strong>constituantur,</strong></span> <span class='ocrx_word' id='word_1_207' title='bbox 1387 2493 1433 2566; x_wconf 91' lang='lat' dir='ltr'><strong>qui</strong></span> <span class='ocrx_word' id='word_1_208' title='bbox 1455 2509 1587 2548; x_wconf 87' lang='lat' dir='ltr'><strong>annonam</strong></span> <span class='ocrx_word' id='word_1_209' title='bbox 1610 2501 1638 2547; x_wconf 93' lang='lat' dir='ltr'><strong>ct</strong></span> <span class='ocrx_word' id='word_1_210' title='bbox 1660 2504 1787 2549; x_wconf 82' lang='lat' dir='ltr'><strong>ncces-ro</strong></span> 
     </span>
     <span class='ocr_line' id='line_1_22' title="bbox 470 2576 1753 2651; baseline 0 -18"><span class='ocrx_word' id='word_1_211' title='bbox 470 2577 540 2633; x_wconf 87' lang='lat' dir='ltr'><strong>saria</strong></span> <span class='ocrx_word' id='word_1_212' title='bbox 562 2576 686 2632; x_wconf 88' lang='lat' dir='ltr'><strong>alimenta</strong></span> <span class='ocrx_word' id='word_1_213' title='bbox 710 2586 867 2651; x_wconf 88' lang='lat' dir='ltr'><strong>comparent</strong></span> <span class='ocrx_word' id='word_1_214' title='bbox 888 2586 916 2633; x_wconf 90' lang='lat' dir='ltr'><strong>et</strong></span> <span class='ocrx_word' id='word_1_215' title='bbox 938 2578 1099 2634; x_wconf 89' lang='lat' dir='ltr'><strong>exercitibus</strong></span> <span class='ocrx_word' id='word_1_216' title='bbox 1122 2595 1172 2651; x_wconf 89' lang='lat' dir='ltr'><strong>pro</strong></span> <span class='ocrx_word' id='word_1_217' title='bbox 1196 2594 1288 2633; x_wconf 92' lang='lat' dir='ltr'><strong>eorum</strong></span> <span class='ocrx_word' id='word_1_218' title='bbox 1312 2579 1473 2634; x_wconf 88' lang='lat' dir='ltr'><strong>necessitate</strong></span> <span class='ocrx_word' id='word_1_219' title='bbox 1489 2578 1603 2633; x_wconf 90' lang='lat' dir='ltr'><strong>vendant</strong></span> <span class='ocrx_word' id='word_1_220' title='bbox 1619 2578 1753 2651; x_wconf 72' lang='lat' dir='ltr'><strong>etdistri-</strong></span> 
     </span>
     <span class='ocr_line' id='line_1_23' title="bbox 469 2661 1751 2737; baseline 0.001 -20"><span class='ocrx_word' id='word_1_221' title='bbox 469 2661 565 2723; x_wconf 88' lang='lat' dir='ltr'><strong>buant,</strong></span> <span class='ocrx_word' id='word_1_222' title='bbox 595 2662 761 2736; x_wconf 84' lang='lat' dir='ltr'><strong>invicemque</strong></span> <span class='ocrx_word' id='word_1_223' title='bbox 789 2662 839 2721; x_wconf 91' lang='lat' dir='ltr'><strong>sibi</strong></span> <span class='ocrx_word' id='word_1_224' title='bbox 863 2679 914 2735; x_wconf 92' lang='lat' dir='ltr'><strong>pro</strong></span> <span class='ocrx_word' id='word_1_225' title='bbox 937 2662 1067 2736; x_wconf 87' lang='lat' dir='ltr'><strong>qualitate</strong></span> <span class='ocrx_word' id='word_1_226' title='bbox 1090 2662 1212 2719; x_wconf 88' lang='lat' dir='ltr'><strong>locorum</strong></span> <span class='ocrx_word' id='word_1_227' title='bbox 1235 2662 1478 2737; x_wconf 68' lang='lat' dir='ltr'><strong>correspondent,</strong></span> <span class='ocrx_word' id='word_1_228' title='bbox 1507 2680 1538 2718; x_wconf 90' lang='lat' dir='ltr'><strong>ae</strong></span> <span class='ocrx_word' id='word_1_229' title='bbox 1564 2663 1597 2718; x_wconf 89' lang='lat' dir='ltr'><strong>de</strong></span> <span class='ocrx_word' id='word_1_230' title='bbox 1626 2663 1751 2719; x_wconf 91' lang='lat' dir='ltr'><strong>omnibus</strong></span> 
     </span>
     <span class='ocr_line' id='line_1_24' title="bbox 469 2746 1751 2821; baseline 0.002 -18"><span class='ocrx_word' id='word_1_231' title='bbox 469 2747 661 2804; x_wconf 76' lang='lat' dir='ltr'><strong>administratis</strong></span> <span class='ocrx_word' id='word_1_232' title='bbox 684 2746 777 2804; x_wconf 90' lang='lat' dir='ltr'><strong>electis</strong></span> <span class='ocrx_word' id='word_1_233' title='bbox 799 2748 829 2803; x_wconf 93' lang='lat' dir='ltr'><strong>ad</strong></span> <span class='ocrx_word' id='word_1_234' title='bbox 852 2747 904 2802; x_wconf 88' lang='lat' dir='ltr'><strong>hoc</strong></span> <span class='ocrx_word' id='word_1_235' title='bbox 926 2765 940 2803; x_wconf 90' lang='lat' dir='ltr'><strong>a</strong></span> <span class='ocrx_word' id='word_1_236' title='bbox 963 2747 1112 2804; x_wconf 90' lang='lat' dir='ltr'><strong>Christiana</strong></span> <span class='ocrx_word' id='word_1_237' title='bbox 1136 2749 1311 2804; x_wconf 88' lang='lat' dir='ltr'><strong>universitate</strong></span> <span class='ocrx_word' id='word_1_238' title='bbox 1333 2749 1465 2821; x_wconf 90' lang='lat' dir='ltr'><strong>integram</strong></span> <span class='ocrx_word' id='word_1_239' title='bbox 1489 2756 1516 2803; x_wconf 93' lang='lat' dir='ltr'><strong>et</strong></span> <span class='ocrx_word' id='word_1_240' title='bbox 1537 2746 1641 2805; x_wconf 82' lang='lat' dir='ltr'><strong>fidelem</strong></span> <span class='ocrx_word' id='word_1_241' title='bbox 1669 2749 1751 2805; x_wconf 91' lang='lat' dir='ltr'><strong>ratio·</strong></span> 
     </span>
     <span class='ocr_line' id='line_1_25' title="bbox 468 2833 672 2889; baseline 0.005 -2"><span class='ocrx_word' id='word_1_242' title='bbox 468 2849 529 2888; x_wconf 91' lang='lat' dir='ltr'><strong>nem</strong></span> <span class='ocrx_word' id='word_1_243' title='bbox 551 2833 672 2889; x_wconf 85' lang='lat' dir='ltr'><strong>reddant.</strong></span> 
     </span>
    </p>

    <p class='ocr_par' dir='ltr' id='par_1_9' title="bbox 463 2918 1784 4270">
     <span class='ocr_line' id='line_1_26' title="bbox 554 2918 1784 2993; baseline -0.002 -17"><span class='ocrx_word' id='word_1_244' title='bbox 554 2927 593 2978; x_wconf 82' lang='lat'><strong>14.</strong></span> <span class='ocrx_word' id='word_1_245' title='bbox 617 2918 650 2974; x_wconf 85' lang='lat' dir='ltr'><strong>Et</strong></span> <span class='ocrx_word' id='word_1_246' title='bbox 672 2920 807 2991; x_wconf 89' lang='lat' dir='ltr'><strong>quoniam,</strong></span> <span class='ocrx_word' id='word_1_247' title='bbox 830 2927 861 2973; x_wconf 91' lang='lat' dir='ltr'><strong>ut</strong></span> <span class='ocrx_word' id='word_1_248' title='bbox 883 2918 1006 2975; x_wconf 90' lang='lat' dir='ltr'><strong>omnibus</strong></span> <span class='ocrx_word' id='word_1_249' title='bbox 1029 2927 1121 2975; x_wconf 91' lang='lat' dir='ltr'><strong>notum</strong></span> <span class='ocrx_word' id='word_1_250' title='bbox 1145 2928 1201 2980; x_wconf 91' lang='lat' dir='ltr'><strong>est,</strong></span> <span class='ocrx_word' id='word_1_251' title='bbox 1224 2918 1360 2993; x_wconf 73' lang='lat' dir='ltr'><strong>pleneque</strong></span> <span class='ocrx_word' id='word_1_252' title='bbox 1377 2919 1448 2974; x_wconf 91' lang='lat' dir='ltr'><strong>inter</strong></span> <span class='ocrx_word' id='word_1_253' title='bbox 1462 2918 1630 2974; x_wconf 84' lang='lat' dir='ltr'><strong>Christianos</strong></span> <span class='ocrx_word' id='word_1_254' title='bbox 1645 2919 1784 2974; x_wconf 68' lang='lat' dir='ltr'><strong>discor-aa</strong></span> 
     </span>
     <span class='ocr_line' id='line_1_27' title="bbox 468 3003 1751 3077; baseline 0.001 -19"><span class='ocrx_word' id='word_1_255' title='bbox 468 3004 518 3059; x_wconf 79' lang='lat' dir='ltr'><strong>dice</strong></span> <span class='ocrx_word' id='word_1_256' title='bbox 533 3011 597 3060; x_wconf 90' lang='lat' dir='ltr'><strong>sunt</strong></span> <span class='ocrx_word' id='word_1_257' title='bbox 614 3011 641 3058; x_wconf 91' lang='lat' dir='ltr'><strong>ct</strong></span> <span class='ocrx_word' id='word_1_258' title='bbox 662 3003 853 3066; x_wconf 86' lang='lat' dir='ltr'><strong>dissensiones,</strong></span> <span class='ocrx_word' id='word_1_259' title='bbox 877 3005 1082 3077; x_wconf 72' lang='lat' dir='ltr'><strong>praesertimque</strong></span> <span class='ocrx_word' id='word_1_260' title='bbox 1106 3005 1177 3058; x_wconf 88' lang='lat' dir='ltr'><strong>inter</strong></span> <span class='ocrx_word' id='word_1_261' title='bbox 1198 3003 1300 3059; x_wconf 91' lang='lat' dir='ltr'><strong>multos</strong></span> <span class='ocrx_word' id='word_1_262' title='bbox 1323 3022 1434 3075; x_wconf 85' lang='lat' dir='ltr'><strong>magnos</strong></span> <span class='ocrx_word' id='word_1_263' title='bbox 1450 3003 1588 3077; x_wconf 87' lang='lat' dir='ltr'><strong>Principes</strong></span> <span class='ocrx_word' id='word_1_264' title='bbox 1611 3012 1638 3059; x_wconf 94' lang='lat' dir='ltr'><strong>et</strong></span> <span class='ocrx_word' id='word_1_265' title='bbox 1653 3004 1751 3059; x_wconf 89' lang='lat' dir='ltr'><strong>Poten-</strong></span> 
     </span>
     <span class='ocr_line' id='line_1_28' title="bbox 469 3088 1750 3163; baseline -0.002 -19"><span class='ocrx_word' id='word_1_266' title='bbox 469 3096 557 3150; x_wconf 86' lang='lat' dir='ltr'><strong>tatus,</strong></span> <span class='ocrx_word' id='word_1_267' title='bbox 587 3089 633 3163; x_wconf 90' lang='lat' dir='ltr'><strong>qui</strong></span> <span class='ocrx_word' id='word_1_268' title='bbox 661 3089 692 3143; x_wconf 91' lang='lat' dir='ltr'><strong>ad</strong></span> <span class='ocrx_word' id='word_1_269' title='bbox 721 3089 791 3144; x_wconf 90' lang='lat' dir='ltr'><strong>hunc</strong></span> <span class='ocrx_word' id='word_1_270' title='bbox 819 3088 888 3144; x_wconf 87' lang='lat' dir='ltr'><strong>diem</strong></span> <span class='ocrx_word' id='word_1_271' title='bbox 918 3089 989 3145; x_wconf 90' lang='lat' dir='ltr'><strong>inter</strong></span> <span class='ocrx_word' id='word_1_272' title='bbox 1017 3107 1046 3144; x_wconf 92' lang='lat' dir='ltr'><strong>se</strong></span> <span class='ocrx_word' id='word_1_273' title='bbox 1074 3089 1221 3151; x_wconf 89' lang='lat' dir='ltr'><strong>dissident,</strong></span> <span class='ocrx_word' id='word_1_274' title='bbox 1256 3088 1403 3163; x_wconf 91' lang='lat' dir='ltr'><strong>multisque</strong></span> <span class='ocrx_word' id='word_1_275' title='bbox 1431 3088 1634 3161; x_wconf 73' lang='lat' dir='ltr'><strong>emergentibus</strong></span> <span class='ocrx_word' id='word_1_276' title='bbox 1660 3091 1750 3144; x_wconf 86' lang='lat' dir='ltr'><strong>causis</strong></span> 
     </span>
     <span class='ocr_line' id='line_1_29' title="bbox 467 3172 1750 3247; baseline 0.001 -18"><span class='ocrx_word' id='word_1_277' title='bbox 467 3173 548 3230; x_wconf 74' lang='lat' dir='ltr'><strong>‘etiam</strong></span> <span class='ocrx_word' id='word_1_278' title='bbox 569 3172 650 3246; x_wconf 91' lang='lat' dir='ltr'><strong>paulo</strong></span> <span class='ocrx_word' id='word_1_279' title='bbox 673 3183 737 3247; x_wconf 91' lang='lat' dir='ltr'><strong>post</strong></span> <span class='ocrx_word' id='word_1_280' title='bbox 758 3173 888 3229; x_wconf 88' lang='lat' dir='ltr'><strong>dissidere</strong></span> <span class='ocrx_word' id='word_1_281' title='bbox 911 3174 1032 3247; x_wconf 89' lang='lat' dir='ltr'><strong>possint,</strong></span> <span class='ocrx_word' id='word_1_282' title='bbox 1063 3191 1096 3228; x_wconf 89' lang='lat' dir='ltr'><strong>ne</strong></span> <span class='ocrx_word' id='word_1_283' title='bbox 1124 3175 1291 3247; x_wconf 89' lang='lat' dir='ltr'><strong>privatorum</strong></span> <span class='ocrx_word' id='word_1_284' title='bbox 1319 3175 1511 3229; x_wconf 73' lang='lat' dir='ltr'><strong>controversie,</strong></span> <span class='ocrx_word' id='word_1_285' title='bbox 1534 3182 1560 3230; x_wconf 86' lang='lat' dir='ltr'><strong>et</strong></span> <span class='ocrx_word' id='word_1_286' title='bbox 1583 3173 1750 3230; x_wconf 87' lang='lat' dir='ltr'><strong>hostilitates</strong></span> 
     </span>
     <span class='ocr_line' id='line_1_30' title="bbox 467 3259 1748 3332; baseline 0 -18"><span class='ocrx_word' id='word_1_287' title='bbox 467 3259 529 3315; x_wconf 91' lang='lat' dir='ltr'><strong>huic</strong></span> <span class='ocrx_word' id='word_1_288' title='bbox 551 3259 686 3314; x_wconf 87' lang='lat' dir='ltr'><strong>communi</strong></span> <span class='ocrx_word' id='word_1_289' title='bbox 709 3259 852 3314; x_wconf 87' lang='lat' dir='ltr'><strong>Christiani</strong></span> <span class='ocrx_word' id='word_1_290' title='bbox 876 3259 992 3316; x_wconf 88' lang='lat' dir='ltr'><strong>nominis</strong></span> <span class='ocrx_word' id='word_1_291' title='bbox 1015 3259 1096 3314; x_wconf 89' lang='lat' dir='ltr'><strong>hono·</strong></span> <span class='ocrx_word' id='word_1_292' title='bbox 1111 3266 1138 3314; x_wconf 91' lang='lat' dir='ltr'><strong>et</strong></span> <span class='ocrx_word' id='word_1_293' title='bbox 1162 3267 1214 3314; x_wconf 89' lang='lat' dir='ltr'><strong>tam</strong></span> <span class='ocrx_word' id='word_1_294' title='bbox 1237 3267 1337 3315; x_wconf 80' lang='lat' dir='ltr'><strong>sancta</strong></span> <span class='ocrx_word' id='word_1_295' title='bbox 1360 3277 1390 3314; x_wconf 85' lang='lat' dir='ltr'><strong>ac</strong></span> <span class='ocrx_word' id='word_1_296' title='bbox 1412 3259 1570 3314; x_wconf 71' lang='lat' dir='ltr'><strong>necessaria</strong></span> <span class='ocrx_word' id='word_1_297' title='bbox 1585 3260 1748 3332; x_wconf 89' lang='lat' dir='ltr'><strong>expeditioni</strong></span> 
     </span>
     <span class='ocr_line' id='line_1_31' title="bbox 467 3343 1784 3417; baseline -0.005 -18"><span class='ocrx_word' id='word_1_298' title='bbox 467 3344 563 3399; x_wconf 86' lang='lat' dir='ltr'><strong>obesse</strong></span> <span class='ocrx_word' id='word_1_299' title='bbox 585 3360 779 3417; x_wconf 87' lang='lat' dir='ltr'><strong>usquequaque</strong></span> <span class='ocrx_word' id='word_1_300' title='bbox 795 3344 915 3417; x_wconf 88' lang='lat' dir='ltr'><strong>possint,</strong></span> <span class='ocrx_word' id='word_1_301' title='bbox 938 3354 969 3401; x_wconf 89' lang='lat' dir='ltr'><strong>ut</strong></span> <span class='ocrx_word' id='word_1_302' title='bbox 984 3344 1108 3400; x_wconf 87' lang='lat' dir='ltr'><strong>omnibus</strong></span> <span class='ocrx_word' id='word_1_303' title='bbox 1124 3343 1208 3399; x_wconf 90' lang='lat' dir='ltr'><strong>libero</strong></span> <span class='ocrx_word' id='word_1_304' title='bbox 1224 3362 1254 3399; x_wconf 88' lang='lat' dir='ltr'><strong>ac</strong></span> <span class='ocrx_word' id='word_1_305' title='bbox 1270 3361 1364 3400; x_wconf 91' lang='lat' dir='ltr'><strong>secure</strong></span> <span class='ocrx_word' id='word_1_306' title='bbox 1380 3361 1409 3399; x_wconf 90' lang='lat' dir='ltr'><strong>se</strong></span> <span class='ocrx_word' id='word_1_307' title='bbox 1424 3344 1486 3399; x_wconf 92' lang='lat' dir='ltr'><strong>huic</strong></span> <span class='ocrx_word' id='word_1_308' title='bbox 1501 3345 1644 3417; x_wconf 87' lang='lat' dir='ltr'><strong>proposito</strong></span> <span class='ocrx_word' id='word_1_309' title='bbox 1660 3345 1748 3400; x_wconf 88' lang='lat' dir='ltr'><strong>accin-</strong></span> <span class='ocrx_word' id='word_1_310' title='bbox 1758 3352 1784 3394; x_wconf 82' lang='lat' dir='ltr'><strong>so</strong></span> 
     </span>
     <span class='ocr_line' id='line_1_32' title="bbox 467 3428 1749 3503; baseline 0 -19"><span class='ocrx_word' id='word_1_311' title='bbox 467 3447 532 3502; x_wconf 80' lang='lat' dir='ltr'><strong>gere</strong></span> <span class='ocrx_word' id='word_1_312' title='bbox 555 3428 648 3491; x_wconf 89' lang='lat' dir='ltr'><strong>liceat,</strong></span> <span class='ocrx_word' id='word_1_313' title='bbox 671 3446 758 3502; x_wconf 89' lang='lat' dir='ltr'><strong>neque</strong></span> <span class='ocrx_word' id='word_1_314' title='bbox 781 3429 936 3484; x_wconf 90' lang='lat' dir='ltr'><strong>huiusmodi</strong></span> <span class='ocrx_word' id='word_1_315' title='bbox 960 3428 1094 3485; x_wconf 89' lang='lat' dir='ltr'><strong>bellorum</strong></span> <span class='ocrx_word' id='word_1_316' title='bbox 1116 3437 1162 3484; x_wconf 90' lang='lat' dir='ltr'><strong>aut</strong></span> <span class='ocrx_word' id='word_1_317' title='bbox 1184 3430 1380 3486; x_wconf 91' lang='lat' dir='ltr'><strong>discordiarum</strong></span> <span class='ocrx_word' id='word_1_318' title='bbox 1396 3429 1647 3502; x_wconf 86' lang='lat' dir='ltr'><strong>perturbationibus</strong></span> <span class='ocrx_word' id='word_1_319' title='bbox 1666 3431 1749 3503; x_wconf 89' lang='lat' dir='ltr'><strong>impc-</strong></span> 
     </span>
     <span class='ocr_line' id='line_1_33' title="bbox 465 3513 1748 3587; baseline 0 -18"><span class='ocrx_word' id='word_1_320' title='bbox 465 3515 531 3574; x_wconf 89' lang='lat' dir='ltr'><strong>diri,</strong></span> <span class='ocrx_word' id='word_1_321' title='bbox 562 3514 693 3570; x_wconf 89' lang='lat' dir='ltr'><strong>retardari</strong></span> <span class='ocrx_word' id='word_1_322' title='bbox 723 3523 769 3570; x_wconf 91' lang='lat' dir='ltr'><strong>aut</strong></span> <span class='ocrx_word' id='word_1_323' title='bbox 798 3531 912 3587; x_wconf 88' lang='lat' dir='ltr'><strong>prorsus</strong></span> <span class='ocrx_word' id='word_1_324' title='bbox 939 3516 1021 3570; x_wconf 91' lang='lat' dir='ltr'><strong>averti</strong></span> <span class='ocrx_word' id='word_1_325' title='bbox 1050 3513 1166 3575; x_wconf 88' lang='lat' dir='ltr'><strong>valeant,</strong></span> <span class='ocrx_word' id='word_1_326' title='bbox 1196 3516 1377 3570; x_wconf 88' lang='lat' dir='ltr'><strong>necessarium</strong></span> <span class='ocrx_word' id='word_1_327' title='bbox 1406 3531 1570 3587; x_wconf 88' lang='lat' dir='ltr'><strong>magnopere</strong></span> <span class='ocrx_word' id='word_1_328' title='bbox 1598 3514 1748 3572; x_wconf 88' lang='lat' dir='ltr'><strong>ducendum</strong></span> 
     </span>
     <span class='ocr_line' id='line_1_34' title="bbox 467 3589 1775 3674; baseline 0 -21"><span class='ocrx_word' id='word_1_329' title='bbox 467 3608 521 3662; x_wconf 84' lang='lat' dir='ltr'><strong>est,</strong></span> <span class='ocrx_word' id='word_1_330' title='bbox 551 3607 582 3654; x_wconf 91' lang='lat' dir='ltr'><strong>ut</strong></span> <span class='ocrx_word' id='word_1_331' title='bbox 611 3599 728 3654; x_wconf 92' lang='lat' dir='ltr'><strong>omnium</strong></span> <span class='ocrx_word' id='word_1_332' title='bbox 757 3600 888 3655; x_wconf 92' lang='lat' dir='ltr'><strong>eiusmodi</strong></span> <span class='ocrx_word' id='word_1_333' title='bbox 918 3599 1001 3661; x_wconf 87' lang='lat' dir='ltr'><strong>bella,</strong></span> <span class='ocrx_word' id='word_1_334' title='bbox 1034 3600 1176 3655; x_wconf 77' lang='lat' dir='ltr'><strong>‹liscoruiae</strong></span> <span class='ocrx_word' id='word_1_335' title='bbox 1200 3609 1281 3674; x_wconf 91' lang='lat' dir='ltr'><strong>atque</strong></span> <span class='ocrx_word' id='word_1_336' title='bbox 1303 3599 1486 3655; x_wconf 86' lang='lat' dir='ltr'><strong>dissensiones</strong></span> <span class='ocrx_word' id='word_1_337' title='bbox 1509 3599 1611 3672; x_wconf 90' lang='lat' dir='ltr'><strong>absque</strong></span> <span class='ocrx_word' id='word_1_338' title='bbox 1634 3589 1775 3655; x_wconf 72' lang='lat' dir='ltr'><strong>alicuius&#39;</strong></span> 
     </span>
     <span class='ocr_line' id='line_1_35' title="bbox 465 3682 1746 3758; baseline 0 -18"><span class='ocrx_word' id='word_1_339' title='bbox 465 3684 690 3746; x_wconf 76' lang='lat' dir='ltr'><strong>contradictione,</strong></span> <span class='ocrx_word' id='word_1_340' title='bbox 714 3685 785 3739; x_wconf 89' lang='lat' dir='ltr'><strong>inter</strong></span> <span class='ocrx_word' id='word_1_341' title='bbox 801 3701 977 3757; x_wconf 88' lang='lat' dir='ltr'><strong>quoscunque</strong></span> <span class='ocrx_word' id='word_1_342' title='bbox 1000 3693 1045 3740; x_wconf 87' lang='lat' dir='ltr'><strong>aut</strong></span> <span class='ocrx_word' id='word_1_343' title='bbox 1068 3702 1139 3740; x_wconf 83' lang='lat' dir='ltr'><strong>nrvoc</strong></span> <span class='ocrx_word' id='word_1_344' title='bbox 1155 3685 1262 3757; x_wconf 85' lang='lat' dir='ltr'><strong>vigeant</strong></span> <span class='ocrx_word' id='word_1_345' title='bbox 1277 3693 1324 3739; x_wconf 81' lang='lat' dir='ltr'><strong>:rut</strong></span> <span class='ocrx_word' id='word_1_346' title='bbox 1340 3683 1421 3758; x_wconf 77' lang='lat' dir='ltr'><strong>patilo</strong></span> <span class='ocrx_word' id='word_1_347' title='bbox 1437 3691 1500 3757; x_wconf 88' lang='lat' dir='ltr'><strong>post</strong></span> <span class='ocrx_word' id='word_1_348' title='bbox 1515 3682 1614 3738; x_wconf 82' lang='lat' dir='ltr'><strong>exoriri</strong></span> <span class='ocrx_word' id='word_1_349' title='bbox 1631 3682 1746 3758; x_wconf 88' lang='lat' dir='ltr'><strong>possint,</strong></span> 
     </span>
     <span class='ocr_line' id='line_1_36' title="bbox 466 3768 1781 3844; baseline 0 -19"><span class='ocrx_word' id='word_1_350' title='bbox 466 3769 680 3844; x_wconf 88' lang='lat' dir='ltr'><strong>suspendantur,</strong></span> <span class='ocrx_word' id='word_1_351' title='bbox 703 3777 887 3843; x_wconf 89' lang='lat' dir='ltr'><strong>prorogentur</strong></span> <span class='ocrx_word' id='word_1_352' title='bbox 903 3779 929 3824; x_wconf 91' lang='lat' dir='ltr'><strong>et</strong></span> <span class='ocrx_word' id='word_1_353' title='bbox 949 3769 1117 3826; x_wconf 87' lang='lat' dir='ltr'><strong>ditl&#39;erantnr.</strong></span> <span class='ocrx_word' id='word_1_354' title='bbox 1161 3769 1194 3825; x_wconf 84' lang='lat' dir='ltr'><strong>Et</strong></span> <span class='ocrx_word' id='word_1_355' title='bbox 1214 3770 1340 3844; x_wconf 90' lang='lat' dir='ltr'><strong>quoniam</strong></span> <span class='ocrx_word' id='word_1_356' title='bbox 1362 3768 1438 3841; x_wconf 87' lang='lat' dir='ltr'><strong>longi</strong></span> <span class='ocrx_word' id='word_1_357' title='bbox 1461 3770 1540 3824; x_wconf 90' lang='lat' dir='ltr'><strong>nimis</strong></span> <span class='ocrx_word' id='word_1_358' title='bbox 1562 3770 1694 3842; x_wconf 91' lang='lat' dir='ltr'><strong>temporis</strong></span> <span class='ocrx_word' id='word_1_359' title='bbox 1717 3778 1781 3825; x_wconf 79' lang='lat' dir='ltr'><strong>ct³⁵</strong></span> 
     </span>
     <span class='ocr_line' id='line_1_37' title="bbox 465 3853 1747 3928; baseline 0.002 -19"><span class='ocrx_word' id='word_1_360' title='bbox 465 3854 595 3911; x_wconf 91' lang='lat' dir='ltr'><strong>laboriosi</strong></span> <span class='ocrx_word' id='word_1_361' title='bbox 619 3856 709 3928; x_wconf 78' lang='lat' dir='ltr'><strong>operis</strong></span> <span class='ocrx_word' id='word_1_362' title='bbox 732 3862 805 3910; x_wconf 91' lang='lat' dir='ltr'><strong>esset</strong></span> <span class='ocrx_word' id='word_1_363' title='bbox 827 3872 919 3928; x_wconf 90' lang='lat' dir='ltr'><strong>pacem</strong></span> <span class='ocrx_word' id='word_1_364' title='bbox 943 3855 1014 3910; x_wconf 91' lang='lat' dir='ltr'><strong>inter</strong></span> <span class='ocrx_word' id='word_1_365' title='bbox 1036 3872 1130 3911; x_wconf 88' lang='lat' dir='ltr'><strong>ornnes</strong></span> <span class='ocrx_word' id='word_1_366' title='bbox 1152 3865 1179 3910; x_wconf 89' lang='lat' dir='ltr'><strong>ct</strong></span> <span class='ocrx_word' id='word_1_367' title='bbox 1201 3855 1330 3910; x_wconf 84' lang='lat' dir='ltr'><strong>amicitias</strong></span> <span class='ocrx_word' id='word_1_368' title='bbox 1347 3871 1484 3927; x_wconf 79' lang='lat' dir='ltr'><strong>quaerere,</strong></span> <span class='ocrx_word' id='word_1_369' title='bbox 1507 3854 1572 3908; x_wconf 82' lang='lat' dir='ltr'><strong>hant</strong></span> <span class='ocrx_word' id='word_1_370' title='bbox 1587 3853 1676 3909; x_wconf 92' lang='lat' dir='ltr'><strong>saltim</strong></span> <span class='ocrx_word' id='word_1_371' title='bbox 1692 3856 1747 3911; x_wconf 90' lang='lat' dir='ltr'><strong>sin·</strong></span> 
     </span>
     <span class='ocr_line' id='line_1_38' title="bbox 465 3938 1746 4014; baseline -0.001 -20"><span class='ocrx_word' id='word_1_372' title='bbox 465 3957 534 3997; x_wconf 82' lang='lat' dir='ltr'><strong>ceras</strong></span> <span class='ocrx_word' id='word_1_373' title='bbox 557 3958 588 3997; x_wconf 90' lang='lat' dir='ltr'><strong>ac</strong></span> <span class='ocrx_word' id='word_1_374' title='bbox 610 3938 776 3995; x_wconf 84' lang='lat' dir='ltr'><strong>inviolabiles</strong></span> <span class='ocrx_word' id='word_1_375' title='bbox 807 3939 919 3995; x_wconf 74' lang='lat' dir='ltr'><strong>induciae</strong></span> <span class='ocrx_word' id='word_1_376' title='bbox 942 3957 989 3996; x_wconf 88' lang='lat' dir='ltr'><strong>scu</strong></span> <span class='ocrx_word' id='word_1_377' title='bbox 1019 3948 1122 4014; x_wconf 73' lang='lat' dir='ltr'><strong>treuga</strong></span> <span class='ocrx_word' id='word_1_378' title='bbox 1151 3959 1195 3995; x_wconf 81' lang='lat' dir='ltr'><strong>sex</strong></span> <span class='ocrx_word' id='word_1_379' title='bbox 1225 3956 1355 3995; x_wconf 80' lang='lat' dir='ltr'><strong>antrorum</strong></span> <span class='ocrx_word' id='word_1_380' title='bbox 1380 3941 1458 3994; x_wconf 78' lang='lat' dir='ltr'><strong>inter.</strong></span> <span class='ocrx_word' id='word_1_381' title='bbox 1471 3939 1632 3994; x_wconf 88' lang='lat' dir='ltr'><strong>dissidentes</strong></span> <span class='ocrx_word' id='word_1_382' title='bbox 1654 3949 1746 4013; x_wconf 87' lang='lat' dir='ltr'><strong>partes</strong></span> 
     </span>
     <span class='ocr_line' id='line_1_39' title="bbox 465 4023 1747 4098; baseline 0 -18"><span class='ocrx_word' id='word_1_383' title='bbox 465 4027 585 4081; x_wconf 90' lang='lat' dir='ltr'><strong>omnium</strong></span> <span class='ocrx_word' id='word_1_384' title='bbox 608 4034 635 4081; x_wconf 87' lang='lat' dir='ltr'><strong>ct</strong></span> <span class='ocrx_word' id='word_1_385' title='bbox 658 4043 878 4098; x_wconf 88' lang='lat' dir='ltr'><strong>quarumcunque</strong></span> <span class='ocrx_word' id='word_1_386' title='bbox 901 4025 1100 4082; x_wconf 89' lang='lat' dir='ltr'><strong>dissensionum</strong></span> <span class='ocrx_word' id='word_1_387' title='bbox 1125 4034 1151 4080; x_wconf 90' lang='lat' dir='ltr'><strong>et</strong></span> <span class='ocrx_word' id='word_1_388' title='bbox 1175 4024 1322 4085; x_wconf 90' lang='lat' dir='ltr'><strong>bellorum.</strong></span> <span class='ocrx_word' id='word_1_389' title='bbox 1346 4023 1525 4097; x_wconf 88' lang='lat' dir='ltr'><strong>qualicunque</strong></span> <span class='ocrx_word' id='word_1_390' title='bbox 1548 4025 1629 4079; x_wconf 91' lang='lat' dir='ltr'><strong>etiam</strong></span> <span class='ocrx_word' id='word_1_391' title='bbox 1645 4026 1747 4098; x_wconf 89' lang='lat' dir='ltr'><strong>gravis·</strong></span> 
     </span>
     <span class='ocr_line' id='line_1_40' title="bbox 463 4108 1746 4182; baseline -0.001 -16"><span class='ocrx_word' id='word_1_392' title='bbox 463 4112 530 4166; x_wconf 86' lang='lat' dir='ltr'><strong>sima</strong></span> <span class='ocrx_word' id='word_1_393' title='bbox 558 4128 636 4166; x_wconf 89' lang='lat' dir='ltr'><strong>causa</strong></span> <span class='ocrx_word' id='word_1_394' title='bbox 666 4119 758 4166; x_wconf 88' lang='lat' dir='ltr'><strong>exorta</strong></span> <span class='ocrx_word' id='word_1_395' title='bbox 786 4111 900 4165; x_wconf 82' lang='lat' dir='ltr'><strong>lireriut:</strong></span> <span class='ocrx_word' id='word_1_396' title='bbox 931 4112 998 4166; x_wconf 86' lang='lat' dir='ltr'><strong>adeo</strong></span> <span class='ocrx_word' id='word_1_397' title='bbox 1027 4120 1054 4166; x_wconf 93' lang='grc' dir='ltr'><strong>ιιι</strong></span> <span class='ocrx_word' id='word_1_398' title='bbox 1086 4129 1179 4166; x_wconf 88' lang='lat' dir='ltr'><strong>onnrcs</strong></span> <span class='ocrx_word' id='word_1_399' title='bbox 1202 4109 1345 4164; x_wconf 80' lang='lat' dir='ltr'><strong>Christiani</strong></span> <span class='ocrx_word' id='word_1_400' title='bbox 1369 4110 1507 4182; x_wconf 87' lang='lat' dir='ltr'><strong>Principes</strong></span> <span class='ocrx_word' id='word_1_401' title='bbox 1536 4118 1562 4163; x_wconf 88' lang='lat' dir='ltr'><strong>ct</strong></span> <span class='ocrx_word' id='word_1_402' title='bbox 1584 4108 1746 4165; x_wconf 89' lang='lat' dir='ltr'><strong>Potentatus</strong></span> 
     </span>
     <span class='ocr_line' id='line_1_41' title="bbox 463 4193 1781 4270; baseline 0.002 -21"><span class='ocrx_word' id='word_1_403' title='bbox 463 4212 524 4252; x_wconf 93' lang='lat' dir='ltr'><strong>vera</strong></span> <span class='ocrx_word' id='word_1_404' title='bbox 548 4197 656 4269; x_wconf 80' lang='lat' dir='ltr'><strong>quiete,</strong></span> <span class='ocrx_word' id='word_1_405' title='bbox 676 4197 821 4252; x_wconf 86' lang='lat' dir='ltr'><strong>securitate</strong></span> <span class='ocrx_word' id='word_1_406' title='bbox 844 4205 870 4250; x_wconf 88' lang='lat' dir='ltr'><strong>et</strong></span> <span class='ocrx_word' id='word_1_407' title='bbox 895 4194 1090 4270; x_wconf 87' lang='lat' dir='ltr'><strong>tranquillitate</strong></span> <span class='ocrx_word' id='word_1_408' title='bbox 1112 4196 1229 4264; x_wconf 75' lang='lat' dir='ltr'><strong>pavidare</strong></span> <span class='ocrx_word' id='word_1_409' title='bbox 1253 4195 1373 4268; x_wconf 88' lang='lat' dir='ltr'><strong>possint,</strong></span> <span class='ocrx_word' id='word_1_410' title='bbox 1396 4203 1421 4248; x_wconf 90' lang='lat' dir='ltr'><strong>ct</strong></span> <span class='ocrx_word' id='word_1_411' title='bbox 1438 4193 1508 4248; x_wconf 85' lang='lat' dir='ltr'><strong>ultra</strong></span> <span class='ocrx_word' id='word_1_412' title='bbox 1525 4194 1550 4249; x_wconf 90' lang='lat' dir='ltr'><strong>id</strong></span> <span class='ocrx_word' id='word_1_413' title='bbox 1566 4195 1781 4268; x_wconf 74' lang='lat' dir='ltr'><strong>suscipiendam</strong></span> 
     </span>
    </p>
   </div>
   <div class='ocr_carea' id='block_1_5' title="bbox 462 4363 663 4372">
    <p class='ocr_par' dir='ltr' id='par_1_10' title="bbox 462 4363 663 4372">
     <span class='ocr_line' id='line_1_42' title="bbox 462 4363 663 4372; baseline -0.005 0"><span class='ocrx_word' id='word_1_414' title='bbox 462 4363 663 4372; x_wconf 63' lang='grc' dir='ltr'><strong>-ι--ι--υ--ι</strong></span> 
     </span>
    </p>
   </div>
   <div class='ocr_carea' id='block_1_6' title="bbox 460 4460 1745 5126">
    <p class='ocr_par' dir='ltr' id='par_1_11' title="bbox 460 4460 1745 5126">
     <span class='ocr_line' id='line_1_43' title="bbox 531 4460 1744 4532; baseline -0.002 -18"><span class='ocrx_word' id='word_1_415' title='bbox 531 4461 833 4532; x_wconf 74' lang='lat' dir='ltr'><strong>¹etsuperpec.2.d.</strong></span> <span class='ocrx_word' id='word_1_416' title='bbox 870 4469 966 4530; x_wconf 70' lang='lat' dir='ltr'><strong>quat.</strong></span> <span class='ocrx_word' id='word_1_417' title='bbox 1003 4463 1160 4512; x_wconf 65' lang='lat' dir='ltr'><strong>&#39;elocant</strong></span> <span class='ocrx_word' id='word_1_418' title='bbox 1198 4468 1246 4513; x_wconf 88' lang='lat' dir='ltr'><strong>tot.</strong></span> <span class='ocrx_word' id='word_1_419' title='bbox 1261 4463 1323 4511; x_wconf 86' lang='lat' dir='ltr'><strong>Chr.</strong></span> <span class='ocrx_word' id='word_1_420' title='bbox 1338 4463 1405 4527; x_wconf 89' lang='lat' dir='ltr'><strong>reip.</strong></span> <span class='ocrx_word' id='word_1_421' title='bbox 1420 4479 1466 4510; x_wconf 81' lang='lat' dir='ltr'><strong>oni.</strong></span> <span class='ocrx_word' id='word_1_422' title='bbox 1481 4465 1505 4511; x_wconf 80' lang='lat'><strong>4.</strong></span> <span class='ocrx_word' id='word_1_423' title='bbox 1546 4460 1744 4512; x_wconf 72' lang='lat' dir='ltr'><strong>²veroom.4.</strong></span> 
     </span>
     <span class='ocr_line' id='line_1_44' title="bbox 462 4534 1744 4612; baseline -0.003 -12"><span class='ocrx_word' id='word_1_424' title='bbox 462 4553 624 4600; x_wconf 65' lang='lat' dir='ltr'><strong>tamenm.</strong></span> <span class='ocrx_word' id='word_1_425' title='bbox 659 4551 864 4601; x_wconf 68' lang='lat' dir='ltr'><strong>”Comodanda</strong></span> <span class='ocrx_word' id='word_1_426' title='bbox 883 4552 908 4598; x_wconf 86' lang='lat'><strong>2.</strong></span> <span class='ocrx_word' id='word_1_427' title='bbox 946 4534 1028 4612; x_wconf 74' lang='lat' dir='ltr'><strong>clm]</strong></span> <span class='ocrx_word' id='word_1_428' title='bbox 1047 4565 1079 4596; x_wconf 84' lang='lat' dir='ltr'><strong>oc</strong></span> <span class='ocrx_word' id='word_1_429' title='bbox 1098 4551 1162 4597; x_wconf 60' lang='lat' dir='ltr'><strong>vat.</strong></span> <span class='ocrx_word' id='word_1_430' title='bbox 1201 4545 1290 4611; x_wconf 73' lang='grc' dir='ltr'><strong>101ιὶιι]</strong></span> <span class='ocrx_word' id='word_1_431' title='bbox 1310 4548 1344 4596; x_wconf 88' lang='lat' dir='ltr'><strong>iis</strong></span> <span class='ocrx_word' id='word_1_432' title='bbox 1363 4550 1387 4595; x_wconf 77' lang='grc' dir='ltr'>ι.</span> <span class='ocrx_word' id='word_1_433' title='bbox 1424 4545 1540 4595; x_wconf 87' lang='lat' dir='ltr'><strong>bsllotte</strong></span> <span class='ocrx_word' id='word_1_434' title='bbox 1560 4549 1584 4595; x_wconf 73' lang='lat' dir='ltr'><strong>t.</strong></span> <span class='ocrx_word' id='word_1_435' title='bbox 1620 4548 1744 4597; x_wconf 77' lang='lat' dir='ltr'><strong>sectivo·</strong></span> 
     </span>
     <span class='ocr_line' id='line_1_45' title="bbox 463 4629 1743 4700; baseline -0.003 -15"><span class='ocrx_word' id='word_1_436' title='bbox 463 4651 575 4700; x_wconf 88' lang='lat' dir='ltr'><strong>rumque</strong></span> <span class='ocrx_word' id='word_1_437' title='bbox 593 4639 652 4686; x_wconf 72' lang='grc' dir='ltr'><strong>Η.</strong></span> <span class='ocrx_word' id='word_1_438' title='bbox 694 4634 713 4669; x_wconf 82' lang='lat'><strong>¹¹</strong></span> <span class='ocrx_word' id='word_1_439' title='bbox 732 4637 928 4685; x_wconf 68' lang='lat' dir='ltr'><strong>omnesomd.</strong></span> <span class='ocrx_word' id='word_1_440' title='bbox 970 4635 1071 4690; x_wconf 79' lang='lat' dir='ltr'><strong>exact]</strong></span> <span class='ocrx_word' id='word_1_441' title='bbox 1092 4631 1273 4696; x_wconf 86' lang='lat' dir='ltr'><strong>expeditionis</strong></span> <span class='ocrx_word' id='word_1_442' title='bbox 1292 4635 1316 4680; x_wconf 79' lang='grc'><strong>4.</strong></span> <span class='ocrx_word' id='word_1_443' title='bbox 1364 4629 1385 4662; x_wconf 83' lang='lat'><strong>¹²</strong></span> <span class='ocrx_word' id='word_1_444' title='bbox 1403 4631 1507 4680; x_wconf 87' lang='lat' dir='ltr'><strong>eveniri</strong></span> <span class='ocrx_word' id='word_1_445' title='bbox 1526 4635 1550 4681; x_wconf 90' lang='grc'><strong>2.</strong></span> <span class='ocrx_word' id='word_1_446' title='bbox 1570 4631 1699 4680; x_wconf 87' lang='lat' dir='ltr'><strong>devenire</strong></span> <span class='ocrx_word' id='word_1_447' title='bbox 1720 4635 1743 4682; x_wconf 76' lang='lat' dir='ltr'><strong>d.</strong></span> 
     </span>
     <span class='ocr_line' id='line_1_46' title="bbox 463 4714 1744 4786; baseline -0.003 -15"><span class='ocrx_word' id='word_1_448' title='bbox 463 4719 565 4786; x_wconf 83' lang='lat' dir='ltr'><strong>¹⁸sibi]</strong></span> <span class='ocrx_word' id='word_1_449' title='bbox 585 4721 634 4771; x_wconf 87' lang='lat' dir='ltr'><strong>sub</strong></span> <span class='ocrx_word' id='word_1_450' title='bbox 654 4723 709 4774; x_wconf 81' lang='grc'><strong><em>1.2.</em></strong></span> <span class='ocrx_word' id='word_1_451' title='bbox 744 4719 765 4752; x_wconf 76' lang='lat'><strong>¹⁵</strong></span> <span class='ocrx_word' id='word_1_452' title='bbox 784 4723 899 4770; x_wconf 83' lang='lat' dir='ltr'><strong>comest.</strong></span> <span class='ocrx_word' id='word_1_453' title='bbox 913 4722 938 4765; x_wconf 85' lang='grc'><strong>2.</strong></span> <span class='ocrx_word' id='word_1_454' title='bbox 957 4723 984 4764; x_wconf 83' lang='grc' dir='ltr'><strong>ιιι</strong></span> <span class='ocrx_word' id='word_1_455' title='bbox 1000 4720 1073 4768; x_wconf 85' lang='lat' dir='ltr'><strong>solet,</strong></span> <span class='ocrx_word' id='word_1_456' title='bbox 1116 4715 1137 4748; x_wconf 92' lang='lat'><strong>¹⁷</strong></span> <span class='ocrx_word' id='word_1_457' title='bbox 1155 4733 1187 4765; x_wconf 82' lang='lat' dir='ltr'><strong>ex</strong></span> <span class='ocrx_word' id='word_1_458' title='bbox 1205 4720 1320 4767; x_wconf 66' lang='lat' dir='ltr'><strong>emm.</strong></span> <span class='ocrx_word' id='word_1_459' title='bbox 1356 4714 1377 4747; x_wconf 81' lang='lat'><strong>¹⁸</strong></span> <span class='ocrx_word' id='word_1_460' title='bbox 1397 4714 1441 4780; x_wconf 86' lang='lat' dir='ltr'><strong>nc]</strong></span> <span class='ocrx_word' id='word_1_461' title='bbox 1460 4720 1487 4765; x_wconf 90' lang='lat' dir='ltr'><strong>et</strong></span> <span class='ocrx_word' id='word_1_462' title='bbox 1505 4719 1529 4764; x_wconf 74' lang='lat' dir='ltr'><strong>t.</strong></span> <span class='ocrx_word' id='word_1_463' title='bbox 1570 4715 1744 4767; x_wconf 73' lang='grc' dir='ltr'><strong>1ὀἰιιειιι.4.</strong></span> 
     </span>
     <span class='ocr_line' id='line_1_47' title="bbox 461 4797 1745 4866; baseline -0.003 -11"><span class='ocrx_word' id='word_1_464' title='bbox 461 4804 613 4858; x_wconf 57' lang='lat' dir='ltr'><strong>”eleetid</strong></span> <span class='ocrx_word' id='word_1_465' title='bbox 636 4803 932 4856; x_wconf 65' lang='lat' dir='ltr'><strong>”diesentzutah&#39;cs</strong></span> <span class='ocrx_word' id='word_1_466' title='bbox 963 4799 1133 4866; x_wconf 64' lang='lat' dir='ltr'><strong>²‘postsentd</strong></span> <span class='ocrx_word' id='word_1_467' title='bbox 1168 4797 1416 4866; x_wconf 63' lang='lat' dir='ltr'><strong>”securelscsed</strong></span> <span class='ocrx_word' id='word_1_468' title='bbox 1436 4802 1591 4850; x_wconf 79' lang='lat' dir='ltr'><strong>seoncedrl.</strong></span> <span class='ocrx_word' id='word_1_469' title='bbox 1628 4798 1745 4851; x_wconf 70' lang='lat' dir='ltr'><strong>”omni-</strong></span> 
     </span>
     <span class='ocr_line' id='line_1_48' title="bbox 462 4883 1742 4955; baseline -0.004 -14"><span class='ocrx_word' id='word_1_470' title='bbox 462 4891 659 4941; x_wconf 60' lang='lat' dir='ltr'><strong>buseitrsmd.</strong></span> <span class='ocrx_word' id='word_1_471' title='bbox 695 4887 761 4955; x_wconf 82' lang='lat' dir='ltr'><strong>atq]</strong></span> <span class='ocrx_word' id='word_1_472' title='bbox 775 4893 803 4938; x_wconf 90' lang='lat' dir='ltr'><strong>et</strong></span> <span class='ocrx_word' id='word_1_473' title='bbox 815 4891 840 4938; x_wconf 73' lang='grc'><strong>4.</strong></span> <span class='ocrx_word' id='word_1_474' title='bbox 875 4884 928 4918; x_wconf 67' lang='lat'><strong>⁸⁴⁸⁵</strong></span> <span class='ocrx_word' id='word_1_475' title='bbox 939 4890 1100 4951; x_wconf 61' lang='lat' dir='ltr'><strong>possentd.</strong></span> <span class='ocrx_word' id='word_1_476' title='bbox 1136 4883 1262 4952; x_wconf 75' lang='lat' dir='ltr'><strong>et]acd.</strong></span> <span class='ocrx_word' id='word_1_477' title='bbox 1297 4883 1516 4935; x_wconf 66' lang='lat' dir='ltr'><strong>⁸⁵nimiumm.</strong></span> <span class='ocrx_word' id='word_1_478' title='bbox 1551 4887 1742 4950; x_wconf 82' lang='lat' dir='ltr'><strong>temporioom.</strong></span> 
     </span>
     <span class='ocr_line' id='line_1_49' title="bbox 462 4968 1742 5041; baseline -0.004 -15"><span class='ocrx_word' id='word_1_479' title='bbox 462 4978 520 5025; x_wconf 66' lang='lat'><strong>23.</strong></span> <span class='ocrx_word' id='word_1_480' title='bbox 551 4973 721 5041; x_wconf 87' lang='lat' dir='ltr'><strong>nim.temp.]</strong></span> <span class='ocrx_word' id='word_1_481' title='bbox 740 4973 859 5024; x_wconf 88' lang='lat' dir='ltr'><strong>muneris</strong></span> <span class='ocrx_word' id='word_1_482' title='bbox 878 4975 902 5020; x_wconf 82' lang='grc'><strong>4.</strong></span> <span class='ocrx_word' id='word_1_483' title='bbox 950 4968 971 5001; x_wconf 84' lang='lat'><strong>³⁰</strong></span> <span class='ocrx_word' id='word_1_484' title='bbox 989 4971 1088 5020; x_wconf 80' lang='lat' dir='ltr'><strong>saltem</strong></span> <span class='ocrx_word' id='word_1_485' title='bbox 1107 4975 1131 5020; x_wconf 79' lang='grc'><strong>4.</strong></span> <span class='ocrx_word' id='word_1_486' title='bbox 1177 4969 1199 5002; x_wconf 78' lang='lat'><strong>⁸⁷</strong></span> <span class='ocrx_word' id='word_1_487' title='bbox 1216 4975 1320 5033; x_wconf 76' lang='lat' dir='ltr'><strong>tergore</strong></span> <span class='ocrx_word' id='word_1_488' title='bbox 1339 4973 1362 5020; x_wconf 85' lang='lat'><strong>1.</strong></span> <span class='ocrx_word' id='word_1_489' title='bbox 1393 4971 1509 5036; x_wconf 84' lang='lat' dir='ltr'><strong>Treguoe</strong></span> <span class='ocrx_word' id='word_1_490' title='bbox 1529 4974 1553 5019; x_wconf 82' lang='lat'><strong>2.</strong></span> <span class='ocrx_word' id='word_1_491' title='bbox 1588 4975 1696 5036; x_wconf 81' lang='lat' dir='ltr'><strong>treugae</strong></span> <span class='ocrx_word' id='word_1_492' title='bbox 1715 4973 1742 5021; x_wconf 79' lang='grc'><strong>3.</strong></span> 
     </span>
     <span class='ocr_line' id='line_1_50' title="bbox 460 5052 1539 5126; baseline -0.006 -16"><span class='ocrx_word' id='word_1_493' title='bbox 460 5066 557 5126; x_wconf 86' lang='lat' dir='ltr'><strong>treuge</strong></span> <span class='ocrx_word' id='word_1_494' title='bbox 577 5063 601 5108; x_wconf 75' lang='grc'><strong>4.</strong></span> <span class='ocrx_word' id='word_1_495' title='bbox 642 5057 664 5091; x_wconf 80' lang='lat'><strong>³⁸</strong></span> <span class='ocrx_word' id='word_1_496' title='bbox 683 5063 711 5109; x_wconf 87' lang='lat' dir='ltr'><strong>et</strong></span> <span class='ocrx_word' id='word_1_497' title='bbox 729 5075 803 5124; x_wconf 87' lang='lat' dir='ltr'><strong>quar.</strong></span> <span class='ocrx_word' id='word_1_498' title='bbox 818 5054 893 5123; x_wconf 74' lang='lat' dir='ltr'><strong>diss]</strong></span> <span class='ocrx_word' id='word_1_499' title='bbox 913 5056 1110 5106; x_wconf 82' lang='lat' dir='ltr'><strong>discordiarum</strong></span> <span class='ocrx_word' id='word_1_500' title='bbox 1129 5058 1153 5105; x_wconf 78' lang='grc'><strong>4.</strong></span> <span class='ocrx_word' id='word_1_501' title='bbox 1187 5053 1210 5085; x_wconf 70' lang='lat'><strong>⁴⁰</strong></span> <span class='ocrx_word' id='word_1_502' title='bbox 1227 5052 1326 5119; x_wconf 71' lang='lat' dir='ltr'><strong>secur]</strong></span> <span class='ocrx_word' id='word_1_503' title='bbox 1345 5055 1495 5104; x_wconf 84' lang='lat' dir='ltr'><strong>serenitate</strong></span> <span class='ocrx_word' id='word_1_504' title='bbox 1515 5057 1539 5104; x_wconf 78' lang='lat' dir='ltr'><strong>d.</strong></span> 
     </span>
    </p>
   </div>
   <div class='ocr_carea' id='block_1_7' title="bbox 0 0 2154 6057">
    <p class='ocr_par' dir='ltr' id='par_1_12' title="bbox 0 0 2154 6057">
     <span class='ocr_line' id='line_1_51' title="bbox 0 0 2154 6057; baseline 0 0"><span class='ocrx_word' id='word_1_505' title='bbox 0 0 2154 6057; x_wconf 95' lang='lat' dir='ltr'><strong> </strong></span> 
     </span>
    </p>
   </div>
  </div>
 </body>
</html>
