4300 6059
735 1444 911 1495 ADDENDA
930 1445 978 1494 AD
997 1444 1080 1494 VOL.
1100 1444 1120 1493 1.
1140 1443 1220 1494 PAG.
1243 1444 1297 1494 154.

714 1516 936 1523 ——...-.
947 1516 1012 1522 -.-.
1025 1508 1319 1524 ———-----5-·-—-

390 1699 551 1750 sennheim.
927 1682 1056 1758 LXVI
1067 1683 1096 1755 *,
1427 1699 1662 1778 ΜΗ
1708 1701 1718 1713 ’

665 1852 826 1913 ALBERT!
850 1854 1132 1915 nncnfflnlsconl
1156 1852 1363 1914 MOGVNTINI

996 1972 1032 2006 An

352 2072 364 2110 s
718 2052 921 2109 rnnnmscvn
944 2054 962 2109 Ι.
985 2053 1184 2109 innnoonvn
1207 2052 1316 2108 REGEM

456 2163 610 2220 HVTTENO
632 2164 763 2220 LEGATO
786 2164 1005 2221 Ponssnnnnn
1028 2162 1191 2230 Frnrsnovs
1212 2162 1392 2219 nnclnnrcs
1414 2162 1576 2219 mirone.

457 2315 516 2374 Nos
539 2315 674 2374 Alburnus
696 2315 752 2374 Dei
769 2319 878 2388 procia
903 2322 1005 2374 saucio
1029 2315 1205 2388 Mopuuu'ue
1229 2315 1307 2372 sedis
1334 2331 1372 2372 uc
1396 2313 1663 2388 Mupdcmtryeusr's

372 2420 493 2477 ecciesic
515 2418 756 2491 archiepiscopus
778 2419 869 2475 Sacri
888 2417 1018 2475 Bomuue'
1037 2416 1164 2491 Imperii
1185 2417 1491 2486 Arclcicnncellorius‚
1520 2418 1663 2493 Princeps

372 2519 504 2583 Eleclor,
528 2519 646 2577 Primus
666 2521 695 2577 in
719 2520 880 2577 Germania
901 2508 1023 2577 ecclesie
1037 2518 1298 2576 Holbcrstadeuse's
1314 2520 1547 2592 cruminis-tratur,
1572 2520 1663 2578 Mm-

338 2621 770 2698 10clrioBrurrderrburqcusis‚
797 2621 992 2692 Slc’ttincusiS,
1016 2621 1203 2691 I'omerunic,
1227 2594 1448 2698 C'ussubiorum,
1471 2622 1664 2681 Seianorum-

372 2744 429 2800 quc
458 2726 536 2794 dur,
565 2722 776 2798 Burpuruuius
806 2723 1071 2796 Nurcmburycusis
1098 2729 1126 2781 ul
1146 2721 1264 2796 Rhuyic
1289 2725 1439 2797 princeps.
1485 2724 1530 2781 uis
1557 2725 1664 2782 uostris

368 2827 538 2903 patentibus
560 2843 597 2886 uc
615 2826 833 2900 manifestaris
855 2827 948 2884 limris
963 2801 1100 2896 soterum
1121 2841 1158 2882 uc
1176 2831 1274 2883 rrolrrm
1296 2823 1443 2900 facimus,
1469 2826 1664 2899 quemadmo-

372 2932 443 2989 dum
468 2935 640 2988 strennuum
667 2936 696 2988 et
721 2931 840 3002 cprcpic
863 2929 978 2986 doenum
998 2928 1115 2997 fidelem
1137 2935 1268 2986 nostrum
1293 2945 1331 2986 uc
1352 2929 1554 2986 consiliarium
1580 2927 1663 2986 Uiri-

372 3033 460 3091 clrum
483 3034 520 3091 de
545 3032 653 3090 Humum
674 3034 798 3106 equitem
819 3039 958 3089 crscrulum
978 3037 1006 3087 ct
1027 3030 1174 3087 doctorem
1194 3038 1358 3103 presentem
1379 3030 1423 3086 od
1448 3032 1664 3089 serenissimum

342 3151 413 3201 nuc
440 3135 716 3193 christianissimum
744 3133 913 3207 Principem
944 3133 1091 3190 domiuum
1120 3132 1312 3191 Frnrrce'scum
1341 3132 1529 3190 Francormu
1554 3147 1662 3205 rupem,

374 3238 523 3296 dominnm
545 3245 574 3295 ct
595 3237 723 3294 (turicum
745 3243 876 3294 nostrum
898 3237 1072 3312 leqouimus,
1098 3236 1182 3306 firmi
1199 3250 1237 3293 oc
1258 3236 1321 3292 ruti
1337 3249 1403 3293 cum
1423 3235 1485 3292 eius
1506 3236 1673 3304 sereru'tote¹

373 3346 472 3399 uoslro
490 3341 607 3396 nomine
628 3339 784 3412 poupcudi
797 3336 926 3408 [ruderis
946 3353 1056 3407 causo,
1079 3342 1108 3394 et
1125 3336 1313 3410 quorundum
1335 3337 1461 3394 aliorum
1483 3337 1664 3409 ueuotiorum

373 3459 429 3516 quc
447 3443 493 3499 illi
507 3448 649 3515 pretereo
667 3428 774 3498 ibidem
790 3440 987 3515 peropendn,
1008 3439 1159 3510 liniendo,
1181 3439 1403 3508 concludenda,
1426 3454 1464 3496 oc
1484 3440 1515 3496 in
1533 3453 1663 3497 conuen-

374 3547 479 3602 tionem
497 3552 526 3601 et
551 3543 742 3601 concordiam
759 3523 957 3617 perducendo
972 3544 1176 3600 commisimus.
1217 3541 1409 3611 (mumohrem
1426 3539 1552 3614 prefato
1565 3545 1665 3597 nostro

337 3676 364 3715 20
383 3646 500 3704 i'lrt'cho
521 3646 559 3704 dc
576 3644 683 3704 Huueu
705 3646 798 3718 equiti
820 3649 926 3702 aurato
942 3645 1113 3718 plurimisos
1135 3645 1316 3702 nostrumne
1338 3630 1570 3718 iris'potostotem
1591 3658 1664 3699 con-

372 3751 523 3818 cessimus,
551 3749 635 3820 cique
664 3749 763 3820 uiuorc
790 3763 827 3805 oc
856 3747 960 3805 ue'rtnto
982 3748 1165 3820 presentium
1185 3749 1340 3806 liturarum
1360 3745 1539 3818 fucultatem
1559 3745 1665 3802 domus

442 3984 462 4016 ¹⁴
481 3982 631 4050 doctorem]
654 3986 759 4034 Praetor
776 3982 849 4034 hunc'
866 3983 955 4033 locum
975 3981 1065 4032 nullus
1084 3983 1207 4045 omnino,
1228 3985 1251 4032 si
1270 3983 1341 4033 bone
1360 3983 1483 4044 memini,
1503 3983 1532 4032 in
1551 3980 1663 4047 oequsli-

373 4073 423 4121 bus
442 4070 553 4135 scriptis
573 4075 658 4131 extet,
678 4069 722 4134 qui
741 4070 860 4120 doctoris
878 4069 987 4118 nomine
1006 4070 1158 4118 Huttenum
1178 4069 1319 4133 insigniat.
1350 4068 1398 4118 sed
1417 4073 1493 4118 certe
1512 4069 1540 4117 in
1553 4067 1664 4134 publico

317 4207 322 4213 ,
372 4158 552 4205 instrumento
570 4154 614 4203 hic
633 4155 728 4204 titulus
747 4171 800 4204 non
819 4160 966 4219 poneretur
985 4153 1019 4202 ab
1039 4153 1261 4218 archiepiscopo,
1280 4153 1333 4203 nisi
1352 4169 1413 4202 eum
1426 4153 1537 4204 honoris
1549 4154 1663 4220 gradum

373 4243 431 4291 iuro
452 4255 500 4290 suo
519 4239 573 4288 sibi
592 4239 764 4304 adquisisset
782 4240 936 4300 Huttenus‚
957 4239 1087 4304 quidquid
1106 4240 1165 4304 ipse
1184 4241 1212 4287 in
1225 4238 1395 4288 Praefationc
1409 4239 1531 4289 Nominis
1551 4237 1585 4288 ad
1598 4238 1662 4288 Cro·

373 4333 430 4375 tum
449 4325 555 4389 scripta
575 4322 610 4387 (Ι.
625 4341 651 4389 p.
666 4323 739 4388 175.)
759 4329 855 4374 contro
874 4325 967 4374 dicere
983 4325 1122 4374 videntur.
1158 4323 1218 4373 Nisi
1230 4322 1317 4372 verbo
1337 4323 1486 4374 ‘doctorem
1500 4325 1662 4390 presentem'

373 4411 547 4476 apertissime
566 4408 725 4472 legerentur
748 4412 822 4472 (nam
845 4409 879 4459 do
904 4410 1038 4460 adcurate
1062 4408 1128 4459 mihi
1150 4409 1305 4457 transmissi
1330 4409 1448 4475 exempli
1466 4408 1518 4458 fide
1537 4408 1663 4459 dubitare

372 4496 438 4545 mihi
462 4511 514 4544 non
538 4491 633 4558 licet),
659 4510 712 4544 non
735 4511 842 4560 possem
867 4511 922 4545 non
944 4496 1082 4561 suspicari
1105 4498 1210 4545 lotorem
1233 4495 1384 4558 presentium
1408 4494 1539 4557 scriptum
1563 4492 1662 4542 fuisse:

372 4597 434 4630 nom
453 4584 510 4629 tum
528 4579 667 4628 adiectum
686 4580 798 4630 verbum
814 4587 982 4645 proescnlem,
1002 4586 1056 4630 tum
1076 4580 1192 4647 simplex
1211 4582 1324 4629 doctoris
1341 4593 1454 4640 nomen,
1478 4577 1579 4626 omissa
1601 4579 1664 4626 inrui

370 4668 500 4731 utriusque
519 4664 689 4724 adiectione,
709 4666 794 4715 habet
813 4667 884 4730 quod
903 4666 928 4714 h.
942 4666 960 4718 l.
975 4683 1016 4715 me
1036 4665 1158 4716 offendit.
1194 4667 1229 4715 nt
1248 4665 1271 4714 si
1284 4665 1421 4714 doctorem
1435 4663 1602 4728 adgnoscere
1616 4661 1662 4711 de-

372 4752 465 4800 bemus
484 4752 603 4815 equitem
623 4756 752 4812 nostrum,
772 4752 838 4800 iuris
857 4751 995 4801 doctorem
1015 4767 1075 4801 eum
1094 4752 1268 4801 hnbobimus:
1288 4765 1351 4798 nom
1369 4747 1441 4797 hond
1461 4746 1544 4797 focile
1564 4747 1663 4796 artium

372 4837 532 4899 magistrum
557 4836 597 4885 ito
621 4836 759 4885 doctorem
784 4835 831 4886 illo
856 4842 979 4902 tempore
1003 4836 1196 4902 adpellobnnt;
1222 4834 1370 4898 theologiae
1393 4849 1458 4883 vero
1482 4833 1662 4884 medicinoeve

372 4921 553 4984 doctoratum,
574 4921 699 4985 quamvis
718 4927 746 4970 et
765 4921 815 4970 hoc
835 4926 949 4986 ueroque
968 4922 1104 4970 hominem
1123 4937 1179 4986 prae
1198 4920 1291 4969 multis
1310 4918 1546 4968 reverendissimis
1559 4919 1662 4983 gratio-

373 5006 543 5071 sissimisquo
570 5005 681 5071 dignum
706 5006 766 5069 quis
790 5005 906 5067 iudicet,
932 5007 1084 5054 Hostenum
1107 5006 1235 5070 adeptum
1260 5005 1345 5054 fuisse
1369 5020 1447 5053 nemo
1466 5003 1573 5053 dixerit„
1611 5003 1662 5054 Cs-

376 5095 465 5142 terum
485 5091 521 5141 of.
535 5091 588 5142 vol.
604 5091 626 5140 1.
639 5106 665 5155 p.
679 5091 705 5140 5.
719 5105 777 5155 sqq.
792 5104 865 5139 num.
879 5090 915 5139 11.
969 5088 989 5121 ¹⁸
1008 5075 1234 5140 concluendende
1253 5096 1291 5140 est
1308 5092 1334 5138 in
1352 5090 1510 5156 apographo.
