4300 6059
381 715 507 751 amm
519 715 556 749 ΔΙ)
568 712 716 749 rutncrrtts
727 714 811 748 GEM-
820 714 854 748 VT
867 714 978 748 BELLVM
991 713 1090 748 TVRGIS
1105 713 1244 747 INFERANT
1256 710 1480 746 ΚΧΒΟΒΤΔΤΟΒΙΔ.
1488 695 1571 759 (1518.)
1593 680 1664 750 107

380 871 452 930 titus
474 876 518 931 est
539 875 569 930 et
583 866 713 928 balsama
728 868 824 937 metit,
847 868 898 927 sed
915 868 994 946 qnod
1018 866 1044 943 (o
1059 849 1232 947 lachrymae,
1257 886 1275 926 o
1293 865 1427 944 planctus
1435 867 1451 946 l)
1475 866 1666 945 sepulchrum

378 990 454 1050 gens
476 971 565 1049 impia
588 969 720 1048 possidet
748 971 810 1030 eius
833 971 961 1047 quinos
984 969 1070 1029 caelos
1093 969 1243 1049 possidere
1267 970 1344 1030 lacit.
1389 966 1450 1038 Qua
1480 970 1599 1029 victoria
1621 975 1734 1041 turre

379 1091 465 1133 mens
488 1091 523 1133 ac
546 1071 639 1133 elatus
660 1070 769 1141 bostis,
793 1069 880 1132 simul
904 1070 1009 1150 praeda
1024 1089 1090 1149 quae
1112 1071 1243 1132 oninium
1265 1071 1351 1131 fidem
1375 1070 1491 1131 excedit
1505 1068 1666 1149 locupleta·

378 1184 436 1244 tus,
460 1169 653 1254 posteaquam
675 1174 819 1253 impositis
841 1174 984 1253 praesidiis
1005 1182 1087 1251 targa
1112 1175 1316 1242 communivit,
1341 1190 1445 1250 magna
1468 1191 1534 1251 spe,
1561 1190 1667 1250 niagno

356 1279 480 1337 aantmo
502 1278 532 1336 in
554 1274 693 1354 gentibus
715 1277 787 1336 actis
810 1273 988 1345 delentibus,
1022 1277 1272 1335 numerosissimis
1294 1273 1469 1352 conscriptis
1490 1275 1582 1352 copiis
1604 1272 1666 1334 bel-

377 1378 493 1440 lumin
515 1396 570 1439 nos
592 1377 678 1456 quale
700 1396 851 1455 nunquam
873 1379 956 1455 prius
978 1385 1070 1454 parat.
1110 1386 1139 1437 ct
1161 1376 1211 1436 ubi
1233 1377 1335 1455 parat?
1357 1393 1416 1436 non
1439 1378 1468 1435 in
1491 1376 1587 1435 Asiam
1611 1376 1667 1435 iarn

378 1471 430 1541 aut
445 1481 475 1539 in
490 1499 542 1541 sua
565 1478 625 1539 illic
647 1479 795 1550 barbaria,
819 1479 897 1552 (narn
920 1479 997 1557 qnod
1022 1479 1098 1538 lucto
1121 1478 1162 1539 ibi
1185 1498 1259 1558 opus
1282 1486 1359 1545 erat,
1383 1475 1564 1538 multo-ante
1579 1463 1667 1556 quam

377 1582 416 1642 nd
441 1600 494 1643 nos
516 1583 594 1642 sarna
623 1583 792 1659 perveniret
820 1581 941 1658 curarit)
969 1581 1020 1642 sed
1050 1600 1117 1641 curn
1147 1583 1282 1640 uniuersa
1311 1577 1460 1639 nobilitate
1488 1596 1522 1637 ac
1552 1578 1667 1657 imperii

378 1682 554 1762 proceribus
576 1682 860 1761 Constantinopolim
882 1683 918 1743 ad
941 1702 995 1743 nos
1017 1684 1191 1752 transmisit,
1215 1682 1266 1742 nbi
1281 1700 1376 1750 arina,
1401 1682 1483 1763 equi,
1507 1680 1575 1751 viri,
1599 1698 1666 1741 cur-

346 1799 433 1846 torus
455 1803 490 1844 ac
512 1785 655 1845 machina>
676 1785 869 1846 instruuntur.
914 1792 1001 1862 atquc
1025 1785 1086 1845 liaeo
1109 1784 1145 1844 ad
1169 1784 1277 1844 bellurn
1301 1790 1378 1843 terra
1395 1783 1573 1861 gerendum:
1597 1785 1734 1847 palatui.

379 1885 612 1952 validissimaac
634 1903 724 1966 supra
747 1904 834 1964 quarn
857 1904 979 1947 necesse
1002 1895 1046 1947 est
1068 1888 1178 1947 munita
1201 1885 1317 1953 classis,
1340 1903 1406 1964 qun
1428 1885 1514 1963 paulo
1530 1892 1598 1964 post
1612 1884 1667 1946 lta·

377 1988 448 2048 liam
472 1989 600 2069 invadat,
629 1988 744 2049 lonium
775 2006 856 2048 mare
883 1987 1081 2066 perambulat,
1111 2008 1145 2049 ac
1173 1988 1208 2048 ad
1237 1989 1331 2065 ipsam
1359 2005 1452 2065 usque
1481 1986 1610 2047 Siciliam
1639 1993 1669 2048 et

376 2091 646 2170 Appuliamaudet
674 2091 832 2169 expatiari;
862 2089 951 2150 altera
981 2091 1059 2169 apud
1090 2090 1220 2150 Thraces
1251 2091 1420 2157 conficitur,
1451 2107 1517 2167 quae
1545 2090 1667 2149 Graeciae

284 2205 289 2213 ’
376 2192 477 2253 littora
500 2200 615 2254 tueatur
638 2191 735 2253 ethis
757 2210 823 2271 qum
845 2194 919 2252 mari
947 2193 1078 2270 possidet
1106 2192 1199 2253 hostis
1227 2191 1364 2269 presidio
1396 2198 1521 2252 maneat.
1566 2191 1734 2254 domi-tn.

345 2313 450 2356 tanum
473 2296 504 2355 in
526 2297 617 2356 armis
639 2314 704 2357 esse
727 2295 863 2355 feruntur
886 2294 921 2354 ad
945 2295 1069 2355 ducenta
1093 2292 1196 2362 millia,
1219 2312 1278 2353 non
1295 2293 1501 2354 coartemneudi
1516 2310 1569 2372 per
1583 2292 1667 2354 Chri·

375 2406 455 2457 stum
478 2396 599 2465 milites,
622 2415 683 2457 non
709 2399 826 2475 penitus
849 2396 982 2457 derelicti
1005 2417 1020 2457 a
1044 2399 1151 2457 virtute
1174 2397 1236 2455 viri.
1281 2415 1356 2475 <laos
1387 2398 1412 2456 si
1441 2393 1520 2479 nulla
1542 2414 1593 2455 sna
1615 2413 1666 2456 na·

377 2506 460 2568 tura,
484 2498 564 2560 nulla
587 2501 663 2560 inter
686 2481 844 2560 bellicosos
867 2498 1001 2558 homines
1024 2498 1181 2558 assuetudo
1204 2498 1240 2557 ad
1264 2498 1380 2558 sortiter
1395 2497 1504 2577 aliquid
1520 2498 1666 2576 agendum

375 2603 549 2678 instigaret,
579 2601 624 2663 vel
652 2600 699 2661 illa
726 2608 785 2660 tam
814 2602 963 2678 speciosa,
992 2598 1041 2659 illa
1074 2609 1135 2659 tam
1162 2601 1293 2659 omnium
1323 2598 1492 2660 seculorum
1521 2602 1665 2662 memoria

375 2703 465 2778 digna
488 2704 610 2763 victoria
633 2704 788 2771 excitaret,
816 2701 865 2762 illa
893 2704 998 2780 ingens
1026 2701 1103 2765 bello
1127 2701 1298 2763 Sultlranico
1326 2710 1408 2779 parta
1435 2701 1590 2778 glorin·ad
1613 2703 1665 2762 ali·

338 2804 450 2883 enquid
472 2803 597 2866 ulterius
619 2804 737 2883 egregie
759 2804 925 2865 conandum
947 2805 1150 2865 inflammaret.
1196 2804 1231 2864 llt
1253 2805 1310 2862 iam
1333 2805 1519 2865 incursiones
1541 2805 1615 2865 finiit
1635 2806 1734 2864 [naza.
1794 2815 1796 2818 ’

376 2906 543 2986 Illyricum,
566 2906 658 2968 bostis
679 2909 710 2968 in
730 2915 922 2985 prospectum
945 2925 1038 2985 nsque
1060 2906 1270 2984 ilungarornm
1293 2908 1430 2966 accesit:
1460 2908 1497 2965 ita
1526 2909 1584 2967 ianr
1606 2924 1666 2967 non
1691 2923 1697 2935 ·

376 3017 462 3087 parat
482 3007 611 3080 bellurn,
645 3009 697 3071 sad
719 3009 873 3070 manifeste
896 3010 985 3087 gerit;
1016 3015 1130 3069 tantum
1153 3006 1235 3069 abest
1263 3016 1294 3069 ut
1315 3007 1339 3067 T
1343 3027 1444 3078 urnas,
1476 3026 1551 3086 quos
1578 3008 1666 3089 paulo

375 3120 446 3172 ante
467 3110 679 3188 ignorabamus
702 3110 822 3171 ubinam
845 3117 957 3181 essent,
981 3131 1015 3172 ac
1037 3118 1127 3171 totam
1152 3109 1220 3170 belli
1241 3109 1348 3170 molem
1370 3111 1399 3169 in
1415 3112 1603 3172 Germaniam
1618 3129 1666 3172 ac·

376 3215 532 3292 cipiamns.
577 3213 702 3276 Creditis
721 3215 798 3274 enirn
822 3216 852 3273 in
873 3213 929 3274 bac
951 3214 1069 3274 iortnna
1091 3215 1278 3290 quieturum,
1306 3214 1336 3271 in
1359 3212 1416 3272 lroc
1439 3211 1583 3273 felicitatis
1604 3226 1735 3276 sunt-³1.

341 3331 471 3376 accursu
499 3323 681 3376 cessaturum
710 3318 760 3393 qni
788 3315 875 3382 nullis
904 3334 1032 3394 unquam
1060 3312 1225 3393 tranquillis
1253 3314 1343 3374 rebus
1371 3315 1525 3393 quiescere
1556 3316 1666 3386 didicit,

377 3419 455 3477 intra
471 3416 588 3477 nullam
612 3435 741 3496 unquam
764 3418 913 3479 fortunam
936 3438 968 3480 se
987 3419 1145 3488 continuit,
1170 3418 1216 3477 cui
1233 3418 1330 3479 omnis
1344 3417 1446 3478 odiosa
1461 3420 1596 3479 remissio
1613 3425 1666 3489 est,

378 3520 464 3580 cuius
486 3538 518 3580 ea
543 3526 588 3581 est
608 3527 712 3581 natura
735 3529 768 3580 ut
789 3522 820 3581 in
843 3540 945 3582 omnes
968 3523 1140 3582 occasiones
1162 3522 1291 3580 intentus
1313 3519 1468 3580 tumultum
1484 3522 1575 3598 quieti
1590 3538 1666 3599 pras·

377 3621 469 3690 ierat,
492 3639 566 3700 pace
581 3619 694 3682 bellum
708 3624 806 3702 potius
829 3624 934 3684 ducati
967 3624 1003 3684 Et
1024 3642 1062 3684 ne
1085 3624 1201 3702 penitus
1224 3623 1365 3700 ignoretis
1380 3621 1508 3693 ancas,
1531 3623 1567 3682 ab
1591 3625 1734 3683 arati-tas.

378 3742 437 3802 quo
460 3725 541 3801 genti
563 3724 746 3785 consuetudo
769 3733 814 3786 cst
835 3724 997 3785 latrociniis
1019 3746 1053 3786 ac
1076 3726 1178 3804 rapina
1200 3727 1287 3784 vitain
1309 3723 1451 3793 tolerare;
1475 3737 1601 3805 quornm
1616 3744 1666 3786 oc·

342 3826 460 3886 aoeasm
482 3826 507 3886 si
529 3825 658 3908 deesset,
688 3827 718 3885 in
742 3828 819 3887 laras
841 3827 1030 3903 grassabatur
1052 3828 1197 3888 venationi
1220 3844 1341 3904 operam
1365 3828 1452 3887 dans:
1482 3845 1549 3888 narn
1572 3829 1667 3905 potio·

375 3945 444 3988 rem
465 3944 583 4004 semper
604 3927 756 3989 bominum
780 3937 931 4006 capturam
954 3929 1048 3989 duxit:
1076 3930 1210 3989 domiin
1233 3947 1351 3989 omnem
1373 3928 1527 3990 libidinum
1550 3947 1584 3988 ac
1605 3938 1667 3990 tnr-

376 4029 544 4108 pitudinum
566 4029 725 4090 indilatam
748 4033 885 4108 profusa,
909 4031 945 4091 ad
969 4038 1134 4092 extremum
1149 4032 1250 4101 ferox,
1274 4032 1410 4100 efferata,
1434 4029 1577 4102 crudelis,
1601 4030 1676 4108 libi·v

376 4131 498 4199 dinosa,
521 4131 610 4193 infida
632 4150 667 4192 ac
688 4132 872 4203 truculenta,
902 4152 999 4212 neque
1027 4133 1115 4195 fidem
1138 4151 1272 4202 servans,
1289 4125 1397 4211 'neque
1426 4133 1535 4193 loedera
1565 4140 1666 4195 sancta

376 4232 505 4303 babens,
528 4252 589 4293 suaa
610 4235 825 4313 superstitionis
847 4236 882 4297 ad
906 4244 1068 4297 extremum
1093 4254 1186 4315 usqne
1208 4236 1343 4314 spiritum
1366 4243 1468 4304 tenax,
1496 4253 1572 4296 veras
1594 4235 1665 4297 alio·

342 4337 431 4414 aequi
451 4334 592 4413 religioni
612 4335 722 4406 hostiS,
747 4356 829 4398 sacra
852 4344 881 4398 et
902 4338 1040 4416 prolana,
1064 4338 1107 4398 las
1129 4345 1158 4398 et
1179 4339 1262 4397 nelas
1282 4337 1406 4415 perinde
1422 4338 1542 4398 ducens.
1572 4339 1733 4417 liquesce.

375 4437 431 4499 bos
460 4455 559 4499 mores
587 4445 729 4517 quantum
758 4437 836 4498 nulla
867 4440 921 4499 alia
951 4458 1023 4517 gens
1050 4459 1120 4500 suos
1149 4447 1178 4498 et
1205 4438 1254 4498 diu
1285 4446 1313 4498 et
1341 4440 1508 4500 immutatos
1536 4442 1665 4501 retinuit.

374 4539 652 4620 septingentesimus
675 4559 709 4601 ac
731 4521 1002 4620 septuagesimusssa
1023 4542 1138 4604 Christo
1159 4547 1228 4601 nato
1243 4558 1337 4602 annus
1352 4541 1495 4620 agebatur
1516 4560 1583 4603 curn
1604 4544 1665 4622 pri-

443 4777 453 4812 ¹
473 4776 600 4828 balsama
623 4774 701 4844 mot]
724 4782 756 4829 ut
774 4777 850 4829 Grat.
875 4784 1001 4843 cyneget.
1019 4777 1079 4830 sta.
1106 4778 1355 4843 „Nardilsrumque
1377 4764 1484 4828 metunt
1507 4778 1663 4846 Gangem'¹=

374 4870 479 4916 terrain
496 4862 706 4913 balaamitarum
724 4865 817 4921 metit,
836 4863 1020 4928 prosperrimo
1038 4864 1147 4929 imperii
1165 4864 1208 4913 sui
1225 4862 1384 4929 proferendi
1402 4878 1533 4914 successu
1550 4865 1662 4931 gaudet.

373 4949 517 5014 lachryme
535 4951 558 4997 1.
577 4947 707 5011 lacrymae
726 4950 750 4997 4.
803 4946 814 4979 ²
833 4946 918 4997 coelos
936 4950 993 4996 1.4.
1047 4946 1067 4981 ¹⁸
1084 4948 1212 5014 Apuliam
1232 4952 1254 5000 l.
1307 4948 1486 5014 expecinril.
1527 4947 1550 4981 ²⁸
1567 4946 1662 5017 Ture]

375 5033 415 5086 ci.
428 5034 560 5099 Pompon.
572 5031 638 5084 Mol.
651 5033 673 5082 1.
689 5030 728 5082 19.
743 5033 761 5083 i.
775 5033 794 5083 l.
808 5048 833 5083 e.
845 5032 979 5098 interpp·
1115 5026 1119 5034 ’
