4300 6059
573 695 696 731 HV'I'TEM
716 696 744 731 Ill
765 696 909 733 raulcurt
927 695 1207 732 succurrendum
1225 696 1329 732 omno
1348 698 1367 733 1.
1392 697 1458 733 ΜΤ.
1473 698 1498 733 Α.
1514 692 1571 733 ldis».
1694 670 1715 739 5

423 859 496 913 teste
514 854 648 913 iuvenes:
671 850 717 910 uis
737 850 911 931 lachrymis,
932 853 989 913 lroc
1011 851 1130 933 planctu
1154 869 1240 911 suum
1262 850 1409 920 dolorem,
1434 871 1504 913 snos
1526 855 1716 914 testificantur

422 955 560 1018 allectus:
588 955 696 1013 satisne
716 954 751 1013 ad
779 955 956 1037 nrorcndnm
982 955 1132 1014 materiae?
1156 953 1263 1014 seniles
1293 953 1469 1033 lachrymae?
1498 957 1653 1016 iustissima
1681 975 1716 1016 ac

423 1055 591 1117 favorabilis
608 1057 744 1116 iuvenum
761 1056 899 1134 orrerela?
920 1076 956 1116 cn
976 1056 1072 1116 adhue
1095 1056 1203 1134 aliquid
1227 1055 1424 1135 desyderatis?
1447 1058 1600 1118 lremineos
1618 1057 1715 1136 plora·

422 1165 485 1223 tus,
512 1157 659 1236 puellares
683 1157 873 1219 eiulationesi
895 1177 931 1219 on
950 1166 1024 1218 astat
1043 1157 1089 1216 illa
1111 1159 1274 1218 exanimata
1296 1176 1398 1223 soror:
1421 1157 1468 1218 ille
1494 1159 1598 1218 tlclrilis
1615 1179 1650 1219 ac
1665 1160 1714 1220 de-

401 1267 502 1322 sseru
519 1278 609 1327 uxor,
632 1267 699 1319 arete
715 1260 793 1319 diem
808 1260 909 1328 sidua:
930 1268 1096 1340 queruntur
1110 1259 1257 1320 sublatum
1274 1261 1379 1327 filium,
1400 1261 1578 1344 trucidatum
1593 1261 1713 1321 iratrem

421 1361 592 1441 deplorant,
616 1362 678 1421 inec
700 1369 835 1440 ereptum
857 1361 914 1421 sibi
932 1364 996 1422 vitae
1019 1362 1172 1422 dimidium
1196 1364 1326 1440 quantis,
1359 1362 1434 1441 proh
1454 1363 1601 1440 luppiter,
1627 1366 1712 1423 moti-

421 1464 477 1525 bus
499 1462 684 1523 lamentatur.
716 1446 763 1522 ’Λᾶ
787 1463 894 1523 multos
915 1464 988 1524 adeo
1012 1465 1098 1523 unius
1116 1465 1252 1524 interitus
1267 1465 1407 1540 pertinet:
1430 1482 1499 1524 nam
1517 1461 1637 1542 quidde
1654 1472 1772 1531 totaec.

420 1567 516 1626 dicam
534 1563 661 1624 familia?
684 1563 720 1624 de
736 1564 780 1624 his
796 1563 934 1625 Francis?
956 1565 993 1626 de
1008 1566 1064 1626 hoo
1080 1567 1212 1642 equitum
1226 1564 1348 1625 ordine?
1372 1565 1449 1644 apud
1474 1584 1576 1625 omnes
1592 1583 1650 1627 non
1669 1573 1713 1626 est

419 1667 511 1728 levius
527 1665 712 1746 desyderium
736 1667 844 1727 mortui
862 1685 950 1745 quam
969 1669 1089 1728 virentis
1109 1684 1192 1726 amor
1210 1668 1272 1726 luit.
1306 1666 1385 1727 liunc
1401 1667 1447 1727 ille
1462 1668 1566 1735 reddat
1587 1669 1612 1728 si
1629 1669 1711 1736 deus,

386 1784 410 1820 ιθ
423 1776 473 1829 aut
494 1770 517 1828 si
536 1768 626 1827 homo
648 1776 706 1836 est,
731 1768 821 1846 digno
844 1770 942 1847 expiet
961 1770 1113 1848 supplicio.
1150 1770 1244 1847 quisi
1267 1767 1460 1847 profugisset,
1483 1771 1592 1848 inquiri
1610 1771 1711 1846 utique

418 1870 606 1938 mandaretis,
624 1877 711 1948 atque
726 1870 783 1930 hoc
794 1868 836 1929 illi
848 1887 986 1949 magnum
1002 1869 1182 1935 declinandae
1198 1888 1291 1948 ponae
1305 1871 1505 1933 adiumentum
1523 1881 1614 1939 esset:
1629 1890 1709 1932 nunc

417 1974 448 2033 in
472 1971 569 2035 medio
591 1979 721 2033 vestrum
742 1974 801 2050 agit
820 1971 994 2040 sceleratus,
1024 1972 1133 2042 videte,
1162 1990 1230 2042 oro,
1258 1971 1365 2050 quibus
1387 1972 1495 2045 oculis,
1522 1991 1580 2050 quo
1604 1975 1709 2033 intuitu

416 2073 619 2154 truculentum
642 2074 739 2134 adlruc
760 2074 810 2134 ille
832 2074 861 2134 in
883 2094 936 2134 ore
958 2074 1071 2134 videtur
1093 2075 1189 2134 inesse
1211 2074 1374 2135 innocentis
1391 2092 1489 2141 cruor,
1512 2091 1571 2151 quo
1589 2075 1709 2152 adsper-

416 2193 470 2237 sus
484 2184 543 2244 est,
567 2175 762 2245 inmanibus,
785 2194 843 2254 quo
865 2195 898 2237 se
920 2177 1080 2254 inquinarit
1101 2175 1241 2253 perditus.
1280 2175 1408 2237 Deorum
1429 2175 1635 2236 inunortalium
1658 2175 1709 2236 be·
1724 2190 1768 2238 §.a

383 2294 407 2333 u
417 2279 560 2356 nignitate
585 2295 653 2338 reor
676 2279 847 2355 contigisse,
878 2286 910 2337 ut
938 2279 984 2338 sui
1012 2276 1114 2338 similis
1141 2276 1304 2346 videretur,
1332 2285 1422 2356 utque
1450 2278 1582 2355 corporis
1609 2276 1710 2337 habitu

415 2381 541 2442 auectus
559 2380 648 2439 animi
666 2378 820 2457 proderet:
844 2376 909 2439 talis
931 2385 1010 2449 erat,
1033 2398 1099 2439 cum
1116 2379 1200 2441 iuriis
1214 2397 1335 2458 operam
1352 2379 1435 2439 daret
1450 2381 1524 2447 suis,
1546 2378 1603 2438 lroc
1622 2377 1711 2447 vultu,

415 2483 465 2544 lais
487 2480 660 2560 superciliis.
701 2465 786 2541 ouius
815 2499 884 2542 cum
904 2481 934 2539 in
957 2499 1011 2540 suo
1032 2480 1180 2562 periculo,
1212 2499 1270 2559 quo
1299 2482 1392 2542 maius
1413 2481 1542 2541 inridere
1573 2497 1633 2539 non
1659 2497 1711 2558 po·

416 2590 489 2653 test,
513 2584 576 2644 hoec
595 2584 632 2643 sit
646 2583 750 2652 iacies,
773 2582 821 2642 hic
840 2588 993 2661 aspectus,
1017 2600 1117 2660 quaeso
1139 2584 1168 2642 in
1189 2582 1238 2642 illo
1260 2583 1418 2659 parricidio
1434 2599 1522 2660 quam
1538 2582 1626 2643 luisse
1645 2598 1711 2659 spe·

416 2689 493 2748 ciem
515 2688 681 2747 existimare
701 2683 785 2745 licet‘t
806 2702 894 2762 quam
910 2684 1053 2753 iroutem,
1075 2684 1156 2763 quod
1174 2703 1224 2754 os,
1245 2703 1318 2763 quos
1333 2684 1450 2753 oculos,
1473 2702 1561 2761 quem
1577 2685 1711 2762 corporis

382 2790 546 2849 aestatum?
569 2794 619 2848 aut
641 2805 716 2866 quos
738 2785 879 2862 effingere
899 2785 966 2845 licet
987 2785 1056 2846 huic
1072 2786 1176 2856 luisse,
1200 2806 1267 2847 cum
1287 2786 1333 2846 illa
1353 2788 1477 2854 laceret,
1499 2788 1636 2864 spiritus,
1660 2788 1711 2864 qni

416 2908 513 2959 nunc,
541 2908 608 2950 cum
631 2891 684 2949 ista
706 2890 830 2967 patitur,
861 2887 937 2948 lianc
958 2889 1067 2949 retinet
1094 2890 1326 2949 contumaciam?
1360 2887 1477 2949 Scilicet
1504 2907 1552 2948 res
1580 2890 1658 2950 venit
1680 2891 1779 2950 ineo.

415 2991 557 3055 indicium
578 2997 646 3070 pest
667 2999 752 3052 natos
773 2971 908 3050 homines
930 2990 1126 3059 atrocissima,
1154 2992 1377 3059 immanissima,
1401 2989 1618 3059 crudelissima;
1648 2992 1711 3067 ipse

368 3083 371 3089 ’
416 3113 489 3155 reus
506 3094 637 3154 onmium
659 3111 734 3171 epuns
749 3099 827 3152 terra
842 3091 967 3152 sustinet
984 3091 1240 3169 llagitiosissimus,
1262 3093 1441 3157 teterrimus,
1459 3090 1710 3160 malitiosissimus,

416 3197 501 3258 cuius
522 3201 622 3255 tamen
645 3195 811 3271 importuna
837 3193 936 3254 leritas
955 3210 1015 3252 non
1038 3192 1127 3253 habet
1150 3211 1208 3270 quo
1230 3202 1349 3254 vocetur
1371 3193 1504 3261 cronrine,
1526 3194 1711 3273 quaudoqui·
1765 3233 1768 3240 ι

383 3300 485 3360 adem
509 3299 538 3357 in
562 3315 621 3356 uno
643 3296 771 3363 scelere,
797 3295 874 3373 quod
898 3314 965 3355 cum
988 3295 1069 3355 nullo
1090 3312 1213 3373 prorsus
1231 3294 1374 3356 maleficio
1394 3297 1558 3372 comparari
1578 3297 1710 3364 sustinet,

416 3399 506 3461 multa
531 3401 630 3459 insunt
651 3397 772 3458 scelera.
814 3395 913 3473 ipsum
935 3397 977 3458 rei
1001 3404 1090 3476 caput
1111 3395 1260 3472 singulare
1283 3405 1341 3464 cst,
1366 3397 1485 3465 unicum
1499 3403 1557 3463 est,
1578 3415 1633 3457 nec
1648 3417 1708 3458 mo·
1721 3411 1779 3461 tn.

375 3508 382 3522 ‘
416 3504 462 3580 gis
476 3501 574 3563 omnia
593 3500 724 3559 oninium
740 3496 852 3559 scelera
870 3499 973 3567 vincit,
991 3516 1079 3576 quam
1095 3501 1191 3578 ipsum
1206 3516 1237 3558 sc
1251 3497 1366 3559 excellit
1383 3518 1418 3557 ac
1433 3506 1562 3576 superat.
1592 3500 1710 3577 quodsi

417 3602 610 3683 parricidium
629 3595 729 3670 voces,
753 3601 925 3678 proditionis
940 3600 1048 3661 oblitus
1064 3601 1187 3668 rideris;
1208 3589 1324 3661 si'lranc
1338 3600 1500 3670 addideris,
1524 3616 1594 3677 erga
1610 3619 1710 3662 senem

416 3704 611 3783 ingratitudo,
641 3720 712 3779 erga
735 3704 869 3764 iuvenem
891 3702 1190 3781 obsequentissimum
1218 3704 1352 3781 impietas
1379 3701 1475 3769 abest;
1505 3709 1595 3763 restat
1623 3703 1710 3779 perli-

387 3807 483 3875 ndia,
507 3825 574 3884 quae
594 3823 653 3865 non
677 3810 773 3884 potest
791 3806 830 3864 ita
853 3822 920 3865 cum
943 3804 1109 3882 proditione
1132 3805 1283 3882 coniungi,
1307 3813 1339 3864 ut
1361 3823 1419 3864 non
1441 3822 1509 3864 suas
1526 3803 1580 3864 sibi
1598 3805 1710 3881 specia-

418 3911 468 3970 lim
484 3917 584 3988 partes
604 3907 754 3974 rendlcct;
777 3923 842 3984 quae
864 3908 962 3965 omnia
983 3906 1019 3966 ad
1042 3904 1122 3966 illam
1138 3905 1283 3968 scelerum
1299 3925 1408 3976 arcem,
1426 3905 1628 3968 crudelitatem
1647 3914 1709 3966 ten·

418 4010 505 4078 dunt,
530 4013 559 4069 in
583 4027 640 4088 qua
661 4014 760 4067 mutus
782 4007 838 4068 luit
858 4006 922 4078 laic,
951 4014 983 4068 ut
1005 4008 1068 4068 ciris
1090 4006 1256 4067 immanitas
1277 4007 1401 4084 intelligi
1423 3998 1530 4086 possit,
1562 4009 1620 4068 diei
1648 4025 1707 4067 non

420 4113 519 4190 possit.
556 4110 616 4171 Sed
638 4111 695 4170 iam
719 4109 808 4170 credo
829 4108 912 4168 locus
933 4115 991 4180 est,
1014 4115 1046 4169 ut
1066 4107 1206 4168 brevibus
1227 4127 1289 4170 rem
1312 4117 1423 4186 gestam
1442 4110 1539 4172 verbis
1555 4119 1772 4189 exponamus

419 4231 484 4292 quae
506 4214 561 4273 etsi
583 4219 651 4271 nota
674 4213 744 4271 satis
766 4218 824 4279 est,
854 4210 988 4287 qrraedam
1016 4217 1113 4270 temen
1142 4211 1171 4269 in
1201 4214 1350 4271 comrnuni
1371 4211 1446 4272 lama
1470 4212 1611 4273 dissidere
1633 4214 1709 4279 intra

363 4330 453 4379 ¹use
474 4313 624 4382 videntur,
652 4331 710 4372 non
741 4312 819 4392 quod
846 4310 951 4391 aliquis
976 4311 1042 4390 plus
1061 4313 1232 4390 ,suspicatus
1258 4312 1307 4382 sit,
1336 4314 1386 4374 sed
1414 4314 1481 4392 quia
1511 4314 1593 4375 multi
1613 4317 1710 4377 minus

486 4584 494 4616 ¹
514 4586 645 4648 lucrymis
658 4589 683 4635 2.
702 4591 727 4634 et
744 4586 782 4633 eie
799 4584 879 4648 infra.
931 4583 1045 4635 ³deaid.
1061 4587 1086 4632 2.
1106 4589 1131 4632 et
1149 4584 1186 4632 sic
1204 4583 1283 4646 insro.
1336 4582 1440 4634 ⁴astut
1457 4588 1482 4635 2.
1560 4589 1637 4645 uxor]
1657 4585 1707 4635 Ur·

422 4669 481 4719 sula
499 4668 615 4719 Thumb.
638 4671 681 4720 Dc
699 4669 814 4735 perditis
839 4667 1020 4726 mutiemulae,
1045 4668 1207 4718 concubinae
1226 4667 1316 4730 ducis,
1337 4669 1456 4719 moribus
1469 4674 1525 4720 tum
1537 4671 1655 4720 nondum
1668 4686 1709 4719 ro-

421 4755 560 4804 scirerunt
576 4754 693 4803 Huttcni
712 4759 760 4803 eut
779 4754 900 4804 eiusdem
919 4753 1060 4802 infamiam
1080 4755 1108 4801 in
1126 4768 1174 4802 ore
1191 4752 1329 4803 hominum
1348 4770 1401 4804 non
1420 4755 1556 4804 abituram
1575 4749 1635 4803 esse
1649 4770 1709 4820 spe·

421 4839 527 4889 rebant.
548 4838 597 4902 (cf.
610 4844 680 4890 oret.
693 4840 739 4890 IV.
753 4842 776 4900 5.
790 4839 831 4890 34.
851 4842 921 4886 oret.
934 4837 966 4885 V.
980 4841 1002 4899 §-
1016 4835 1072 4900 43.)
1097 4837 1180 4888 aliter
1198 4843 1260 4903 post
1277 4855 1381 4903 paucos
1400 4856 1495 4890 annos.
1520 4838 1629 4891 ci..vol.
1643 4839 1663 4888 1.
1684 4855 1709 4903 p.

420 4923 476 4975 2⁷5.
494 4923 558 4985 §.2
611 4923 745 4988 “Iupiter
764 4928 788 4972 2.
842 4921 949 4987 lilpud
968 4937 1033 4987 quos
1052 4937 1145 4972 omnes
1163 4929 1192 4972 11.
1231 4922 1267 4985 ,¹⁶
1284 4924 1413 4976 videatur
1430 4932 1459 4975 u.
1513 4923 1534 4956 ¹⁶
1552 4924 1668 4989 prodeat
1685 4926 1710 4974 2.

420 5011 465 5059 red
480 5010 536 5060 ciue
554 5008 631 5059 dardio
649 5008 748 5074 prodet
765 5010 870 5072 scripsit
887 5012 916 5055 ll.
963 5004 982 5037 ³¹
1004 5022 1096 5056 arcem
1116 5009 1308 5059 crudelitatem
1327 5011 1386 5059 edd.
