4300 6059
422 736 516 782 ΙΔΙΜ
528 738 566 774 Μ
577 738 613 775 u
626 697 876 781 eunomium-m
888 737 924 774 Μ
936 737 1042 774 venons!
1055 738 1091 806 sil
1104 736 1230 776 emetur
1243 738 1355 776 sinim·
1368 709 1478 778 clim&
1489 738 1602 776 'mcm-
1636 708 1706 783 159

421 897 547 958 presente
565 892 594 943 le
612 893 724 959 prelata
741 891 769 942 8.
782 892 816 943 de
830 893 877 945 .N.
890 891 918 945 8.
932 892 1011 945 vdira
1028 896 1113 946 messa
1135 894 1165 944 in
1187 897 1281 946 sancta
1298 895 1389 945 Maria
1413 892 1488 945 della
1507 894 1648 958 Minerua,
1673 894 1708 946 ad

420 975 550 1042 la.quale
568 976 611 1027 ,8.
626 978 653 1028 8.
666 992 771 1028 venere
786 977 1061 1044 processionalmeute
1081 995 1098 1028 a
1115 979 1208 1045 piede,
1231 979 1389 1046 partendosi
1412 979 1448 1028 da
1471 977 1527 1028 See
1544 979 1639 1030 Pietro
1657 994 1708 1029 cen

419 1065 493 1111 tutte
512 1060 538 1112 el
556 1065 632 1113 sacre
651 1060 777 1127 Collegie
795 1065 839 1113 suo
857 1061 924 1113 delli
943 1063 988 1114 e.
1002 1062 1029 1112 8.
1043 1062 1335 1115 CardinelidrPrelati
1354 1063 1497 1130 apostolici
1516 1063 1630 1114 seconde
1648 1066 1708 1114 sara

421 1144 561 1208 ordinate,
581 1146 651 1198 dene
672 1146 698 1198 el
716 1151 760 1205 suo
779 1149 925 1199 seereterie
944 1148 1006 1220 sera
1025 1147 1050 1200 el
1069 1151 1202 1210 sermone,
1222 1147 1244 1198 dr
1262 1149 1283 1200 si
1299 1147 1479 1213 publicerine
1497 1144 1524 1198 le
1542 1147 1615 1199 holle
1633 1147 1708 1199 delle

395 1231 497 1281 edicta
509 1232 616 1283 unione
634 1233 668 1282 de
684 1232 817 1299 Principi.
1409 1274 1410 1277 η

376 1349 384 1363 .
455 1306 481 1366 OE
499 1316 627 1368 Anchera
643 1317 707 1368 uole
725 1315 901 1369 &edmunde
919 1316 960 1370 .S.
974 1317 1002 1368 S.
1022 1318 1072 1369 che
1091 1318 1207 1369 durante
1225 1317 1300 1369 diete
1312 1319 1480 1384 precessione
1492 1323 1565 1369 tutte
1577 1318 1604 1368 le
1617 1318 1707 1370 chiese

371 1390 375 1395 ’
419 1405 498 1452 tante
516 1400 676 1467 parochiale
695 1406 798 1467 quante
814 1383 998 1466 ‘cathedrale
1022 1401 1213 1470 &collegiate
1236 1405 1265 1454 in
1288 1403 1308 1454 li
1331 1405 1400 1455 dicti
1424 1405 1514 1470 gierni
1537 1404 1645 1455 debano
1664 1405 1708 1454 sar

420 1488 515 1537 sonare
538 1485 573 1537 le'
589 1486 667 1538 selite
691 1487 832 1554 Campano
856 1487 911 1538 fine
940 1487 974 1538 ad
998 1486 1064 1538 hera
1091 1488 1131 1548 de¹
1152 1505 1238 1554 nona,
1266 1488 1289 1539 ἃ
1317 1504 1371 1540 nen
1401 1493 1505 1558 cessare
1533 1488 1650 1539 durante
1680 1487 1708 1537 la

418 1571 598 1636 processione.
676 1565 678 1570 ’
1460 1569 1463 1575 '
1507 1556 1512 1567 ⁸

386 1664 412 1706 te
457 1644 628 1722 (Anchora
647 1656 697 1707 che
715 1657 745 1707 in
762 1656 784 1707 li
801 1657 871 1707 dieti
889 1658 978 1723 giomi
996 1658 1062 1708 tutti
1081 1659 1090 1708 i
1108 1660 1274 1725 predicateri
1293 1660 1421 1710 debhane
1441 1663 1543 1711 cessare
1562 1658 1624 1709 dale
1649 1657 1706 1709 lore

418 1740 623 1807 predicatione,
642 1757 692 1808 per
709 1743 756 1808 piu
775 1742 912 1792 comedite
929 1742 974 1794 del
992 1742 1092 1809 populo
1110 1744 1210 1794 deuote
1229 1744 1345 1795 durante
1364 1745 1441 1795 dicta
1458 1744 1658 1810 precessione!

454 1818 627 1877 (Auchera
645 1827 695 1877 che
714 1828 829 1877 durante
848 1828 922 1878 dicte
940 1830 1109 1894 processione
1127 1829 1193 1878 tutti
1211 1829 1250 1894 gli
1268 1830 1381 1880 artisani
1399 1830 1506 1881 dehane
1518 1830 1644 1882 desistere
1659 1829 1695 1879 da
1707 1832 1771 1888 (pt.)

419 1912 477 1964 lere
496 1911 664 1963 exercitii&
683 1917 778 1962 tenere
797 1916 897 1964 serrate
913 1913 942 1963 le
961 1914 1090 1979 bettege,
1109 1913 1318 1964 &interuenire
1337 1919 1369 1965 ce
1387 1915 1429 1965 lor
1448 1901 1524 1967 solite
1542 1915 1636 1965 ordine
1650 1914 1705 1964 alle

419 1998 494 2049 dicte
511 1999 693 2064 precessione,
714 2001 781 2049 sette
799 1998 825 2050 le
844 2015 914 2065 pene
932 1999 965 2049 de
985 2001 1096 2050 censure
1113 1996 1136 2047 d
1153 2000 1312 2066 pecuniario
1331 1999 1436 2051 dcsette
1455 2000 1638 2065 exprimendo.

385 2089 411 2133 se
457 2076 628 2134 dI'Anchera
646 2083 696 2136 ehu
715 2082 782 2132 nelli
799 2083 867 2134 dicti
886 2085 975 2149 giorni
998 2084 1032 2134 de
1053 2083 1223 2152 precessione
1246 2086 1312 2134 tutti
1334 2085 1467 2135 tribunali
1492 2085 1525 2135 de
1550 2084 1706 2152 qualenclia

419 2168 491 2230 sero,
512 2184 542 2230 e,
561 2169 721 2234 magistrate
746 2171 771 2218 se
795 2169 835 2219 sia
853 2167 974 2219 hebione
998 2184 1015 2218 a
1033 2169 1141 2219 Vacerc
1164 2166 1186 2218 dr
1211 2172 1312 2220 cessare
1337 2171 1400 2221 ecio
1419 2169 1469 2237 che
1489 2171 1536 2221 essi
1555 2169 1707 2235 magistrati

419 2255 525 2320 pessino
542 2252 565 2303 du
583 2252 701 2303 debiene
718 2253 887 2304 interuenire
905 2253 933 2302 in
952 2258 1006 2305 esse
1024 2253 1202 2319 precessione.

455 2331 627 2390 (Anchera
644 2337 706 2388 uele
725 2338 776 2388 che
794 2338 821 2388 le
840 2339 989 2400 Menaehe,
1009 2338 1032 2389 dr
1051 2339 1121 2391 altre
1138 2344 1221 2405 usone
1240 2340 1400 2404 claustrale,
1421 2340 1472 2391 che
1485 2355 1538 2390 nen
1550 2343 1661 2405 posseno
1672 2355 1706 2390 ne

420 2425 548 2477 debhaue
560 2424 631 2475 uscir
643 2423 676 2474 de
690 2424 745 2473 suei
765 2422 876 2475 claustri
894 2423 1001 2477 debeue
1020 2424 1048 2473 in
1066 2424 1088 2474 li
1106 2426 1174 2476 dicti
1192 2426 1282 2493 giemi
1300 2427 1344 2476 sar
1361 2430 1405 2475 tra
1423 2426 1480 2477 lore
1499 2427 1527 2475 in
1545 2426 1612 2475 dicti
1631 2425 1706 2476 clau-

382 2517 410 2559 n
423 2511 467 2562 stri
486 2511 626 2575 eratione,
645 2507 668 2558 dr
685 2510 868 2574 precessione,
892 2524 968 2560 come
987 2509 1116 2575 seraper
1133 2510 1161 2560 la
1180 2510 1290 2561 Cittudc
1309 2511 1336 2561 el
1353 2510 1443 2561 Clere.

455 2584 627 2645 siAnchore
646 2595 780 2644 edmunde
799 2594 849 2645 che
868 2593 893 2643 le
912 2593 1100 2644 Meretrice&
1122 2595 1210 2646 donne
1233 2595 1374 2647 inhoneste
1398 2597 1426 2645 in
1449 2596 1517 2646 dicti
1540 2597 1630 2661 gierni
1652 2611 1707 2649 nen

418 2680 527 2732 dehene
546 2695 706 2745 comparere
725 2680 754 2729 in
772 2680 845 2730 dicte
864 2681 1033 2745 precessione
1054 2683 1079 2731 se
1097 2695 1151 2730 non
1170 2682 1198 2730 in
1210 2680 1307 2730 habito
1319 2680 1353 2730 de
1365 2695 1433 2730 vera
1446 2681 1605 2743 cetritiene,
1624 2679 1706 2746 &pc-

418 2766 516 2817 nitdtia
533 2764 556 2815 se
573 2768 609 2814 ui)
628 2767 698 2817 stare
716 2780 733 2815 a
751 2765 859 2815 finestre
877 2780 911 2814 ne
930 2769 1008 2830 perte
1028 2769 1095 2816 sotto
1112 2765 1141 2815 la
1157 2781 1229 2830 pena
1247 2748 1281 2815 de
1301 2765 1479 2830 spoliatione,
1498 2764 1707 2832 deperditione?

365 2888 369 2896 .
418 2851 453 2902 de
471 2851 638 2911 vestimenti,
659 2854 736 2901 tante
754 2850 788 2900 de
807 2852 868 2915 epse
888 2855 990 2915 quante
1008 2851 1041 2900 de
1060 2850 1101 2901 ler
1120 2866 1286 2916 compagne‚
1304 2850 1327 2900 dr
1346 2850 1414 2901 eltre
1433 2867 1502 2917 pene
1521 2852 1705 2916 infrascripte.

384 2944 410 2987 te
455 2926 628 2986 (machera
644 2934 796 3000 prohibisce
815 2938 882 2986 sotto
900 2935 927 2985 le
946 2951 1016 3001 pene
1034 2936 1208 3001 infrascripta
1231 2936 1283 2986 ehe
1299 2936 1393 3001 -questi
1414 2941 1456 2986 tre
1481 2937 1569 3001 giomi
1592 2936 1626 2986 de
1644 2952 1704 3000 pro·

418 3023 536 3072 cessione
555 3022 665 3071 uessuue
684 3020 801 3072 ardischi
819 3020 854 3070 dc
871 3024 947 3071 nette
966 3036 982 3070 e
1000 3009 1096 3086 giorno
1115 3026 1209 3086 porter
1227 3022 1284 3072 seni
1306 3037 1388 3072 onere
1412 3021 1456 3071 sar
1478 3022 1545 3071 sesto
1564 3020 1707 3071 lasciue&

381 3108 387 3116 '
417 3104 576 3157 desneneste
593 3119 629 3155 ne
647 3105 744 3156 cintar
761 3105 876 3156 lasciuia
895 3121 911 3156 e
929 3105 1082 3168 dishenestr
1100 3104 1201 3157 alcuna
1219 3123 1264 3157 ma
1283 3106 1337 3158 sole
1356 3110 1382 3158 se
1401 3106 1494 3157 attede
1511 3122 1561 3170 per
1580 3107 1706 3157 ciascuue

418 3206 436 3241 a
452 3190 566 3241 laudare
584 3189 607 3240 dr
624 3189 737 3255 plaeere
754 3189 838 3252 Dies

453 3267 480 3327 ί
497 3277 566 3327 Item
586 3279 611 3326 se
630 3275 763 3327 cemanda
776 3291 799 3345 a
817 3277 880 3326 tutti
897 3274 920 3326 dt
939 3277 1036 3344 singuli
1055 3277 1133 3328 Iudei
1147 3277 1197 3328 che
1210 3277 1323 3327 durante
1335 3276 1362 3326 le
1375 3277 1449 3328 dicte
1462 3278 1624 3343 processioni
1637 3292 1690 3328 nen
1704 3278 1769 3333 sel.)

385 3363 563 3414 teardiscanc
581 3361 615 3412 de
634 3360 737 3412 andare
756 3377 774 3412 a
791 3360 882 3413 Torno
900 3378 945 3413 ma
963 3363 1013 3414 che
1033 3366 1058 3414 se
1077 3363 1196 3414 debiane
1215 3366 1362 3414 contenere
1380 3361 1455 3413 intra
1473 3362 1499 3413 le
1517 3362 1575 3413 lero
1594 3363 1672 3414 Case.

453 3438 534 3498 (et
550 3462 601 3511 per
619 3447 663 3497 eie
682 3462 699 3497 a
716 3445 787 3497 tutti.
799 3446 884 3510 quelli
902 3453 980 3498 tante
997 3448 1102 3499 homini
1121 3453 1223 3512 quante
1241 3448 1311 3499 dene
1330 3447 1456 3512 religiose
1475 3447 1637 3499 &seculare
1656 3449 1706 3499 che

417 3533 448 3584 in
471 3532 492 3582 li
515 3532 583 3583 dicti
604 3532 651 3582 dei
673 3532 763 3597 gierni
785 3532 946 3598 precedenti
968 3533 997 3583 la
1019 3532 1168 3586 Dominicu
1195 3536 1396 3599 perseueraune
1419 3539 1522 3597 quante
1545 3537 1655 3599 pessone
1679 3534 1707 3583 in

418 3617 514 3669 ieiunii
532 3615 555 3667 ἃ
573 3617 693 3680 oratioe,
712 3633 728 3667 e
747 3616 798 3668 che
818 3619 922 3669 starane
940 3620 1059 3684 presenti
1078 3619 1106 3669 al
1123 3621 1260 3684 progresso
1278 3617 1349 3668 delle
1367 3620 1519 3683 pcessienc,
1543 3634 1643 3670 euere
1660 3618 1707 3668 de-

418 3706 577 3754 uetnmeute
594 3701 621 3752 le
640 3702 795 3769 seguirseno,
815 3702 944 3753 dranche
963 3702 1047 3768 quelli
1066 3720 1082 3754 e
1101 3704 1190 3769 quelle
1209 3704 1260 3755 che
1278 3720 1333 3754 nen
1350 3704 1477 3771 pessende
1495 3705 1598 3756 andare
1617 3707 1707 3770 perse·
1764 3705 1782 3773 Ἰ
1832 3726 1835 3733 ·

386 3787 538 3839 tenalmdte
557 3788 674 3839 seranum
692 3803 741 3854 per
758 3791 852 3854 queste
870 3789 994 3873 eratione
1013 3789 1041 3838 in
1060 3787 1131 3840 Cesa
1147 3789 1205 3840 lere
1224 3806 1240 3841 e
1258 3790 1287 3839 in
1305 3790 1432 3852 oratorii,
1452 3790 1481 3838 in
1499 3790 1672 3853 Menesterii,
1691 3805 1707 3840 e

417 3874 448 3924 in
464 3873 556 3925 chiese
574 3872 617 3924 ,8.
632 3872 658 3923 S.
678 3873 699 3924 li
718 3874 820 3925 cecede
835 3874 965 3946 plenaria
982 3873 1169 3938 indulgentia,
1194 3874 1218 3925 dc
1235 3876 1390 3926 remissione
1409 3875 1442 3925 de
1462 3875 1517 3934 suei
1534 3875 1658 3940 peccati,
1678 3875 1707 3924 in

417 3958 506 4010 sermo
524 3958 599 4009 della
615 3958 707 4010 chiesa
725 3963 867 4011 consueta:
891 3959 919 4009 le
937 3946 1018 4023 quale
1037 3958 1224 4025 indulgentia,
1249 3960 1441 4011 &remissione
1466 3959 1606 4010 fimilmite
1625 3959 1666 4010 ,8.
1680 3960 1706 4013 S.

417 4043 454 4119 da
471 4042 495 4094 d
512 4043 633 4095 cencede
652 4059 670 4094 a
687 4045 752 4094 tutti
769 4043 792 4095 tc
811 4043 908 4110 singuli
926 4043 1048 4106 Prolati,
1066 4044 1157 4107 Preti,
1176 4046 1269 4108 Frati,
1288 4046 1430 4107 hsenachi,
1455 4046 1492 4095 Et
1515 4045 1637 4111 religiosi
1655 4034 1706 4095 che

417 4132 619 4196 perseuerenue
642 4130 671 4179 in
693 4128 720 4180 le
745 4129 818 4180 dicte
837 4130 974 4191 eratione,
994 4127 1017 4180 dr
1035 4129 1146 4192 ieiunii,
1164 4128 1188 4180 dr
1207 4130 1384 4181 celebrarine
1407 4130 1540 4182 secerdoti
1557 4134 1598 4180 tre
1616 4130 1706 4196 gierni

386 4213 447 4265 tela
464 4217 548 4266 messa
566 4217 599 4266 ee
616 4213 643 4265 le
661 4214 735 4265 dicte
753 4216 993 4266 comemoratieue.
1347 4266 1351 4273 ,

452 4289 533 4360 (Et
556 4298 584 4350 le
606 4298 680 4350 dicte
703 4300 872 4366 precessione
896 4300 976 4367 quale
999 4300 1233 4352 inedminciarane
1251 4299 1370 4351 Venerdi
1388 4301 1511 4366 proxime
1534 4300 1568 4350 de
1586 4301 1705 4352 Muttine

419 4387 579 4438 auderanno
598 4385 661 4451 quel
679 4386 775 4451 giemo
793 4385 829 4437 de
846 4385 887 4437 ,8.
900 4387 1049 4452 Augustino
1068 4402 1086 4436 a
1104 4386 1146 4436 .8.
1160 4386 1251 4436 Maria
1268 4386 1297 4435 in
1316 4401 1365 4437 nra
1378 4386 1459 4449 ¹Geli,
1484 4385 1510 4437 el
1529 4385 1652 4438 Sebbate
1670 4387 1705 4437 da

418 4470 460 4535 .8,
471 4471 577 4523 Lerr'ue
595 4470 624 4521 iu
641 4471 759 4522 Damaso
778 4487 795 4522 a
814 4470 853 4521 .8.
871 4472 963 4540 Maria
980 4471 1024 4523 del
1048 4471 1157 4538 populea
1197 4472 1240 4521 La
1261 4472 1409 4522 Dominica
1432 4487 1509 4523 come
1533 4488 1553 4523 e·
1571 4472 1648 4524 dicte
1669 4472 1705 4522 da

418 4555 459 4607 ,8.
470 4557 565 4608 Pietre
583 4572 600 4607 a
618 4556 661 4607 .S.
675 4556 765 4606 Maria
783 4556 857 4607 della
874 4558 1008 4609 Minerua.

386 4647 411 4690 ts
453 4632 479 4693 ί
496 4642 534 4693 Et
551 4641 666 4708 perche,
685 4640 712 4692 le
731 4645 792 4693 cese
810 4640 935 4707 predicte
954 4646 979 4694 se
998 4641 1106 4695 dehane
1124 4627 1231 4693 emhine
1250 4642 1393 4695 obseruare
1413 4645 1439 4695 se
1458 4643 1566 4714 impone
1578 4657 1651 4710 pena
1670 4643 1702 4694 de

418 4727 675 4780 excomunieatieue
690 4723 695 4790 Ι
710 4726 829 4793 Papale=
847 4727 876 4777 la
893 4727 976 4793 quale
993 4728 1168 4780 incorrerziue
1185 4733 1257 4779 tutte
1274 4727 1298 4780 d
1316 4729 1420 4795 singule
1437 4733 1551 4795 persone
1569 4728 1770 4786 ficecla-'sets

418 4813 524 4865 srasdee
543 4816 644 4878 quante
662 4811 792 4865 Seculare
811 4818 936 4878 exempta
954 4811 977 4863 dr
994 4827 1048 4863 nen
1066 4819 1192 4880 exempta
1216 4813 1266 4865 che
1290 4829 1345 4865 neu
1361 4819 1498 4866 veneriae
1517 4814 1625 4865 edicte
1643 4829 1703 4881 pre·

418 4898 550 4960 cessione,
569 4895 593 4948 8
609 4897 681 4948 oltra
698 4900 920 4968 questebpessaue
937 4897 971 4948 de
990 4897 1067 4949 secte
1086 4902 1171 4950 essere
1189 4900 1301 4966 grauati
1319 4886 1365 4950 ili
1381 4915 1456 4966 pena
1474 4897 1596 4951 anchora
1613 4900 1647 4950 de
1660 4900 1702 4950 .X.

417 4982 511 5032 ducati
528 4998 578 5049 per
595 4998 648 5034 vne
667 4984 897 5035 contrafaciente
1700 4993 1704 5000 '

384 5074 409 5116 tt
452 5057 479 5119 ί
495 5067 533 5118 Et
549 5084 599 5136 per
616 5073 710 5136 queste
726 5073 753 5122 se
772 5071 906 5122 cemmde
925 5073 993 5122 sette
1009 5069 1039 5123 la
1054 5085 1129 5147 pena
1140 5073 1279 5139 predicta,
1299 5070 1351 5125 che
1363 5088 1413 5140 per
1424 5070 1454 5125 la
1465 5075 1550 5124 strata
1561 5073 1632 5124 dene
1644 5044 1702 5140 pas·
