4300 6059
457 695 529 767 356
550 725 652 761 ORATIO
667 725 833 762 CONSTANTll
848 725 951 761 EVBVLI
965 726 1120 760 uovuuuittt
1135 727 1170 761 DE
1184 726 1304 762 vittatus
1316 726 1441 763 CLAVIVU
1454 727 1487 762 ΕΤ
1501 727 1592 762 avuta
1607 729 1744 764 LEOlllss·

456 887 492 941 ‘in
516 885 641 943 omnibus
663 879 759 940 vobis'.
804 884 858 940 Una
880 885 973 959 itaque
998 884 1023 939 in
1046 882 1180 958 apostolis
1202 884 1341 943 confessio
1360 894 1406 942 est
1427 885 1505 950 lidci,
1534 888 1640 944 animus
1662 906 1744 946 uuus.

455 971 528 1029 llanc
549 971 678 1026 unitatem
702 970 777 1026 bisce
800 968 942 1026 confirmat
969 969 1058 1025 verbis
1086 969 1211 1026 dominus
1240 969 1308 1026 ‘Tibi
1338 970 1431 1035 dabo’;
1460 971 1529 1029 banc
1557 973 1689 1029 unitatem
1716 982 1745 1030 et

455 1074 506 1113 nos
527 1054 642 1112 firmiter
664 1062 756 1110 tenere
779 1063 806 1110 ct
828 1054 962 1111 vindicare
984 1054 1121 1111 debemus.
1166 1071 1245 1110 nemo
1264 1055 1466 1113 ¹fraternitatem
1495 1057 1634 1114 mendacio
1658 1056 1743 1122 lallat,

386 1149 534 1200 §.maenio
556 1140 616 1196 littei
639 1140 779 1196 veritatem
802 1139 902 1213 perlida
924 1139 1145 1213 praevaricatione
1172 1149 1340 1214 corrumpat.
1384 1140 1571 1216 ‘Episcopatus
1598 1160 1669 1199 unus
1690 1152 1742 1207 est,

454 1227 541 1283 ‘cuius
564 1244 578 1281 a
601 1225 718 1299 singulis
740 1226 766 1281 iu
791 1223 907 1281 solidum
929 1242 992 1298 pars
1014 1233 1137 1288 temetum
1165 1223 1280 1282 ecelesia
1302 1243 1356 1282 una
1378 1234 1435 1289 est,
1457 1245 1519 1302 quas
1542 1228 1567 1282 in
1590 1227 1765 1286 mutuandi-s

453 1321 523 1368 ‘nem
546 1310 628 1368 latius
652 1311 818 1367 incremento
841 1310 1024 1367 iucunditatis
1046 1308 1215 1373 extenditur,
1239 1312 1376 1385 quomodo
1399 1311 1465 1368 solis
1487 1312 1565 1368 multi
1586 1312 1670 1376 radii,
1693 1314 1740 1370 sed

454 1396 552 1454 ‘lumen
576 1415 675 1458 unum,
698 1405 726 1452 et
748 1397 813 1452 rami
837 1395 944 1451 arboris
965 1396 1057 1458 multi,
1081 1396 1129 1451 sed
1151 1395 1237 1451 robur
1257 1413 1341 1453 unum
1364 1398 1451 1454 tenaci
1473 1396 1563 1454 radice
1584 1397 1740 1462 fundatum:

453 1491 571 1539 ‘etcum
593 1483 626 1539 de
649 1481 724 1538 tonte
747 1498 802 1538 uno
825 1482 875 1536 rivi
898 1480 1008 1555 plurimi
1030 1479 1167 1542 defluunt,
1197 1482 1381 1538 numerositas
1409 1481 1472 1539 licet
1499 1482 1596 1538 diffusa
1619 1485 1742 1540 videatur

453 1568 621 1624 ‘exundantis
644 1568 729 1642 copiae
750 1565 890 1640 largitate,
915 1567 1004 1622 unitas
1028 1573 1115 1622 tamen
1138 1575 1262 1622 servatur
1284 1566 1310 1621 in
1333 1567 1454 1641 origine:
1478 1566 1561 1623 avelle
1576 1568 1680 1624 radium
1696 1586 1742 1624 so·

454 1653 497 1708 'lis
519 1671 533 1708 a
556 1669 687 1727 corpore,
716 1651 874 1708 divisionem
902 1650 971 1708 lucis
999 1652 1089 1708 unitas
1117 1667 1172 1706 non
1200 1653 1286 1725 capit;
1314 1651 1348 1707 ab
1376 1651 1474 1708 arbore
1502 1651 1598 1726 frange
1626 1671 1777 1715 ramumlo

384 1739 566 1798 §.to‘lractus
588 1739 741 1811 germinare
762 1754 817 1793 non
839 1737 957 1811 poterit;
985 1737 1098 1792 alonte
1124 1736 1239 1810 praecide
1269 1737 1370 1800 rivum,
1400 1737 1530 1811 praecisus
1553 1747 1670 1794 arescet:
1702 1740 1741 1796 sic

455 1831 492 1879 ‘et
513 1822 625 1880 ecclesia
647 1823 749 1880 domiui
772 1822 831 1879 luce
854 1822 963 1896 perlusa
986 1839 1035 1895 per
1051 1822 1150 1877 erlem
1174 1828 1261 1878 totum
1283 1822 1374 1879 radios
1402 1840 1467 1879 suos
1495 1824 1625 1897 porrigit;
1654 1842 1739 1881 uuum

454 1916 552 1965 ‘tamen
574 1907 664 1965 lumen
686 1909 823 1982 estquod
845 1906 947 1982 ubique
967 1907 1142 1969 diffunditur,
1170 1923 1220 1963 nec
1248 1907 1336 1971 unitas
1363 1909 1489 1981 eorporis
1510 1917 1666 1982 separatum
1697 1927 1740 1964 ra·

452 2003 520 2050 'mos
543 2012 609 2050 suos
632 1995 659 2050 in
681 1993 833 2050 universam
857 2001 956 2049 terram
978 1992 1057 2067 copia
1079 1991 1212 2048 ubertatis
1234 1993 1368 2056 extendit;
1390 1992 1559 2066 prolluentes
1574 1992 1687 2068 largiter
1703 1994 1740 2050 ri·

450 2087 508 2134 ‘vos
530 2077 611 2134 latius
633 2079 772 2154 expiandit:
797 2096 878 2134 unum
901 2087 982 2153 capnt
1005 2084 1094 2146 tamen
1115 2084 1158 2132 est
1180 2085 1207 2133 et
1230 2077 1308 2154 origo
1331 2095 1396 2139 nna,
1420 2085 1451 2132 ut
1465 2094 1518 2133 una
1534 2085 1620 2134 mater
1634 2078 1774 2141 saecun-as

452 2163 553 2220 ‘ditatis
581 2163 752 2220 successibus
779 2163 908 2238 eopiosa'.
951 2162 1024 2220 llanc
1055 2162 1187 2218 unitatem
1214 2160 1337 2219 Christus
1370 2164 1558 2219 demonstrans
1585 2162 1665 2219 Petro
1700 2164 1739 2221 ait

451 2249 519 2304 ‘Tibi
547 2248 617 2306 dabo
644 2248 732 2306 claves
760 2249 836 2322 regni
864 2247 991 2305 celorum
1019 2247 1081 2304 etc‘
1109 2263 1222 2303 numero
1249 2246 1390 2320 singulari.
1434 2246 1511 2314 Quod
1539 2248 1626 2322 igitur
1645 2248 1738 2306 lumen

449 2333 576 2390 dillusum
600 2343 642 2390 est
663 2335 691 2390 in
714 2351 819 2391 omnem
842 2335 958 2390 terram?
981 2350 1044 2389 num
1059 2332 1172 2389 llomaui
1194 2332 1330 2406 pontilicis
1346 2331 1483 2389 tenebrae?
1505 2333 1590 2389 absit:
1612 2334 1738 2392 Christus

449 2416 540 2475 lumen
563 2427 605 2475 est
627 2418 795 2481 indeficiens,
819 2420 892 2492 qued
914 2418 1048 2475 illuminat
1070 2435 1175 2474 omnem
1198 2417 1334 2474 bominem
1356 2417 1507 2474 venientem
1529 2418 1557 2474 in
1573 2420 1644 2476 hunc
1657 2437 1738 2477 mou·

448 2503 526 2568 tlum;
548 2503 591 2561 sol
614 2504 673 2578 ipsc
695 2504 820 2567 iustitiae,
844 2505 871 2559 iu
894 2521 949 2579 quo
972 2502 1090 2560 tenebrae
1111 2500 1207 2565 nullae,
1231 2503 1289 2577 ipse
1311 2502 1369 2559 dies
1392 2503 1437 2577 qui
1461 2510 1568 2559 noctem
1590 2505 1685 2567 nescit,
1708 2506 1772 2562 inae

448 2605 502 2661 quo
526 2589 612 2664 siquis
634 2589 824 2652 ambulaverit,
848 2606 902 2645 non
926 2588 1043 2645 offendet
1065 2588 1163 2662 pedes,
1186 2588 1238 2643 scit
1260 2589 1331 2644 enim
1347 2605 1403 2661 quo
1419 2586 1553 2651 ambulat;
1575 2589 1653 2645 cuius
1669 2589 1737 2646 sides

447 2673 474 2728 in
498 2675 649 2730 universam
673 2692 733 2731 sese
755 2674 861 2731 dilludit
883 2683 997 2738 terram;
1026 2673 1150 2729 Christus
1179 2672 1274 2734 arbor,
1304 2673 1427 2729 Christus
1456 2673 1544 2735 radix,
1575 2691 1626 2729 nos
1658 2675 1735 2738 rami,

447 2758 505 2832 ipse
528 2760 605 2822 vitis,
628 2776 679 2815 uos
702 2758 841 2833 palmites,
865 2760 924 2832 ipse
946 2759 1008 2815 lons
1030 2759 1107 2820 vitae,
1130 2774 1181 2813 nos
1203 2756 1296 2820 rivuli,
1320 2774 1415 2814 omnes
1438 2759 1484 2832 qui
1500 2760 1527 2813 in
1543 2776 1603 2815 eum
1619 2760 1735 2817 credunt

445 2853 608 2918 servantque
629 2845 777 2918 germinum
807 2845 890 2900 fontis
918 2861 1058 2918 saporem,
1086 2842 1187 2916 quique
1213 2859 1269 2898 non
1297 2860 1330 2899 ex
1357 2842 1417 2900 luto
1446 2852 1614 2900 terrenarum
1641 2861 1735 2902 rerum

377 2928 628 2992 §.atadulterinum
650 2930 793 3003 acquirunt
815 2946 967 3004 saporem..
992 2929 1053 2985 llaec
1074 2928 1160 3001 igitur
1181 2944 1236 2983 uon
1259 2929 1285 2983 in
1309 2928 1451 3002 superbia,
1474 2929 1624 3002 tyrannide,
1648 2931 1770 2988 arari-as

445 3014 480 3070 tia
503 3023 531 3070 et
553 3015 625 3071 vitiis
648 3015 736 3071 inanis
758 3014 853 3089 gloriae
882 3016 972 3070 unitas
999 3021 1135 3075 servatur,
1164 3013 1212 3068 sed
1239 3013 1266 3068 in
1294 3013 1383 3088 capite
1404 3012 1513 3069 Christo
1535 3013 1593 3071 lesu
1621 3014 1733 3072 domino

445 3107 550 3157 nostro.
595 3099 646 3156 Sed
669 3118 754 3162 nunc,
778 3100 846 3156 eheu
869 3098 1054 3173 prohdolor,
1077 3097 1220 3155 discordie
1243 3097 1337 3154 lurore
1359 3097 1473 3155 ccclesia
1495 3098 1643 3163 scinditur,
1666 3098 1734 3157 fides
1793 3149 1798 3158 .

443 3184 609 3247 destruitur,
638 3203 690 3260 pax
717 3184 857 3246 turbatur.
885 3184 1034 3258 dissipatur
1054 3183 1187 3250 charitas,
1217 3191 1382 3240 sacramenta
1404 3183 1624 3257 prophanantur;
1653 3186 1734 3242 ‘iacta

443 3277 494 3325 ‘est
516 3270 644 3326 meretrix
665 3271 761 3327 civitas
782 3268 885 3331 tidelis,
915 3268 993 3343 plena
1017 3268 1124 3331 iudicii;
1148 3267 1251 3324 iustitia
1275 3268 1409 3342 requievit
1430 3268 1458 3324 in
1481 3286 1525 3332 ea,
1548 3285 1620 3327 nunc
1641 3279 1733 3327 autem

444 3350 602 3412 ‘homicidae’
626 3355 673 3428 qui
696 3356 797 3412 animas
820 3355 961 3415 occidunt,
983 3354 1063 3410 vitam
1086 3352 1206 3427 privant,
1229 3353 1302 3409 vitiis
1325 3353 1415 3410 omnia
1429 3352 1537 3427 replent
1550 3362 1578 3410 et
1592 3373 1607 3411 a
1622 3354 1769 3414 Christosc

443 3449 584 3513 separant:
608 3457 687 3496 error
709 3441 780 3496 enim
803 3457 851 3496 eos
874 3439 960 3502 lallit,
983 3437 1092 3495 extollit
1114 3446 1226 3512 stupor,
1250 3437 1319 3494 livor
1341 3438 1473 3501 incendit,
1496 3439 1632 3514 cupiditas
1647 3457 1733 3497 excec-

442 3534 499 3586 cat,
527 3525 655 3599 depravat
685 3526 823 3599 impietas,
856 3524 982 3599 superbia
1012 3522 1102 3585 inllat,
1136 3523 1270 3579 discordia
1304 3532 1460 3597 exasperat,
1493 3524 1532 3580 ira
1565 3526 1731 3599 precipitat.

441 3608 508 3666 llinc
530 3618 681 3684 ‘argentum
704 3619 779 3667 tuum
803 3627 908 3666 versum
931 3617 974 3664 est
996 3609 1023 3664 in
1045 3608 1177 3670 scoriam’.
1200 3609 1295 3665 sordes
1311 3615 1338 3664 et
1352 3618 1547 3683 purgamenta;
1571 3612 1733 3684 ‘argeutum'

441 3694 501 3751 dieo
525 3694 597 3768 ‘igne
612 3697 806 3757 examinatum,
830 3695 973 3769 probatum
991 3701 1079 3755 terrae,
1102 3703 1248 3768 purgatum
1264 3693 1438 3768 septuplum·
1459 3695 1672 3751 contaminatum
1688 3705 1733 3752 est

442 3780 624 3837 aristotelicis
647 3781 773 3854 spinetis,
795 3780 992 3854 sophismatum
1014 3779 1143 3853 argutiis,
1167 3777 1330 3852 simulatque
1346 3778 1489 3836 tendiculis
1504 3779 1674 3854 opinionum,
1698 3789 1766 3839 utsa

443 3863 505 3938 plus
527 3865 669 3922 humanam
692 3883 773 3940 quam
794 3865 910 3921 divinam
932 3865 1019 3938 spires
1041 3864 1213 3939 sapientiam.
1241 3862 1348 3938 eloquia
1371 3864 1458 3920 divina
1480 3864 1512 3920 ad
1535 3866 1651 3938 gratiam
1674 3875 1731 3922 tra·

373 3949 510 4016 §.tabunt
533 3951 685 4015 bominum,
716 3951 823 4007 literam
845 3949 941 4007 colunt
962 3949 1059 4006 relicto
1082 3949 1189 4024 spiritu.
1235 3957 1325 4015 ortum
1348 3966 1380 4004 ex
1403 3967 1436 4006 eo
1458 3950 1549 4012 duxit,
1579 3951 1642 4024 quia
1665 3968 1730 4007 cau·

441 4053 527 4109 pones
550 4036 589 4091 tui
611 4037 724 4093 miscent
746 4054 842 4111 aquam
864 4036 941 4098 vino,
969 4053 1030 4092 cuin
1058 4035 1184 4090 dominus
1212 4040 1239 4089 et
1261 4044 1384 4091 servator
1405 4043 1500 4092 noster
1521 4052 1617 4109 aquam
1640 4037 1667 4091 in
1690 4037 1730 4092 vi·

439 4136 503 4176 uum
525 4122 650 4177 verterit:
672 4122 760 4196 legem
784 4138 898 4195 namque
920 4120 978 4185 dei,
1011 4137 1072 4194 quae
1095 4137 1176 4195 pura,
1204 4136 1316 4193 syncera
1338 4138 1369 4176 ac
1384 4122 1502 4179 ,veritate
1525 4119 1648 4184 subnixa,
1671 4121 1730 4177 vio·

440 4203 495 4260 lant
519 4206 711 4263 traditionibus
733 4208 803 4268 suis,
826 4205 933 4280 legibus
956 4213 982 4261 ct
1004 4204 1246 4262 constitutionibus
1269 4205 1401 4278 propriis,
1431 4205 1583 4281 pharisaico
1606 4209 1764 4280 supersi-ro

439 4289 476 4346 lio
498 4292 530 4348 ad
553 4293 683 4366 gratiam,
706 4293 737 4348 ad
761 4292 981 4351 delectationem,
1005 4290 1037 4346 ad
1060 4288 1164 4346 lucrum
1188 4289 1277 4346 omnia
1300 4299 1421 4353 vertunt,
1450 4307 1505 4347 non
1529 4307 1589 4364 quae
1612 4292 1656 4347 dei
1679 4292 1726 4347 sed

439 4393 499 4449 quae
523 4395 572 4434 sua
599 4387 662 4434 sunt
691 4386 853 4452 quaerentes.
898 4376 961 4433 binc
987 4393 1038 4449 pax
1068 4374 1238 4449 prolligitur,
1267 4374 1402 4431 dissensio
1431 4376 1612 4449 amplexatur,
1642 4384 1726 4433 scctae

437 4543 640 4554 ———.—

504 4644 515 4677 ²
531 4647 606 4697 dabo
625 4647 697 4698 benc
716 4648 775 4698 edd.
846 4643 856 4678 ⁴
879 4646 974 4712 Episc.
993 4643 1072 4710 unns]
1097 4644 1151 4696 llic
1170 4660 1277 4711 quoque
1295 4644 1372 4696 locus
1391 4651 1434 4696 est
1452 4644 1585 4712 Cypriani
1603 4644 1636 4698 de
1656 4645 1724 4700 unit.

438 4729 550 4780 ecclet
574 4736 650 4782 extat
673 4733 702 4783 in
725 4729 924 4793 camcibdl.
992 4728 1106 4780 ⁷robor
1124 4733 1148 4781 1.
1223 4729 1245 4763 ¹⁸
1268 4728 1391 4797 copiose]
1416 4730 1582 4783 Hactenus
1608 4732 1724 4799 Cypria-

437 4829 496 4864 nus.
548 4814 571 4848 ²⁰
588 4817 629 4867 sol
647 4814 747 4882 instit]
769 4801 987 4867 Malscb.ll'.2.
1041 4814 1062 4847 ²²
1081 4812 1169 4880 radix]
1187 4817 1301 4881 Apocal.
1314 4817 1374 4868 XX.
1389 4814 1428 4866 lo.
1486 4815 1508 4848 *³
1526 4814 1606 4884 vltis]
1627 4819 1723 4870 Ioann.

436 4899 494 4949 XV.
508 4901 532 4950 5.
596 4901 618 4934 ²⁸
636 4903 701 4953 lsai.
715 4903 737 4952 1.
750 4901 792 4952 21.
861 4899 1154 4952 ⁸⁰cf.Matah.x.28.
1218 4899 1241 4932 ⁸³
1259 4903 1323 4952 Issi.
1338 4902 1359 4952 Ι.
1371 4902 1413 4953 ἳῖ.
1478 4900 1501 4933 ³⁴
1520 4900 1722 4953 Psalmxm.

435 4982 457 5015 ³⁷
475 4986 584 5050 spiritu,
605 4994 692 5037 ortum
711 5003 744 5037 ex
763 5003 795 5038 eo
813 4987 898 5037 duxlt.
918 4987 990 5049 Quia
1010 4991 1032 5036 1.
1081 4986 1294 5037 celsanum.
1334 4985 1363 5021 ³⁸
1382 4984 1568 5037 Ioanu.II.9.
1621 4985 1643 5018 ⁸⁹
1663 4985 1724 5051 syn·

435 5085 500 5135 cqro
518 5074 541 5121 1.
588 5068 610 5103 ⁴¹
629 5073 665 5123 cl.
677 5071 757 5123 Paul.
772 5087 814 5138 ep.
828 5071 863 5123 ad
874 5071 994 5138 Philipp.
1006 5072 1042 5122 11.
1055 5071 1096 5122 21.
