4300 6059
453 700 638 738 mtfflbttttt
652 701 708 736 tter.
719 700 755 735 ΔΙ)
769 701 879 735 tsotttttt
892 702 917 735 Χ.
929 702 952 735 l‘.
966 702 994 735 tt.
1008 703 1133 736 LITTERAE
1147 703 1181 736 DE
1194 702 1283 737 TVBCA
1295 702 1486 738 DEBELLAUDO.
1497 703 1523 738 A.
1533 698 1593 739 lSl'l.
1622 673 1688 744 ¹⁴ss

503 858 560 915 llon
583 859 690 915 laboret
711 860 738 914 in
761 859 840 915 uobis
862 869 952 933 itaque
974 861 1103 915 sanctitas
1126 869 1227 924 restra,
1251 876 1296 931 qur
1318 867 1448 914 atenerrs
1462 861 1553 923 annis,
1576 880 1636 919 cum
1651 864 1696 920 ad·
1710 856 1739 900 ¹¹¹·

418 945 471 1001 buc
494 945 558 1018 quid
581 954 652 999 esset
675 943 743 1000 bella
767 961 862 1016 gerere
884 961 932 1018 per
954 952 1059 1001 aetatem
1083 960 1259 1004 nesciremus,
1282 931 1342 998 cu'm
1363 955 1452 1016 tamen
1467 947 1620 1020 audiremus
1636 966 1695 1005 esse

418 1031 537 1091 Tureas.
562 1030 607 1102 qui
630 1028 729 1084 Christi
752 1028 912 1102 religionem
934 1029 1124 1103 negligerent,
1147 1030 1280 1089 odissent,
1305 1028 1548 1106 persequerentur,
1576 1050 1625 1088 eos
1646 1052 1696 1107 po·

418 1116 634 1192 tissimum-cum
658 1116 775 1187 primum
797 1113 934 1176 licuisset,
963 1115 1093 1171 radicitus
1110 1123 1236 1201 *quertere
1258 1113 1431 1187 optabamus:
1459 1124 1515 1170 don
1541 1115 1647 1172 laboret
1670 1119 1696 1173 in

391 1200 514 1263 euobis,
538 1199 583 1272 qui
606 1199 652 1254 ubi
674 1198 839 1261 adolevimus
860 1208 888 1254 et
909 1199 1052 1255 militarem
1076 1204 1164 1274 artem·
1182 1199 1334 1259 didicimus.
1364 1214 1419 1253 uon
1441 1216 1499 1254 eam
1520 1202 1590 1256 scire
1612 1201 1697 1257 volui·

418 1303 480 1340 inus
502 1285 534 1340 ad
562 1283 775 1339 Christianorum
803 1284 924 1352 civitates
953 1285 1136 1359 occupandas,
1164 1283 1211 1339 sed
1239 1283 1331 1356 potius
1359 1284 1391 1337 ad
1418 1301 1463 1339 aas
1491 1284 1659 1342 vindicandas
1682 1305 1697 1342 u

418 1369 542 1426 manibus
565 1377 759 1442 tyrannorum,
784 1386 837 1424 non
860 1368 980 1426 adfines
1003 1368 1171 1429 adimendus.
1195 1369 1242 1424 sod
1264 1367 1394 1428 tuendos,
1418 1384 1472 1422 non
1494 1370 1528 1424 ad
1542 1387 1635 1425 eorum
1652 1373 1697 1425 de·

416 1455 518 1520 decus,
540 1453 587 1508 sed
610 1451 729 1514 laudem,
753 1470 807 1508 non
830 1453 862 1509 ad
885 1455 1030 1528 perniciem
1052 1453 1182 1526 denique,
1205 1453 1252 1508 sed
1273 1451 1306 1507 ad
1320 1452 1486 1508 custodiam:
1509 1454 1642 1528 huiusque
1658 1457 1695 1510 rei

420 1547 505 1594 testes
526 1543 608 1593 'erunt
629 1544 726 1594 cuncta
746 1536 816 1592 bella
840 1555 900 1612 quae
922 1541 1071 1612 gessimus,
1094 1554 1201 1612 semper
1223 1538 1311 1599 inviti,
1340 1553 1446 1610 semper
1467 1535 1597 1600 lacessiti,
1626 1557 1696 1595 sem-

324 1621 325 1626 ’
384 1640 471 1697 roper
491 1623 587 1678 eoacti,
631 1621 663 1677 Et
685 1640 757 1679 nuuc
777 1640 837 1679 cum
864 1621 1014 1679 videremus
1043 1624 1235 1679 beatitudinem
1263 1630 1377 1677 vestram
1406 1627 1448 1677 tot
1474 1625 1696 1696 persuasionibus

419 1726 470 1764 nos
492 1708 526 1763 ad
553 1725 651 1781 pacem<
674 1717 702 1763 ct
728 1708 900 1764 concordiam
922 1709 1060 1765 cohortari
1083 1717 1111 1763 et
1137 1709 1174 1763 ita
1200 1705 1280 1768 velle,
1309 1724 1359 1779 pro
1387 1707 1459 1762 bono
1488 1708 1696 1776 Cbr'utiauitatis

419 1793 490 1848 flecti
519 1810 569 1847 nos
596 1792 768 1866 permisimus
796 1801 824 1848 et
844 1793 1014 1850 conditiones
1037 1809 1218 1867 quascumque
1237 1793 1414 1865 suscepimus.
1439 1810 1471 1852 ne
1493 1810 1569 1866 mora
1586 1793 1645 1858 ulla
1670 1796 1695 1849 iu
1722 1819 1724 1821 ·

373 1889 375 1893 ’
418 1877 499 1932 nobis
522 1886 610 1938 esset.
640 1894 672 1931 ne
695 1895 744 1952 por
766 1895 816 1933 nos
838 1877 956 1933 defuisse
979 1878 1128 1938 videretur,
1157 1877 1222 1950 quin
1245 1875 1344 1931 labanti
1373 1876 1433 1931 fidei
1456 1876 1613 1934 Christiane
1638 1880 1696 1953 opi·

355 1969 360 1977 '
418 1961 581 2024 tentaremur,
619 1978 683 2016 treve
711 1980 830 2035 unquam
857 1980 907 2018 vox
934 1964 997 2018 insti
1029 1980 1119 2019 coram
1147 1962 1199 2016 ileo
1236 1978 1318 2034 super
1346 1978 1396 2015 nos
1424 1960 1560 2018 clamaret.
1604 1963 1694 2036 Neque
1748 2028 1755 2040 ³

382 2064 483 2108 rsvero
505 2064 556 2105 nus
578 2046 739 2102 cohortetur
759 2048 888 2103 sauctitas
910 2055 1012 2109 restra,
1042 2049 1089 2122 qui
1119 2038 1261 2120 postquam
1291 2046 1395 2118 imperii
1418 2054 1553 2120 sceptrum
1576 2048 1697 2121 suscepi·

418 2150 493 2194 mus,
516 2131 569 2204 ipsi
592 2147 729 2205 nunquam
752 2132 904 2188 destitimus
926 2151 986 2189 eum
1006 2145 1177 2207 quocumque
1192 2130 1319 2204 pontifice
1334 2147 1427 2203 agere,
1451 2139 1482 2187 ut
1496 2141 1614 2188 sanctam
1630 2133 1696 2188 banc

418 2215 617 2290 expeditionem
639 2216 804 2291 susciperet:
833 2218 931 2273 scimus
954 2219 1024 2273 enim
1047 2235 1105 2286 cam
1128 2226 1155 2273 et
1177 2215 1353 2270 necessariam
1382 2224 1409 2270 et
1431 2215 1525 2271 utilem
1547 2225 1574 2272 et
1596 2215 1698 2290 glorio·

418 2319 475 2357 sam
497 2300 566 2356 fore.
603 2300 706 2356 Excitet
729 2303 809 2358 modo
833 2320 861 2358 se
884 2302 1023 2358 beatitudo
1047 2311 1135 2359 vestra
1157 2306 1185 2355 ct
1200 2300 1298 2354 Christi
1321 2299 1446 2355 vexillum
1469 2301 1568 2373 erigat,
1592 2301 1697 2358 etcum

417 2385 648 2441 reverendissimis
673 2385 726 2440 illis
748 2387 871 2460 patribus
896 2388 948 2442 iter
970 2387 1124 2443 felicissirne
1147 2385 1274 2440 adversus
1296 2384 1389 2440 hostes
1420 2385 1545 2458 arripiat:
1575 2404 1624 2441 nos
1653 2404 1698 2441 co·

384 2469 576 2530 sumitabimur
598 2488 670 2531 eam,
693 2479 720 2526 et
743 2490 809 2544 opes
832 2490 861 2528 ac
883 2471 953 2527 vires
976 2482 1083 2527 nostras
1099 2487 1191 2525 omnes
1207 2469 1391 2530 conferemus:
1414 2486 1502 2542 neque
1517 2480 1582 2525 aetas
1598 2479 1699 2533 nostra,

420 2572 482 2628 quae
504 2556 555 2610 iam
579 2555 661 2612 celeri
683 2557 769 2627 gradu
792 2556 823 2611 ad
854 2565 1020 2612 senectutem
1050 2556 1176 2615 festinat,
1204 2570 1254 2609 nos
1285 2553 1418 2608 tantillum
1442 2555 1604 2610 morabitur:
1634 2558 1697 2629 quin

417 2641 440 2695 si
463 2657 538 2695 mors
561 2639 606 2695 illa
628 2658 679 2714 pro
701 2641 800 2696 Christi
823 2643 931 2697 nomine
954 2642 1124 2714 optatissima
1145 2639 1291 2712 obtigerit,
1314 2639 1473 2694 reviviscere
1496 2657 1545 2695 uos
1568 2642 1599 2696 ad
1620 2649 1699 2697 aeter·

418 2741 478 2779 nam
502 2723 623 2798 gloriam.
639 2743 785 2798 speramus.
829 2726 881 2782 Sed
905 2726 1022 2800 quidde
1045 2725 1124 2781 nobis
1146 2724 1276 2780 dicimus?
1300 2740 1377 2778 nemo
1401 2732 1453 2778 tam
1468 2725 1625 2804 impudens
1638 2727 1698 2787 erit,

384 2894 539 2954 ssdissimis
560 2893 741 2951 cardinalibus
763 2895 864 2951 bellurn
888 2897 914 2952 in
937 2896 1036 2952 fureas
1059 2902 1209 2951 ruoventcm
1232 2912 1262 2949 ac
1284 2901 1338 2947 urct
1361 2893 1387 2947 in
1415 2894 1611 2966 expeditionem
1634 2912 1699 2949 eun·

420 2988 482 3040 tem,
506 2996 574 3039 uon,
599 2980 670 3035 omni
694 2982 849 3036 renunciata
871 2999 974 3042 mereo,
997 2982 1077 3037 etiam
1100 2981 1131 3036 ad
1154 2987 1254 3035 certam
1278 2986 1391 3032 mortem
1413 2977 1552 3044 convolet:
1582 2978 1699 3035 imbecil-

417 3062 452 3118 lis
474 3064 601 3119 nimirum
624 3082 703 3119 sexus
725 3073 752 3121 et
775 3064 878 3121 infirma
901 3076 967 3123 aetas
991 3065 1182 3130 beatitudinem
1205 3073 1319 3118 vestram
1342 3072 1479 3135 sequetur.

504 3148 591 3216 Quare
614 3166 664 3221 nos
687 3150 779 3205 itidem
802 3168 930 3225 rogamus
952 3148 1122 3208 sanctitatem
1145 3159 1273 3210 vestram,
1305 3146 1493 3221 imploramus,
1523 3148 1697 3210 obtestamur,
1711 3151 1742 3195 tt.

418 3242 449 3289 ut
471 3234 611 3307 provideat
633 3251 666 3291 nc
689 3236 752 3309 quid
774 3236 929 3293 detrimenti
952 3237 1102 3293 Christiana
1125 3233 1276 3309 respublica
1298 3234 1401 3308 capiat:
1431 3232 1572 3311 cpnlirrnet
1594 3235 1699 3307 opinio·
1778 3224 1782 3230 ’

385 3335 484 3376 sanem
506 3337 585 3393 quam
608 3337 702 3376 onmes
724 3320 756 3376 do
779 3338 811 3377 ea
831 3330 1030 3396 conceperunt,
1060 3329 1201 3377 succurrat
1229 3319 1334 3374 nutanti
1358 3316 1511 3390 reipublice
1533 3320 1700 3381 Christianae.

418 3403 555 3463 liberete
578 3403 700 3460 faucibus
723 3406 934 3462 saevissimorum
956 3406 1083 3481 lnporum
1107 3424 1169 3460 nvcs
1193 3405 1243 3459 sibi
1266 3403 1435 3464 conunissas,
1459 3420 1545 3476 neque
1568 3411 1700 3483 expectet,

419 3489 492 3562 quod
515 3487 659 3544 Christiani
683 3487 820 3564 principes
842 3501 1060 3564 congregentur:
1085 3491 1185 3564 quippe
1207 3488 1322 3561 longum
1342 3486 1407 3542 illud
1426 3499 1512 3550 esset.
1536 3497 1563 3543 et
1586 3491 1701 3545 fortasse

418 3571 619 3648 periculosum:
649 3574 695 3629 sed
725 3576 854 3631 sanctitas
883 3587 970 3633 restra
999 3576 1089 3649 gladio
1117 3576 1218 3631 domini
1247 3590 1330 3647 super
1357 3575 1454 3628 fremur
1481 3575 1701 3646 potentissimum

418 3658 507 3715 cincta
529 3658 583 3714 iter
604 3660 848 3732 auspicatissimum
872 3662 1053 3734 ingrediatur:
1078 3679 1139 3734 quae
1162 3667 1264 3734 quanto
1288 3658 1372 3729 magis
1395 3659 1428 3713 ab
1450 3658 1511 3714 aliis
1533 3659 1701 3733 principibus

386 3742 550 3800 saderelicta
566 3744 632 3805 erit,
657 3751 731 3801 tanto
747 3746 801 3801 erit
815 3745 980 3819 gloriosior,
1004 3754 1134 3820 tantoque
1155 3746 1240 3818 magis
1263 3745 1391 3799 irnrnensa
1407 3743 1618 3800 Christianorum
1635 3743 1702 3798 rnul-

421 3828 509 3884 titudo
525 3828 645 3885 confluet
660 3829 712 3885 lleo
729 3831 848 3917 victimps
864 3841 955 3904 gratas
973 3832 1071 3887 offerre
1087 3831 1248 3904 optantium.
1273 3828 1327 3884 Nos
1343 3846 1406 3883 vcro
1423 3830 1469 3902 qui
1489 3837 1535 3884 aut
1549 3829 1593 3885 ubi
1604 3830 1702 3885 sancti·

421 3922 504 3969 tatem
520 3921 636 3970 vestram
651 3914 819 3977 deseremus,
845 3916 890 3989 qui
908 3915 981 3972 ultro
997 3916 1120 3989 cupimus
1136 3914 1204 3970 lianc
1221 3914 1344 3987 fragilem
1359 3920 1386 3968 et
1402 3914 1607 3988 corruptibilem
1622 3931 1702 3970 coro-

419 4015 480 4053 nam
497 4016 577 4072 quam
593 3998 726 4070 gerimus,
743 4018 804 4056 cum
820 4000 866 4055 illa
881 4002 1082 4074 preciosissima
1098 4009 1125 4055 et
1141 4009 1242 4055 aeterna
1265 3999 1386 4072 martyrii
1409 4017 1510 4054 eortina
1532 4000 1703 4072 permutare?

420 4082 512 4156 licque
525 4100 590 4139 vero
604 4083 780 4141 subvereatur
795 4085 934 4142 beatitudo
951 4096 1039 4142 restra
1052 4086 1198 4141 Turcarum
1214 4085 1377 4158 potentiam:
1393 4101 1448 4139 non
1465 4093 1506 4139 tot
1522 4083 1703 4157 apparatibus,

389 4182 477 4223 unua
500 4176 574 4224 unta
597 4166 758 4226 bellatorum
781 4172 860 4245 copia
884 4172 1051 4244 indigemus:
1075 4173 1133 4244 ipse
1155 4188 1270 4244 namque
1292 4171 1363 4225 beas
1384 4178 1442 4231 est,
1465 4187 1516 4243 pro
1539 4187 1594 4243 quo
1617 4178 1704 4225 certa·

422 4255 477 4309 turi
498 4271 607 4314 sumus,
632 4254 689 4327 ipsc
711 4256 819 4311 docebit
841 4274 936 4312 rnanus
958 4267 1067 4313 nostras
1090 4256 1120 4311 ael
1144 4254 1286 4330 prelium,
1310 4265 1337 4310 ct
1352 4264 1436 4329 ponet
1452 4263 1482 4309 ut
1498 4272 1589 4310 arcum
1604 4272 1704 4310 aereum

421 4337 530 4394 brachia
552 4348 662 4402 nostra:
686 4339 742 4414 ipsc
765 4340 839 4397 dabit
861 4342 940 4398 uobis
963 4342 1160 4417 protectionem
1183 4341 1280 4398 salutis
1303 4359 1359 4396 suu¹
1382 4348 1409 4395 ct
1431 4342 1540 4396 deutera
1563 4341 1621 4396 eius
1645 4358 1704 4395 sus·

424 4505 624 4517 ——n—

489 4606 500 4637 ⁰
519 4622 627 4672 semper
646 4607 726 4656 inviti
739 4611 820 4658 omisit
834 4610 863 4659 ll.
917 4609 934 4641 ¹¹
956 4609 1064 4676 pacem]
1086 4610 1171 4675 ligem
1190 4611 1214 4660 d.
1232 4609 1269 4663 19.
1285 4611 1346 4660 Oct.
1367 4627 1392 4662 n.
1409 4610 1480 4661 tatu.
1500 4589 1706 4660 inter'Leoncm

423 4690 614 4756 Caessremque
628 4697 655 4741 et
668 4707 747 4756 reges
759 4693 902 4759 Hispaniae
915 4696 1075 4760 Angliaeque
1090 4711 1137 4761 pro
1155 4697 1316 4746 defensione
1331 4696 1458 4746 ccclesiae
1471 4698 1577 4746 initam.
1631 4693 1651 4726 ¹¹
1670 4695 1706 4743 ef.

422 4777 521 4826 batth.
535 4777 638 4826 XXIII.
653 4775 693 4826 34.
708 4792 766 4842 sqq.
805 4777 900 4829 ²⁵eum
919 4787 975 4829 met
993 4782 1023 4830 ll.
1037 4785 1053 4830 l.
1066 4782 1212 4847 ipsummet
1229 4784 1315 4831 adnot.
1332 4783 1401 4830 CH.
1441 4780 1464 4812 ²⁸
1481 4781 1607 4830 mercede
1620 4781 1707 4829 adnot.

425 4860 493 4911 CH.
528 4859 551 4892 ²⁹
569 4860 688 4936 Senatus
706 4862 859 4914 consultum
876 4865 916 4914 Ne
930 4865 993 4929 quid
1011 4866 1169 4916 detrimenti
1188 4870 1283 4933 cupiat
1305 4884 1375 4932 resp.
1394 4867 1570 4916 dictatoriam
1588 4871 1708 4930 potesta·

423 4950 478 4995 tem
496 4943 570 5009 apud
588 4932 899 5000 Romanosconsulibns
920 4951 1013 4999 dabat.
1060 4949 1083 4982 ³²
1101 4954 1225 5017 exsplf.
1272 4952 1586 5003 ³³of.l‘salm.XLlV.⁴l.
1622 4951 1710 5000 femur

426 5032 495 5082 CH.
549 5026 736 5083 “eustolia
790 5032 968 5084 ttofferrtltz.
1016 5034 1038 5066 ³⁸
1055 5053 1139 5101 praec.
1154 5038 1200 5087 132.
1219 5045 1289 5104 prot.
1304 5042 1338 5091 fl.
1384 5036 1710 5102 4οΡειιΙιιι.ΧἩΙ.35.8(1.
