4300 6059
475 706 611 740 avcnannr
626 706 798 741 aaarsocrsr
813 707 847 741 nn
862 707 1008 740 coscnsrv
1022 704 1386 763 sv'nvsrnssrnascarrrro.
1399 704 1424 740 a.
1438 697 1495 740 tttt.
1553 675 1627 745 275

342 863 422 919 etiam
445 863 602 938 Dyrrhachii
625 881 655 919 ac
679 862 786 920 b'eloruc
808 861 921 918 classem
944 862 1089 939 cupitarum
1112 863 1218 919 riarium
1240 863 1325 920 indies
1348 862 1494 926 iahricare,
1517 880 1629 939 eosque,

340 964 401 1004 cum
423 965 506 1005 vacua
526 947 663 1022 praesidiis
685 947 767 1002 maria
790 947 858 1007 sint,
881 947 1017 1003 celocibus
1039 947 1209 1021 praedatoriis
1224 948 1256 1005 ad
1272 948 1428 1004 Caletanum
1450 948 1527 1006 littus
1547 957 1629 1005 noctu

341 1030 515 1091 descendisse
537 1041 617 1106 atque
640 1031 709 1089 idola
740 1032 840 1106 oppido
869 1032 979 1089 insenso
1007 1032 1170 1106 direptaque
1193 1041 1247 1090 tarn
1270 1033 1407 1090 lrominum
1430 1051 1510 1107 quarn
1538 1050 1630 1090 rerum

343 1118 481 1191 Mentem
503 1134 596 1174 secum
618 1116 749 1191 praedam,
777 1116 880 1179 tribus.
909 1117 980 1174 haud
1009 1117 1140 1192 amplius.
1170 1135 1282 1175 suorum
1310 1119 1432 1180 arnissis.
1462 1112 1627 1192 asportasse.

318 1199 378 1259 aEr
398 1200 539 1261 Pannonia
562 1212 666 1264 autem.
691 1202 761 1275 quod
786 1203 867 1259 etiam
889 1201 1062 1277 sperantius,
1094 1203 1133 1258 vir
1154 1202 1260 1259 candidi
1283 1203 1399 1276 ingenii,
1429 1203 1493 1259 mibi
1523 1202 1697 1263 retulit,t.ttt

340 1287 497 1348 nunciatum
521 1296 564 1343 est
585 1287 753 1345 Thurcarum
775 1286 967 1362 Imperatorem
990 1286 1150 1361 Belgradum
1177 1280 1350 1344 validissimis
1379 1288 1466 1362 copiis
1489 1287 1631 1344 obsidione

339 1372 458 1428 cinxisse
481 1368 620 1448 (oppidmn
643 1372 674 1429 ad
697 1371 864 1428 conduentes
887 1372 1034 1428 Danubium
1058 1381 1087 1429 et
1109 1372 1204 1429 Savum
1226 1372 1345 1447 positum
1363 1383 1419 1435 est,
1442 1372 1546 1445 antiqui
1563 1373 1631 1428 Tau·

340 1454 473 1513 rodarum
488 1452 670 1531 appellabant)
693 1455 859 1530 deiectisque
882 1458 983 1531 passim
1004 1457 1138 1529 maenibus
1161 1456 1203 1513 bis
1225 1458 1252 1513 in
1269 1458 1418 1532 oppidanos
1440 1458 1569 1531 impetum
1594 1457 1631 1512 tc·

339 1541 426 1605 cissca
447 1541 590 1598 Pannones
612 1549 718 1604 autern,
747 1541 794 1615 qui
817 1542 868 1598 toti
891 1558 991 1616 regno,
1021 1543 1044 1597 si
1067 1543 1196 1617 oppidum
1224 1551 1381 1616 caperetur,
1410 1541 1561 1616 perieulum
1583 1542 1632 1597 im·

307 1626 446 1685 ttminere
469 1627 728 1689 animadverterant,
755 1635 914 1700 comparato
936 1627 1079 1684 confestim
1108 1628 1243 1689 exercitu,
1272 1636 1390 1701 quantus
1419 1645 1475 1700 prae
1504 1627 1630 1700 angustia

342 1711 474 1785 temporis
495 1711 586 1786 parari
608 1719 732 1786 poterat,
756 1712 789 1767 ad
811 1729 890 1786 opem
913 1712 1031 1768 obsessis
1055 1713 1192 1769 ferendam
1215 1712 1331 1786 protecti
1352 1721 1424 1768 sunt.
1462 1711 1629 1768 incredibilis
1640 1717 1700 1767 §.eo

340 1796 453 1852 omnino
475 1796 641 1854 Thurcarum
663 1797 691 1854 in
714 1795 795 1857 rebus
818 1797 988 1870 perficiendis
1011 1797 1150 1858 celeritas,
1181 1797 1227 1871 qui
1255 1797 1357 1853 devicta
1380 1796 1515 1870 AEgypto,
1544 1796 1630 1871 Syria.

339 1878 494 1943 Phoenicia,
517 1881 664 1947 Palestinae,
688 1880 774 1943 Coele,
798 1881 946 1956 bigatoquc
969 1899 1000 1937 cx
1023 1883 1147 1938 Armenia
1170 1881 1312 1938 Persarum
1336 1900 1412 1956 rege,
1437 1883 1463 1936 in
1485 1880 1631 1954 Europam,
1717 1905 1720 1912 ·

341 1964 513 2040 tempestatis
536 1985 566 2023 ac
587 1964 709 2022 fulminis
732 1984 821 2025 more,
846 1967 1002 2041 priusquam
1026 1984 1073 2022 cos
1095 1967 1250 2041 Byzantium
1273 1964 1385 2022 rediisse
1408 1964 1631 2044 intellexerimus.

306 2063 405 2107 ascum
426 2051 547 2107 exercitu
569 2051 733 2108 traieceriat.
771 2051 826 2107 biri
849 2050 927 2112 alibi,
950 2060 979 2107 et
1000 2050 1131 2114 ulterius,
1155 2060 1261 2125 ternpus
1283 2051 1343 2107 lore
1367 2060 1397 2107 ut
1418 2059 1520 2108 nostrae
1542 2051 1632 2124 segui-

343 2134 390 2191 tiei
414 2149 445 2191 ac
467 2136 576 2192 desidiae
599 2135 743 2210 aliquando
766 2136 913 2210 poeniteat:
936 2153 997 2193 ecce
1021 2136 1072 2192 iarn
1096 2136 1211 2193 confinia
1234 2152 1381 2210 regnorum
1398 2143 1556 2192 nostrorum
1571 2135 1632 2209 pul·

341 2229 418 2281 sant,
443 2220 612 2294 victoresque
635 2230 663 2277 ct
685 2221 750 2277 mari
773 2229 800 2277 et
822 2229 895 2276 terra
918 2221 944 2277 in
967 2229 1153 2297 contemptum
1175 2221 1315 2296 ‘superbiae
1344 2229 1446 2278 nostrae
1474 2227 1632 2294 evagantur,

341 2305 389 2379 qui
412 2304 537 2361 refractis
559 2305 704 2362 Parmenios
727 2303 882 2380 repagulis,
905 2305 979 2378 ipuod
1000 2305 1073 2362 brevi
1098 2306 1220 2370 futurum
1240 2315 1326 2387 puto,
1354 2306 1388 2363 ad
1410 2305 1541 2362 montium
1565 2322 1632 2379 quo·

340 2384 396 2463 pue
418 2389 501 2446 ardua
523 2390 717 2465 penetrabunt,
740 2388 807 2446 nulli
831 2390 936 2467 passuri
960 2390 1011 2446 nisi
1035 2390 1067 2445 iis
1091 2392 1136 2464 qui
1159 2391 1239 2446 etiarn
1261 2390 1402 2447 astartium
1417 2391 1553 2456 contemni
1568 2408 1631 2465 pos·

307 2482 424 2537 ausuum
446 2473 549 2548 Reges,
573 2476 723 2550 principes.
752 2475 852 2550 quique
875 2492 906 2530 cx
932 2473 1116 2548 elephantiam
1145 2483 1224 2532 utero
1251 2475 1381 2530 oriundos
1410 2493 1438 2531 se
1470 2473 1699 2549 gloriantur-‚ssu

343 2558 370 2614 in
391 2559 560 2632 triumphum
583 2569 693 2634 petunt;
717 2560 743 2616 in
767 2558 832 2615 viles
854 2560 957 2615 animas
979 2576 1034 2634 non
1057 2559 1162 2616 vibrant
1190 2557 1310 2632 gladios,
1339 2578 1385 2615 eas
1413 2561 1500 2616 vivere
1530 2559 1632 2622 volunt,

341 2651 372 2699 ut
394 2643 484 2718 capite
506 2653 682 2706 censeantur.
705 2644 941 2719 deglubeuturque
963 2645 995 2699 ad
1018 2645 1111 2701 cutim.
1148 2643 1182 2699 Et
1204 2643 1276 2717 quod
1292 2638 1460 2700 miseriarum
1477 2652 1631 2701 nostrarum

342 2747 374 2784 ac
396 2729 554 2806 futurorum
577 2729 711 2787 malorum
733 2729 862 2786 indicium
885 2737 940 2791 cst,
971 2730 1012 2785 vix
1036 2747 1107 2786 unus
1130 2737 1176 2786 aut
1198 2728 1268 2785 alter
1296 2727 1373 2784 bdcm
1402 2728 1544 2786 adhibent:
1573 2747 1631 2785 cre·

341 2813 409 2869 dunt
431 2814 617 2871 commentitia
640 2833 713 2877 csse,
742 2832 827 2888 euque
856 2814 882 2869 in
911 2815 1019 2887 vulgum
1050 2823 1154 2871 tantum
1183 2814 1231 2870 aedi
1262 2831 1322 2888 quae
1346 2815 1378 2870 ad
1402 2813 1544 2870 thesauros
1567 2814 1632 2869 Ger·

308 2899 440 2955 romaniae
463 2898 660 2957 erlrauriendos
682 2898 759 2956 utilia
780 2899 930 2956 videantur.
973 2898 1030 2972 Ego
1058 2899 1122 2955 mibi
1151 2899 1302 2964 iprtunisvc
1329 2898 1396 2955 meis
1426 2907 1471 2956 aut
1494 2897 1561 2954 nibil
1583 2906 1629 2954 aut
1639 2902 1701 2953 §.tt

341 2998 439 3058 parurn
463 2983 561 3047 time0;
583 3002 644 3040 cum
666 2983 733 3041 nibil
755 2983 881 3046 babeam,
911 2983 979 3039 nibil
1001 2985 1023 3040 it
1044 2984 1194 3059 perditum,
1218 2990 1245 3039 et
1268 2984 1383 3058 quisque

357 3072 360 3077 '
692 3069 811 3126 conmisit
833 3086 933 3125 vacuus
954 3086 1046 3125 coram
1068 3069 1175 3125 latrone
1197 3069 1297 3131 viator:

341 3152 364 3209 si
388 3151 471 3209 etiarn
493 3152 657 3211 immutanda
679 3154 732 3210 erit
754 3153 867 3228 religio,
889 3172 984 3229 parum
1006 3155 1241 3212 tucri'iacturmve
1261 3152 1340 3210 nobis
1355 3153 1477 3210 accedet:
1501 3160 1633 3226 quantum

342 3237 415 3294 enirn
438 3247 595 3296 nostrorum
620 3234 772 3314 temporum
795 3254 886 3296 mores
907 3258 938 3295 ac
960 3239 1063 3295 scelera
1078 3256 1094 3295 a
1109 3238 1224 3296 Thurcis
1239 3238 1357 3295 distant?
1380 3246 1428 3295 aut
1442 3242 1543 3312 quotus
1559 3237 1633 3312 quis-

303 3335 397 3397 ‚aoque
419 3331 463 3379 est
485 3323 532 3397 qui
555 3322 635 3381 beleni
656 3322 833 3381 Christianam
856 3323 896 3381 rel
920 3324 1033 3392 semisse
1053 3324 1143 3380 decies
1167 3323 1193 3379 in
1208 3323 1251 3379 dic
1267 3340 1323 3379 nou
1338 3322 1486 3379 abiiceret?
1508 3320 1561 3378 Sed
1576 3320 1633 3380 tac

342 3423 406 3462 sero
429 3406 585 3482 querimur,
608 3418 635 3471 et
657 3409 828 3482 pharmacum
852 3410 967 3466 animam
989 3408 1176 3465 exhalantibus
1199 3406 1260 3483 plus
1276 3406 1373 3464 obesse
1387 3407 1459 3465 solet
1474 3423 1553 3483 quarn
1568 3423 1632 3481 pro·

341 3490 429 3548 desse.
473 3493 609 3568 patiamur
631 3502 658 3550 et
680 3502 776 3552 caetera
799 3511 879 3568 aequo
901 3493 1005 3556 animo,
1037 3493 1144 3568 quando
1172 3500 1266 3550 nostra
1295 3488 1368 3549 intr'a
1390 3492 1509 3567 parietes
1531 3491 1701 3550 iacun-sss.

342 3574 380 3633 tia
403 3584 432 3633 ct
453 3575 534 3634 alteri
557 3578 628 3635 inter
656 3577 753 3653 pocula
775 3579 875 3635 Briarei
907 3579 960 3635 diro
990 3579 1117 3655 imperia,
1149 3577 1337 3653 Byzantiorum
1364 3585 1393 3634 et
1416 3576 1634 3653 Trapezuntium,

343 3678 426 3737 regna
448 3680 513 3719 vero
536 3663 678 3720 duodecim
700 3663 847 3720 amisimus.
884 3681 939 3719 non
968 3681 1064 3723 vercor
1092 3673 1181 3720 tamen
1210 3663 1233 3718 si
1261 3663 1344 3737 prisci
1374 3661 1414 3719 illi
1435 3662 1544 3719 nubtis
1566 3661 1635 3736 igui-

311 3744 412 3811 scuti,
442 3748 489 3822 qui
517 3764 588 3806 nunc
617 3748 645 3805 in
673 3747 828 3805 mortalium
851 3748 1007 3822 pectoribus
1030 3749 1131 3805 mortui
1154 3757 1231 3811 sunt,
1259 3747 1405 3822 aliquando
1434 3747 1634 3808 reviviscerent,

344 3832 410 3905 quin
434 3832 562 3908 pietatem
585 3833 732 3907 imprimis,
756 3851 786 3889 ac
808 3833 915 3889 dernmn
943 3832 1055 3889 Rotnani
1082 3833 1190 3908 lmperii
1217 3830 1333 3908 gloriam
1360 3832 1509 3889 animosius
1531 3830 1631 3906 ample·

342 3924 490 3974 ctercntur.
535 3918 680 3990 Principes
700 3921 795 3990 ipitur,
817 3935 880 3973 cum
902 3933 1063 3988 responsum
1085 3919 1159 3992 quod
1181 3919 1344 3974 Germanus
1366 3919 1519 3992 Latinoque
1540 3919 1694 3989 trophaeo

341 4001 428 4057 scribi
447 4005 599 4066 iusserant,
623 4003 731 4076 hepatis
753 4003 861 4058 tandem
884 4000 1019 4058 reddituri
1039 4009 1142 4073 essent,
1167 4003 1286 4060 Coernrir
1301 4005 1383 4074 prius
1398 4005 1507 4058 bubum
1520 4017 1555 4057 oc
1568 4017 1632 4058 cen-

341 4101 418 4141 suroe
439 4104 523 4160 quam
544 4089 573 4141 in
594 4089 703 4160 vulpam
713 4089 856 4160 prodiret,
879 4088 975 4142 subiici
988 4088 1138 4144 colunum.
1176 4095 1305 4142 roetrrun
1326 4095 1458 4160 quantum
1477 4089 1634 4143 conectat

310 4175 455 4244 inarsequi
470 4188 600 4242 pausem,
624 4180 651 4227 ut
672 4190 727 4227 nors
750 4181 904 4245 receptum,
926 4173 974 4243 ito·
986 4188 1021 4227 ne
1042 4175 1171 4227 reiectum
1194 4172 1299 4242 peridem
1321 4175 1349 4228 in
1362 4179 1502 4243 posterum
1517 4175 1555 4227 ita
1570 4170 1634 4227 red·

342 4255 425 4311 fflum
449 4263 503 4319 cst·
524 4256 621 4330 Lepnti
634 4256 819 4330 oratoresque
840 4266 866 4312 et
884 4259 1020 4329 pontificia
1041 4264 1067 4312 et
1087 4260 1160 4330 repis
1177 4257 1289 4323 Galliae,
1313 4256 1469 4313 Coeson'oni
1486 4271 1551 4314 vero
1566 4257 1634 4328 Epi·

342 4356 444 4412 scopus
467 4341 643 4415 Terpestinus
665 4349 690 4398 et
711 4340 883 4415 Proepnsitus
909 4345 936 4396 in
965 4341 1153 4398 Wnttbircben
1181 4357 1242 4397 cum
1270 4342 1351 4396 simut
1371 4344 1559 4398 mnoenbsent
1578 4341 1634 4397 dss-

410 4523 418 4556 ¹
438 4523 573 4588 Dyrachii
592 4527 665 4575 1...r.
685 4525 811 4575 Darazzo.
875 4521 999 4590 Velonae]
1021 4525 1039 4573 i.
1054 4539 1077 4572 e.
1091 4523 1220 4583 bulonae,
1238 4521 1347 4583 Awton,
1368 4523 1470 4572 Aulona
1486 4539 1508 4573 s.
1526 4524 1633 4574 Vetomr.

342 4605 507 4675 ⁵Sperant.]
521 4606 657 4659 Sebastiam
671 4607 779 4674 Spren:‚
794 4609 963 4658 decretorum
977 4609 1081 4666 doctor,
1101 4607 1204 4657 Casani
1217 4623 1251 4657 ac
1264 4606 1398 4656 Gurcensi
1411 4608 1547 4657 cardinali
1561 4624 1578 4658 a
1591 4624 1633 4659 se·

343 4693 436 4745 cretis.
456 4691 548 4756 (Derris
559 4709 586 4759 p.
602 4691 670 4758 139.)
730 4692 762 4725 ⁷·⁸
780 4694 938 4744 'rauranum
956 4700 993 4742 est
1006 4694 1064 4743 bod.
1079 4692 1191 4743 Semlin.
1210 4676 1342 4758 Belgrndi
1359 4697 1429 4741 uetera
1441 4693 1579 4756 adpettatio
1593 4698 1634 4742 est

342 4776 531 4844 Singidunum.
584 4775 606 4810 ¹⁸
623 4781 641 4829 i.
654 4795 677 4829 e.
691 4794 739 4829 nos
757 4773 827 4845 pseu.
881 4776 900 4808 ¹⁹
919 4777 973 4838 Qui
991 4793 1008 4827 a
1026 4778 1137 4828 tortum
1155 4779 1293 4829 contemni
1310 4781 1437 4843 possunt,
1457 4777 1479 4826 ii
1496 4777 1633 4827 fortunam

343 4852 427 4913 etism
439 4867 616 4913 contemnere
628 4867 751 4929 possunt.
787 4861 855 4912 ²⁰ex
869 4859 1318 4929 oleph.ut.]magnatesstupidos.
1353 4860 1376 4893 ¹⁴
1388 4861 1548 4912 comentitie
1561 4865 1634 4912 1...s.

341 4943 497 5005 ”innuat
512 4947 595 4997 XM.
642 4945 791 5011 ”sinaut
840 4943 862 4975 ³³
874 4942 1012 5009 Briareia.
1031 4947 1073 4995 De
1086 4946 1139 4996 hoc
1152 4948 1268 4997 Briareo
1281 4946 1318 4995 ci.
1331 4947 1452 4996 Peneon.
1466 4947 1501 4998 11.
1519 4946 1566 5007 l‚s.
1580 4947 1633 5007 «ht.

343 5031 544 5083 Corinthiacus.
580 5031 601 5062 ⁹⁰
615 5033 704 5083 aniano
718 5033 774 5081 suis
790 5035 839 5080 bt.
876 5028 899 5061 ³⁷
913 5030 944 5079 In
954 5032 1177 5095 usupraacriptam
1190 5039 1228 5082 ert
1239 5044 1403 5085 assensero.
1414 5031 1535 5097 ciperet.
1543 5047 1568 5096 p.
1580 5027 1636 5080 tas.

1396 5115 1456 5177 18*

767 5207 774 5236 Ι
