4300 6059
418 700 602 738 nummum
622 701 866 737 ufhl‘BOl’OSleO
886 703 920 736 DE
939 703 1029 738 BELLO
1048 704 1168 740 TVBOECO
1186 705 1223 739 ΔΙ)
1236 705 1383 739 suracim
1396 699 1431 740 ἔτ
1445 706 1469 740 c.
1487 706 1514 740 A.
1530 701 1589 742 1518.
1630 676 1691 748 181

416 861 487 938 palo:
510 863 569 918 eius
591 877 655 917 vero
678 862 820 934 coniugem
843 870 871 918 et
892 860 1038 940 filiasnon
1062 864 1098 918 ita
1121 871 1212 920 sancte
1235 873 1265 919 ut
1281 864 1430 919 Alexander
1444 863 1551 922 Macedo
1567 866 1636 921 llarii
1652 866 1703 923 lle·

415 947 458 1021 gis
486 953 599 1003 matrem
628 953 656 1001 et
683 946 825 1020 coniugem
852 946 970 1020 captivas
999 947 1109 1009 babuit,
1138 950 1184 1005 sed
1214 949 1240 1004 in
1269 950 1418 1005 convivium
1441 949 1568 1006 adductas
1591 950 1703 1007 tradidit

415 1032 551 1105 flagitiose
574 1031 737 1106 stuprandas
760 1032 817 1087 suis
841 1031 1013 1088 satellitibus,
1057 1033 1154 1089 Eadem
1177 1035 1204 1088 in
1227 1033 1287 1090 aliis
1310 1034 1468 1107 regionibus
1483 1035 1603 1091 accidere
1617 1035 1703 1110 capti·
1799 1039 1801 1042 ‘

415 1119 455 1173 ris
475 1115 611 1174 credibile.
655 1116 796 1189 Nunquam
817 1116 903 1172 dicam
926 1119 1025 1174 fortean
1047 1135 1107 1173 esse
1130 1119 1229 1181 virum,
1253 1136 1331 1193 quem
1356 1118 1416 1175 talia
1439 1119 1559 1193 exempla
1575 1137 1629 1175 uon
1645 1137 1703 1177 mo·

394 1211 494 1265 secut,
518 1203 565 1276 qui
588 1218 642 1275 non
665 1217 767 1257 summa
790 1201 869 1257 animi
892 1202 1040 1276 cupiditate
1061 1202 1211 1265 desiderat,
1235 1205 1379 1260 utstatim
1402 1222 1500 1278 pugne
1515 1206 1623 1277 signum
1638 1222 1702 1278 pro·

415 1296 541 1362 ponatur.
1172 1303 1176 1309 ⁴

398 1368 410 1383 ‘
497 1372 591 1446 ltaque
613 1389 674 1428 cunr
695 1388 805 1428 necesse
828 1371 864 1426 sit
885 1372 964 1428 nobis
987 1373 1056 1429 tueri
1085 1390 1175 1429 veram
1197 1373 1372 1448 religionem,
1396 1372 1548 1430 libertatem
1571 1383 1700 1436 nostram,
1715 1384 1743 1427 ιι,

415 1457 560 1531 coniuges,
584 1455 700 1518 liberos,
723 1455 798 1528 leges
821 1472 852 1512 ao
873 1456 1042 1530 disciplinam
1064 1457 1215 1531 publicam,
1239 1459 1369 1515 adhortor
1391 1476 1438 1514 vos
1460 1459 1492 1515 ad
1515 1459 1595 1514 buius
1611 1458 1703 1515 iustis·

415 1543 474 1598 simi
496 1558 528 1598 ac
550 1542 696 1598 necessarii
719 1540 784 1596 belli
808 1542 974 1597 societatem.
1019 1542 1134 1599 llaiores
1156 1544 1245 1599 nostri
1268 1553 1382 1617 quantas
1410 1560 1454 1599 res
1475 1551 1641 1617 gesserunt,
1670 1552 1701 1600 ut

383 1628 442 1683 ania
463 1627 527 1683 Asia
550 1627 731 1701 reprimerem
753 1626 956 1683 lfabometicam
979 1626 1147 1684 barbariem!
1171 1626 1212 1683 llli
1234 1645 1289 1684 non
1311 1628 1471 1684 dubitarunt
1492 1628 1573 1685 talem
1596 1628 1701 1685 bostem

414 1711 510 1786 promel
533 1727 671 1785 quaerere·
700 1727 771 1767 nunc
794 1712 888 1771 'furcae
916 1728 1029 1784 reguum
1052 1711 1133 1768 nobis
1154 1713 1270 1768 vicinum
1293 1709 1461 1794 invaserunt,
1487 1722 1613 1770 uec-tam
1635 1714 1702 1770 Pau·

415 1797 503 1855 aonias
526 1813 607 1870 quam
631 1795 778 1854 Germaniae
801 1795 903 1852 bellum
924 1795 1097 1852 denunciant.
1141 1796 1241 1852 llultos
1263 1798 1315 1853 iam
1337 1814 1422 1853 annos
1437 1798 1626 1871 ilungarorum
1649 1799 1703 1853 vir·

416 1890 473 1938 tute
495 1880 635 1938 barbaries
657 1878 703 1935 illa
726 1890 768 1936 est
790 1897 804 1936 a
827 1881 931 1936 nostris
953 1879 1102 1937 cervicibus
1130 1881 1256 1955 depulsa:
1285 1899 1334 1937 nos
1364 1883 1479 1938 vicissim
1507 1883 1611 1938 nationi
1633 1882 1702 1939 bene

416 1967 519 2025 meritae
541 1964 726 2021 defensionem
749 1965 890 2027 debemus;
917 1964 1006 2021 llanes
1035 1966 1114 2021 etiam
1144 1966 1355 2022 fortissimorum
1377 1966 1510 2031 virorum,
1534 1967 1580 2040 qui
1602 1967 1630 2022 in
1646 1967 1703 2023 acie

383 2061 531 2127 taproptor
551 2064 721 2107 communem
743 2049 896 2106 libertatem
918 2041 1089 2113 cecideruut,
1113 2051 1249 2124 flagitant,
1275 2059 1304 2107 ut
1326 2068 1381 2108 suae
1396 2051 1491 2124 patriae
1505 2059 1625 2107 mutuam
1641 2070 1703 2126 gra·

416 2137 480 2192 tiam
503 2136 665 2196 referamus,
696 2152 849 2209 quanquam
877 2153 906 2190 re
929 2135 987 2208 ipsa
1010 2137 1176 2191 non-minus
1205 2136 1317 2210 periculi
1347 2135 1427 2191 nobis
1457 2153 1537 2209 qnam
1559 2136 1702 2210 llungariae

414 2221 562 2295 impendet.
896 2218 897 2222 ’
1317 2246 1319 2250 ·

491 2304 612 2379 ,Reliqua
635 2314 677 2360 est
699 2304 784 2361 altera
806 2322 869 2378 pars
891 2303 1110 2366 deliberationis,
1134 2308 1241 2378 quantis
1263 2307 1351 2379 copiis
1374 2323 1417 2362 res
1439 2306 1557 2379 gerenda
1579 2305 1623 2368 sit,
1647 2314 1734 2380 quot.

416 2392 443 2447 iu
466 2389 528 2447 loco
550 2388 651 2446 bellurn
675 2390 857 2453 inferendum,
882 2389 951 2445 uude
973 2399 1138 2446 commeatus
1161 2391 1211 2446 suli
1241 2391 1335 2446 fiendi.
1379 2391 1406 2446 Si
1430 2391 1510 2446 animi
1531 2408 1585 2446 non
1604 2389 1702 2447 abhor-

383 2484 478 2532 aorent
502 2474 535 2531 ab
558 2473 719 2536 bochello,
743 2474 800 2532 liaeo
821 2474 982 2530 deliberatio
1006 2473 1092 2531 facilis
1114 2475 1179 2529 erit:
1239 2493 1263 2530 m
1286 2493 1406 2530 summus
1428 2475 1566 2537 Pontifex,
1588 2475 1643 2531 llex
1658 2474 1704 2530 lli·

415 2560 517 2635 spaniae
539 2568 567 2616 et
589 2560 683 2615 Veneti
704 2558 817 2615 classem
849 2561 984 2624 instruent
1013 2568 1041 2614 et
1067 2561 1189 2614 civitates
1221 2561 1247 2614 in
1276 2559 1356 2615 litore
1386 2560 1458 2632 Epiri
1487 2569 1515 2615 et
1542 2558 1703 2633 Peloponesi

416 2647 484 2702 sitas
506 2646 647 2709 invadent;
677 2652 774 2700 noster
795 2646 930 2700 exereitus
952 2661 1013 2699 curn
1036 2644 1146 2700 Gallicis
1168 2653 1195 2699 et
1219 2645 1338 2717 duplicis
1367 2644 1474 2700 auxiliis
1501 2646 1528 2699 in
1550 2642 1703 2700 P'aunonias

415 2731 557 2788 ducendus
579 2730 648 2786 erit:
671 2746 733 2785 nam
756 2730 817 2785 ideo
841 2747 1033 2803 properamus,
1065 2739 1095 2784 nt
1122 2730 1174 2786 lroc
1196 2747 1310 2802 regnum
1334 2730 1448 2786 Tureico
1470 2728 1615 2785 latrocinio
1638 2728 1703 2785 libe·

417 2825 507 2872 retur:
533 2815 594 2871 inde
617 2816 643 2870 in
659 2813 795 2889 lllyrieunr
812 2815 954 2870 transferri
971 2813 1069 2870 bellum
1086 2815 1137 2870 erit
1153 2815 1408 2871 cornmodissinrum.
1452 2813 1606 2869 l'ormularn
1623 2815 1703 2869 etiam

385 2912 558 2974 aspropono,
581 2908 712 2974 quantum
740 2900 874 2973 pecuniae,
905 2908 1033 2973 quantrnn
1062 2901 1184 2972 equitnm
1216 2917 1246 2955 ac
1276 2900 1396 2973 pediturn
1426 2897 1543 2972 singulis
1571 2899 1704 2972 Prirrcipi-

417 2985 469 3041 bus
498 2985 648 3042 Gennaniae
676 2985 860 3059 imperandum
889 3001 949 3040 esse
982 2994 1083 3058 putem.
1133 2987 1305 3040 Commeatus
1340 2993 1369 3039 ut
1398 2984 1520 3039 llanubio
1554 2984 1704 3040 convehan-

417 3079 477 3133 tuu,
500 3088 516 3125 a
538 3087 582 3126 me
604 3078 679 3126 certe
702 3069 898 3143 providebitur.
943 3068 1032 3137 Quare
1054 3070 1095 3130 si,
1119 3080 1149 3125 nt
1173 3087 1268 3143 sporo.
1292 3068 1468 3125 bochellum
1491 3069 1635 3142 expetitis,
1658 3068 1704 3124 de·

417 3154 607 3212 liberationem
631 3156 668 3211 ita
691 3155 855 3216 instituetis,
884 3163 915 3210 ιιι
942 3154 974 3209 de
1003 3154 1119 3210 formula
1149 3155 1220 3210 inter
1247 3172 1295 3210 ros
1321 3155 1476 3211 conveniat:
1507 3171 1567 3209 nam
1591 3163 1705 3226 propter

417 3241 486 3297 banc
508 3241 645 3315 praecipue
668 3241 711 3296 hic
733 3249 881 3297 conventus
905 3240 1021 3295 indictus
1044 3248 1094 3294 est.
1139 3239 1196 3295 Non
1220 3247 1343 3302 sumtus,
1366 3257 1421 3294 nou
1443 3238 1565 3301 labores,
1588 3255 1643 3294 uon
1658 3255 1705 3312 pe·

385 3325 504 3382 auricula
532 3325 733 3387 detrectabitis,
763 3326 785 3379 si
815 3326 940 3380 statuetis
963 3325 1017 3381 lleo
1047 3342 1096 3381 vus
1119 3324 1171 3380 boo
1193 3311 1311 3380 officium
1334 3324 1446 3386 debere,
1476 3331 1507 3378 ut
1529 3323 1581 3379 boc
1603 3322 1704 3378 bollum

417 3428 523 3467 summo
546 3410 637 3466 stbdio
660 3410 824 3483 suscipiatis.
868 3409 992 3465 Christus
1016 3410 1041 3464 iu
1065 3419 1186 3465 extremo
1211 3410 1310 3465 iudicio
1340 3411 1472 3464 rationem
1504 3426 1518 3463 a
1546 3408 1626 3472 nobis
1656 3425 1705 3481 po·

418 3504 490 3557 scet,
514 3495 537 3550 si
561 3513 620 3551 cum
643 3495 751 3568 lmperii
774 3512 878 3551 summa
901 3495 1021 3567 dignitas
1044 3496 1080 3550 sit
1103 3495 1173 3569 apud
1197 3512 1262 3558 nos,
1291 3495 1448 3551 deseremus
1475 3503 1589 3549 caeteras
1618 3493 1706 3547 natio·

419 3597 480 3642 nes,
503 3581 526 3636 si
551 3597 604 3636 non
628 3578 807 3654 suscipiemus
822 3581 1008 3636 defensionem
1024 3580 1183 3635 Clrristianae
1207 3579 1372 3653 reipublicae.
1417 3578 1541 3634 Hostium
1564 3579 1635 3633 vires
1650 3594 1704 3633 uon

418 3666 576 3722 extenuari:
604 3674 697 3720 errant
725 3666 796 3720 enim
823 3665 846 3720 si
869 3666 915 3738 qui
939 3673 1035 3738 putant
1060 3666 1161 3721 furcas
1189 3673 1236 3721 aut
1264 3666 1375 3737 ignavos
1403 3674 1450 3721 aut
1478 3661 1601 3720 imbelles
1631 3679 1705 3726 esse;

386 3759 464 3807 sstot
486 3750 607 3807 victoriae
630 3749 747 3806 indicant
775 3752 815 3806 eis
843 3767 893 3805 nec
922 3750 1130 3806 scientiamroi
1154 3750 1279 3826 militaris
1308 3767 1357 3807 nec
1386 3750 1574 3805 fortitudinem
1602 3749 1706 3803 deesse.

418 3835 552 3911 polliceor
575 3843 664 3891 tamen
687 3834 779 3891 laetum
801 3834 864 3890 belli
888 3836 1003 3895 exitum,
1027 3836 1089 3907 quia
1113 3836 1181 3890 fleus
1204 3837 1274 3891 tave
1297 3837 1377 3891 iustis
1400 3843 1427 3890 et
1449 3835 1502 3907 piis
1523 3832 1654 3894 consiliis,
1677 3850 1707 3888 ac

417 3931 521 3976 certum
537 3929 587 3982 est
608 3937 684 3976 suam
706 3929 928 3976 conservaturum
950 3909 1112 3975 Ecclesiam:
1143 3928 1231 3977 serrat
1253 3929 1342 3976 autern
1364 3937 1418 3976 non
1442 3919 1562 3980 ociosos.
1593 3918 1639 3974 sed
1669 3918 1707 3973 la·

418 4007 520 4062 cientes
544 4005 662 4062 officium
685 4013 714 4060 et
735 4006 807 4061 serio
830 4022 909 4078 opem
932 4006 991 4061 eius
1014 4012 1097 4078 atque
1120 4004 1250 4060 auxilium
1275 4005 1460 4080 implorantes.
1484 4021 1534 4060 nec
1556 4002 1707 4059 multitudi-

421 4107 482 4147 nem
504 4090 624 4147 bostium
646 4107 697 4148 neo
718 4091 789 4146 vires
812 4090 1048 4164 pertimescemus,
1072 4091 1118 4145 sed
1142 4099 1173 4145 ut
1194 4090 1274 4145 docet
1296 4107 1346 4144 nos
1369 4089 1499 4150 Psalmns,
1523 4087 1573 4144 ‘llli
1596 4089 1623 4143 in
1645 4104 1707 4143 cur·

390 4175 497 4231 mribus
517 4183 546 4231 et
569 4177 597 4231 in
619 4177 713 4249 equis,
736 4192 786 4231 nos
809 4184 898 4231 antem
921 4176 1080 4231 innomine
1104 4176 1147 4231 llei
1171 4175 1260 4231 nostri
1283 4175 1380 4246 omnia·
1395 4174 1541 4248 gererrrusff

549 4290 560 4316 b

464 4509 599 4576 [θεωρίαι
610 4509 720 4561 Sabinus
737 4514 808 4576 apud
819 4512 942 4562 Reusaer.
955 4517 972 4563 t.
985 4530 1007 4562 c.
1019 4530 1047 4577 p.
1055 4492 1162 4578 dbsqq.
1175 4513 1288 4560 orationi
1301 4511 1429 4559 weoreoe
1446 4511 1501 4560 hoee
1510 4510 1635 4574 premisit
1641 4505 1659 4573 :]

421 4628 572 4665 ....auuo
584 4612 761 4664 mnxvffl.
776 4619 939 4664 conventum
951 4614 1083 4680 Augustae
1101 4613 1213 4663 indixit:
1233 4612 1262 4661 iu
1280 4627 1332 4677 quo
1351 4616 1489 4661 conventu
1508 4626 1569 4661 eum
1587 4611 1621 4660 de
1634 4610 1707 4661 omni

421 4699 526 4749 ratione
543 4698 671 4749 movendi
688 4697 755 4748 belli
774 4698 905 4748 adversus
923 4698 1028 4749 'fureas
1048 4704 1122 4749 esset
1139 4714 1200 4748 cum
1219 4697 1391 4747 Germanicis
1409 4697 1580 4763 principibus
1603 4696 1707 4746 delibe-

420 4788 541 4845 raturus,
561 4782 669 4834 curavit
684 4787 717 4832 ut
734 4798 766 4832 eo
784 4783 913 4834 venirent
931 4783 1014 4834 etiam
1026 4784 1143 4834 Romani
1155 4783 1299 4834 Pontificio
1317 4787 1345 4832 et
1363 4782 1481 4832 omnium
1492 4782 1599 4846 Regum
1610 4780 1706 4846 legati,

419 4875 450 4918 ut
466 4867 587 4933 intelligi
604 4873 699 4932 posset
716 4872 833 4918 oaeteros
851 4884 931 4933 reges
949 4883 1004 4917 nou
1022 4867 1163 4918 defuturos
1176 4884 1236 4919 esse
1249 4868 1384 4919 communi
1399 4881 1514 4916 caussae.
1543 4865 1640 4915 Multis
1652 4863 1711 4933 iarn¹

421 4970 622 4981 *-

485 4997 656 5089 ¹⁰dubitant
669 5040 692 5090 1.
726 5035 748 5070 ²¹
765 5037 857 5088 littore
872 5042 894 5091 1.
912 5039 998 5104 Epyri
1017 5040 1069 5089 1.2.
1105 5036 1128 5069 ¹⁸
1146 5043 1236 5088 atatem
1249 5044 1279 5087 nt
1292 5041 1316 5086 2.
1352 5035 1374 5067 ³⁹
1392 5035 1494 5086 Psalm.
1507 5035 1580 5086 XIX.
1593 5033 1619 5087 8.
