<?xml version="1.0" encoding="UTF-8"?>
<!DOCTYPE html PUBLIC "-//W3C//DTD XHTML 1.0 Transitional//EN"
    "http://www.w3.org/TR/xhtml1/DTD/xhtml1-transitional.dtd">
<html xmlns="http://www.w3.org/1999/xhtml" xml:lang="en" lang="en">
 <head>
  <title>
</title>
<meta http-equiv="Content-Type" content="text/html;charset=utf-8" />
  <meta name='ocr-system' content='tesseract 3.04.00' />
  <meta name='ocr-capabilities' content='ocr_page ocr_carea ocr_par ocr_line ocrx_word'/>
</head>
<body>
  <div class='ocr_page' id='page_1' title='image "./ulrichihuttenie01huttgoog/ulrichihuttenie01huttgoog_0072.png"; bbox 0 0 4300 6059; ppageno 0'>
   <div class='ocr_carea' id='block_1_1' title="bbox 522 654 1665 722">
    <p class='ocr_par' dir='ltr' id='par_1_1' title="bbox 522 654 1665 722">
     <span class='ocr_line' id='line_1_1' title="bbox 522 654 1665 722; baseline 0 -4"><span class='ocrx_word' id='word_1_1' title='bbox 522 654 568 722; x_wconf 75' lang='lat' dir='ltr'>llll</span> <span class='ocrx_word' id='word_1_2' title='bbox 654 683 775 718; x_wconf 75' lang='lat' dir='ltr'>uvrrcur</span> <span class='ocrx_word' id='word_1_3' title='bbox 796 683 824 716; x_wconf 81' lang='lat' dir='ltr'>m</span> <span class='ocrx_word' id='word_1_4' title='bbox 844 683 934 717; x_wconf 85' lang='lat' dir='ltr'>nvccu</span> <span class='ocrx_word' id='word_1_5' title='bbox 953 683 1229 717; x_wconf 77' lang='lat' dir='ltr'>vvvuvcurcuosuauu</span> <span class='ocrx_word' id='word_1_6' title='bbox 1250 683 1351 718; x_wconf 76' lang='lat' dir='ltr'>enarro</span> <span class='ocrx_word' id='word_1_7' title='bbox 1371 683 1427 716; x_wconf 81' lang='lat'>1111.</span> <span class='ocrx_word' id='word_1_8' title='bbox 1446 683 1474 717; x_wconf 74' lang='lat' dir='ltr'>ic.</span> <span class='ocrx_word' id='word_1_9' title='bbox 1488 681 1551 717; x_wconf 78' lang='lat' dir='ltr'>tvo.</span> <span class='ocrx_word' id='word_1_10' title='bbox 1566 683 1590 717; x_wconf 77' lang='lat' dir='ltr'>A.</span> <span class='ocrx_word' id='word_1_11' title='bbox 1608 677 1665 719; x_wconf 69' lang='lat' dir='ltr'>tati.</span> 
     </span>
    </p>
   </div>
   <div class='ocr_carea' id='block_1_2' title="bbox 451 824 1881 4685">
    <p class='ocr_par' dir='ltr' id='par_1_2' title="bbox 451 824 1881 4685">
     <span class='ocr_line' id='line_1_2' title="bbox 520 824 1800 916; baseline -0.001 -19"><span class='ocrx_word' id='word_1_12' title='bbox 520 839 635 907; x_wconf 82' lang='lat' dir='ltr'>docuit3</span> <span class='ocrx_word' id='word_1_13' title='bbox 659 845 689 899; x_wconf 94' lang='lat' dir='ltr'>tu</span> <span class='ocrx_word' id='word_1_14' title='bbox 712 856 781 898; x_wconf 89' lang='lat' dir='ltr'>vero</span> <span class='ocrx_word' id='word_1_15' title='bbox 806 855 892 916; x_wconf 84' lang='lat' dir='ltr'>qiiam</span> <span class='ocrx_word' id='word_1_16' title='bbox 916 856 1009 896; x_wconf 82' lang='lat' dir='ltr'>caecus</span> <span class='ocrx_word' id='word_1_17' title='bbox 1032 824 1079 915; x_wconf 73' lang='lat' dir='ltr'>qui</span> <span class='ocrx_word' id='word_1_18' title='bbox 1105 856 1160 896; x_wconf 86' lang='lat' dir='ltr'>ium</span> <span class='ocrx_word' id='word_1_19' title='bbox 1185 837 1262 897; x_wconf 89' lang='lat' dir='ltr'>vides</span> <span class='ocrx_word' id='word_1_20' title='bbox 1290 837 1408 897; x_wconf 92' lang='lat' dir='ltr'>omniuo</span> <span class='ocrx_word' id='word_1_21' title='bbox 1431 837 1597 915; x_wconf 80' lang='lat' dir='ltr'>discrepare</span> <span class='ocrx_word' id='word_1_22' title='bbox 1622 839 1683 902; x_wconf 70' lang='lat' dir='ltr'>iaec</span> <span class='ocrx_word' id='word_1_23' title='bbox 1706 846 1734 898; x_wconf 87' lang='lat' dir='ltr'>et</span> <span class='ocrx_word' id='word_1_24' title='bbox 1757 837 1800 897; x_wconf 86' lang='lat' dir='ltr'>vel</span> 
     </span>
     <span class='ocr_line' id='line_1_3' title="bbox 520 938 1797 1019; baseline -0.002 -18"><span class='ocrx_word' id='word_1_25' title='bbox 520 959 579 1001; x_wconf 92' lang='lat' dir='ltr'>uno</span> <span class='ocrx_word' id='word_1_26' title='bbox 602 940 778 1000; x_wconf 87' lang='lat' dir='ltr'>defensionis</span> <span class='ocrx_word' id='word_1_27' title='bbox 807 940 893 999; x_wconf 77' lang='lat' dir='ltr'>locrius</span> <span class='ocrx_word' id='word_1_28' title='bbox 920 939 1053 998; x_wconf 89' lang='lat' dir='ltr'>membro</span> <span class='ocrx_word' id='word_1_29' title='bbox 1082 940 1255 1016; x_wconf 80' lang='lat' dir='ltr'>flagitiosum</span> <span class='ocrx_word' id='word_1_30' title='bbox 1285 946 1365 999; x_wconf 84' lang='lat' dir='ltr'>trium</span> <span class='ocrx_word' id='word_1_31' title='bbox 1394 938 1587 999; x_wconf 84' lang='lat' dir='ltr'>mendacium</span> <span class='ocrx_word' id='word_1_32' title='bbox 1605 939 1797 1019; x_wconf 74' lang='lat' dir='ltr'>deprehendi.</span> 
     </span>
     <span class='ocr_line' id='line_1_4' title="bbox 452 1040 1799 1125; baseline 0 -25"><span class='ocrx_word' id='word_1_33' title='bbox 452 1043 578 1102; x_wconf 74' lang='lat' dir='ltr'>tat-Sed</span> <span class='ocrx_word' id='word_1_34' title='bbox 601 1043 637 1102; x_wconf 91' lang='lat' dir='ltr'>de</span> <span class='ocrx_word' id='word_1_35' title='bbox 660 1042 706 1102; x_wconf 93' lang='lat' dir='ltr'>iffa</span> <span class='ocrx_word' id='word_1_36' title='bbox 728 1041 865 1108; x_wconf 91' lang='lat' dir='ltr'>muliere,</span> <span class='ocrx_word' id='word_1_37' title='bbox 890 1042 956 1125; x_wconf 88' lang='lat' dir='ltr'>qnia</span> <span class='ocrx_word' id='word_1_38' title='bbox 977 1047 1006 1100; x_wconf 91' lang='lat' dir='ltr'>te</span> <span class='ocrx_word' id='word_1_39' title='bbox 1028 1040 1151 1102; x_wconf 79' lang='lat' dir='ltr'>authore</span> <span class='ocrx_word' id='word_1_40' title='bbox 1173 1042 1287 1119; x_wconf 89' lang='lat' dir='ltr'>prodita</span> <span class='ocrx_word' id='word_1_41' title='bbox 1311 1060 1358 1101; x_wconf 89' lang='lat' dir='ltr'>res</span> <span class='ocrx_word' id='word_1_42' title='bbox 1380 1048 1438 1109; x_wconf 91' lang='lat' dir='ltr'>est,</span> <span class='ocrx_word' id='word_1_43' title='bbox 1462 1043 1499 1101; x_wconf 93' lang='lat' dir='ltr'>ita</span> <span class='ocrx_word' id='word_1_44' title='bbox 1522 1048 1554 1102; x_wconf 91' lang='lat' dir='ltr'>ut</span> <span class='ocrx_word' id='word_1_45' title='bbox 1576 1061 1640 1121; x_wconf 73' lang='lat' dir='ltr'>quaa</span> <span class='ocrx_word' id='word_1_46' title='bbox 1663 1043 1691 1101; x_wconf 91' lang='lat' dir='ltr'>iu</span> <span class='ocrx_word' id='word_1_47' title='bbox 1707 1043 1799 1120; x_wconf 84' lang='lat' dir='ltr'>ipsam</span> 
     </span>
     <span class='ocr_line' id='line_1_5' title="bbox 520 1140 1799 1223; baseline -0.001 -19"><span class='ocrx_word' id='word_1_48' title='bbox 520 1144 603 1223; x_wconf 92' lang='lat' dir='ltr'>culpa</span> <span class='ocrx_word' id='word_1_49' title='bbox 627 1144 717 1213; x_wconf 92' lang='lat' dir='ltr'>cadit,</span> <span class='ocrx_word' id='word_1_50' title='bbox 741 1145 814 1203; x_wconf 87' lang='lat' dir='ltr'>citra</span> <span class='ocrx_word' id='word_1_51' title='bbox 836 1143 944 1202; x_wconf 91' lang='lat' dir='ltr'>mortui</span> <span class='ocrx_word' id='word_1_52' title='bbox 967 1141 1042 1202; x_wconf 90' lang='lat' dir='ltr'>illius</span> <span class='ocrx_word' id='word_1_53' title='bbox 1064 1143 1198 1203; x_wconf 90' lang='lat' dir='ltr'>iniuriam</span> <span class='ocrx_word' id='word_1_54' title='bbox 1221 1144 1310 1204; x_wconf 89' lang='lat' dir='ltr'>taceri</span> <span class='ocrx_word' id='word_1_55' title='bbox 1333 1160 1391 1202; x_wconf 91' lang='lat' dir='ltr'>non</span> <span class='ocrx_word' id='word_1_56' title='bbox 1419 1145 1524 1221; x_wconf 86' lang='lat' dir='ltr'>possit,</span> <span class='ocrx_word' id='word_1_57' title='bbox 1555 1162 1621 1203; x_wconf 90' lang='lat' dir='ltr'>eum</span> <span class='ocrx_word' id='word_1_58' title='bbox 1653 1144 1734 1220; x_wconf 78' lang='lat' dir='ltr'>prim</span> <span class='ocrx_word' id='word_1_59' title='bbox 1761 1140 1799 1203; x_wconf 90' lang='lat' dir='ltr'>ob</span> 
     </span>
     <span class='ocr_line' id='line_1_6' title="bbox 500 1233 1824 1322; baseline -0.004 -16"><span class='ocrx_word' id='word_1_60' title='bbox 500 1233 501 1237; x_wconf 25' lang='lat'>¹</span> <span class='ocrx_word' id='word_1_61' title='bbox 519 1246 710 1306; x_wconf 89' lang='lat' dir='ltr'>reverentiam</span> <span class='ocrx_word' id='word_1_62' title='bbox 734 1246 803 1313; x_wconf 83' lang='lat' dir='ltr'>eius</span> <span class='ocrx_word' id='word_1_63' title='bbox 817 1263 904 1305; x_wconf 84' lang='lat' dir='ltr'>sexus</span> <span class='ocrx_word' id='word_1_64' title='bbox 925 1248 1023 1304; x_wconf 82' lang='lat' dir='ltr'>tacere</span> <span class='ocrx_word' id='word_1_65' title='bbox 1045 1246 1224 1315; x_wconf 77' lang='lat' dir='ltr'>statuissem,</span> <span class='ocrx_word' id='word_1_66' title='bbox 1248 1245 1340 1305; x_wconf 89' lang='lat' dir='ltr'>dicam</span> <span class='ocrx_word' id='word_1_67' title='bbox 1357 1252 1389 1305; x_wconf 89' lang='lat' dir='ltr'>ut</span> <span class='ocrx_word' id='word_1_68' title='bbox 1404 1252 1456 1305; x_wconf 81' lang='lat' dir='ltr'>est.</span> <span class='ocrx_word' id='word_1_69' title='bbox 1493 1245 1530 1305; x_wconf 85' lang='lat' dir='ltr'>Et</span> <span class='ocrx_word' id='word_1_70' title='bbox 1544 1264 1645 1306; x_wconf 89' lang='lat' dir='ltr'>verum</span> <span class='ocrx_word' id='word_1_71' title='bbox 1662 1246 1706 1304; x_wconf 91' lang='lat' dir='ltr'>aio</span> <span class='ocrx_word' id='word_1_72' title='bbox 1722 1244 1824 1322; x_wconf 78' lang='lat' dir='ltr'>quoda</span> 
     </span>
     <span class='ocr_line' id='line_1_7' title="bbox 520 1346 1801 1426; baseline -0.002 -19"><span class='ocrx_word' id='word_1_73' title='bbox 520 1366 602 1407; x_wconf 90' lang='lat' dir='ltr'>meus</span> <span class='ocrx_word' id='word_1_74' title='bbox 625 1347 806 1426; x_wconf 89' lang='lat' dir='ltr'>propinquus</span> <span class='ocrx_word' id='word_1_75' title='bbox 829 1347 864 1406; x_wconf 92' lang='lat' dir='ltr'>de</span> <span class='ocrx_word' id='word_1_76' title='bbox 886 1353 934 1406; x_wconf 90' lang='lat' dir='ltr'>tua</span> <span class='ocrx_word' id='word_1_77' title='bbox 957 1346 1077 1406; x_wconf 87' lang='lat' dir='ltr'>libidine</span> <span class='ocrx_word' id='word_1_78' title='bbox 1100 1354 1219 1424; x_wconf 89' lang='lat' dir='ltr'>questus</span> <span class='ocrx_word' id='word_1_79' title='bbox 1241 1346 1325 1407; x_wconf 90' lang='lat' dir='ltr'>nohis</span> <span class='ocrx_word' id='word_1_80' title='bbox 1348 1354 1405 1416; x_wconf 90' lang='lat' dir='ltr'>ost,</span> <span class='ocrx_word' id='word_1_81' title='bbox 1428 1354 1515 1425; x_wconf 87' lang='lat' dir='ltr'>teque</span> <span class='ocrx_word' id='word_1_82' title='bbox 1538 1348 1628 1426; x_wconf 89' lang='lat' dir='ltr'>ipsius</span> <span class='ocrx_word' id='word_1_83' title='bbox 1650 1347 1734 1406; x_wconf 84' lang='lat' dir='ltr'>uxori</span> <span class='ocrx_word' id='word_1_84' title='bbox 1758 1348 1801 1406; x_wconf 92' lang='lat' dir='ltr'>in·</span> 
     </span>
     <span class='ocr_line' id='line_1_8' title="bbox 515 1435 1800 1527; baseline -0.002 -19"><span class='ocrx_word' id='word_1_85' title='bbox 515 1450 655 1510; x_wconf 83' lang='lat' dir='ltr'>sidiatum</span> <span class='ocrx_word' id='word_1_86' title='bbox 677 1467 792 1518; x_wconf 89' lang='lat' dir='ltr'>assero,</span> <span class='ocrx_word' id='word_1_87' title='bbox 818 1451 938 1527; x_wconf 89' lang='lat' dir='ltr'>eiusque</span> <span class='ocrx_word' id='word_1_88' title='bbox 960 1435 1128 1526; x_wconf 86' lang='lat' dir='ltr'>pudicitiam</span> <span class='ocrx_word' id='word_1_89' title='bbox 1152 1466 1240 1526; x_wconf 83' lang='lat' dir='ltr'>prece</span> <span class='ocrx_word' id='word_1_90' title='bbox 1263 1468 1296 1507; x_wconf 89' lang='lat' dir='ltr'>ae</span> <span class='ocrx_word' id='word_1_91' title='bbox 1319 1450 1413 1526; x_wconf 89' lang='lat' dir='ltr'>pretio</span> <span class='ocrx_word' id='word_1_92' title='bbox 1435 1447 1591 1526; x_wconf 88' lang='lat' dir='ltr'>aliqnando</span> <span class='ocrx_word' id='word_1_93' title='bbox 1606 1465 1800 1527; x_wconf 83' lang='lat' dir='ltr'>oppugnasse,</span> 
     </span>
     <span class='ocr_line' id='line_1_9' title="bbox 521 1549 1801 1631; baseline -0.002 -19"><span class='ocrx_word' id='word_1_94' title='bbox 521 1551 625 1614; x_wconf 87' lang='lat' dir='ltr'>deinde</span> <span class='ocrx_word' id='word_1_95' title='bbox 647 1549 717 1611; x_wconf 90' lang='lat' dir='ltr'>illud</span> <span class='ocrx_word' id='word_1_96' title='bbox 740 1550 913 1618; x_wconf 79' lang='lat' dir='ltr'>obtinuisse,</span> <span class='ocrx_word' id='word_1_97' title='bbox 936 1556 967 1610; x_wconf 91' lang='lat' dir='ltr'>ut</span> <span class='ocrx_word' id='word_1_98' title='bbox 991 1552 1019 1610; x_wconf 90' lang='lat' dir='ltr'>iu</span> <span class='ocrx_word' id='word_1_99' title='bbox 1043 1559 1123 1610; x_wconf 91' lang='lat' dir='ltr'>tuam</span> <span class='ocrx_word' id='word_1_100' title='bbox 1146 1549 1193 1610; x_wconf 92' lang='lat' dir='ltr'>ilfa</span> <span class='ocrx_word' id='word_1_101' title='bbox 1217 1550 1404 1628; x_wconf 81' lang='lat' dir='ltr'>cupiditatem</span> <span class='ocrx_word' id='word_1_102' title='bbox 1427 1552 1621 1620; x_wconf 87' lang='lat' dir='ltr'>consenserit,</span> <span class='ocrx_word' id='word_1_103' title='bbox 1643 1568 1801 1631; x_wconf 27' lang='lat' dir='ltr'>‘unumque</span> 
     </span>
     <span class='ocr_line' id='line_1_10' title="bbox 452 1647 1802 1741; baseline -0.002 -28"><span class='ocrx_word' id='word_1_104' title='bbox 452 1653 665 1715; x_wconf 72' lang='lat' dir='ltr'>§.ascendisse</span> <span class='ocrx_word' id='word_1_105' title='bbox 687 1652 784 1721; x_wconf 86' lang='lat' dir='ltr'>vohis,</span> <span class='ocrx_word' id='word_1_106' title='bbox 808 1652 884 1730; x_wconf 88' lang='lat' dir='ltr'>quod</span> <span class='ocrx_word' id='word_1_107' title='bbox 908 1671 961 1730; x_wconf 88' lang='lat' dir='ltr'>per</span> <span class='ocrx_word' id='word_1_108' title='bbox 983 1651 1064 1713; x_wconf 91' lang='lat' dir='ltr'>iilum</span> <span class='ocrx_word' id='word_1_109' title='bbox 1087 1652 1226 1741; x_wconf 76' lang='lat' dir='ltr'>cpngredi</span> <span class='ocrx_word' id='word_1_110' title='bbox 1248 1669 1308 1712; x_wconf 91' lang='lat' dir='ltr'>non</span> <span class='ocrx_word' id='word_1_111' title='bbox 1331 1651 1444 1721; x_wconf 87' lang='lat' dir='ltr'>ficeret;</span> <span class='ocrx_word' id='word_1_112' title='bbox 1474 1647 1560 1731; x_wconf 88' lang='lat' dir='ltr'>quem</span> <span class='ocrx_word' id='word_1_113' title='bbox 1583 1671 1649 1712; x_wconf 90' lang='lat' dir='ltr'>cum</span> <span class='ocrx_word' id='word_1_114' title='bbox 1673 1651 1802 1713; x_wconf 88' lang='lat' dir='ltr'>animad-</span> 
     </span>
     <span class='ocr_line' id='line_1_11' title="bbox 520 1752 1835 1835; baseline -0.005 -21"><span class='ocrx_word' id='word_1_115' title='bbox 520 1756 654 1816; x_wconf 89' lang='lat' dir='ltr'>vertisses</span> <span class='ocrx_word' id='word_1_116' title='bbox 682 1755 831 1816; x_wconf 84' lang='lat' dir='ltr'>custodem</span> <span class='ocrx_word' id='word_1_117' title='bbox 860 1752 1071 1830; x_wconf 79' lang='lat' dir='ltr'>vigilantiorem</span> <span class='ocrx_word' id='word_1_118' title='bbox 1100 1773 1134 1814; x_wconf 95' lang='lat' dir='ltr'>ac</span> <span class='ocrx_word' id='word_1_119' title='bbox 1163 1756 1322 1814; x_wconf 82' lang='lat' dir='ltr'>cautiorem</span> <span class='ocrx_word' id='word_1_120' title='bbox 1351 1771 1439 1832; x_wconf 91' lang='lat' dir='ltr'>quam</span> <span class='ocrx_word' id='word_1_121' title='bbox 1474 1754 1520 1814; x_wconf 91' lang='lat' dir='ltr'>cui</span> <span class='ocrx_word' id='word_1_122' title='bbox 1548 1762 1579 1835; x_wconf 83' lang='lat' dir='ltr'>tu</span> <span class='ocrx_word' id='word_1_123' title='bbox 1608 1752 1694 1814; x_wconf 90' lang='lat' dir='ltr'>verba</span> <span class='ocrx_word' id='word_1_124' title='bbox 1731 1753 1835 1834; x_wconf 85' lang='lat' dir='ltr'>darem</span> 
     </span>
     <span class='ocr_line' id='line_1_12' title="bbox 518 1856 1801 1935; baseline -0.001 -19"><span class='ocrx_word' id='word_1_125' title='bbox 518 1875 635 1935; x_wconf 90' lang='lat' dir='ltr'>posses,</span> <span class='ocrx_word' id='word_1_126' title='bbox 659 1876 712 1918; x_wconf 86' lang='lat' dir='ltr'>uec</span> <span class='ocrx_word' id='word_1_127' title='bbox 734 1863 830 1918; x_wconf 91' lang='lat' dir='ltr'>tamen</span> <span class='ocrx_word' id='word_1_128' title='bbox 855 1857 986 1916; x_wconf 82' lang='lat' dir='ltr'>vinceres</span> <span class='ocrx_word' id='word_1_129' title='bbox 1015 1856 1202 1933; x_wconf 84' lang='lat' dir='ltr'>cupiditatem</span> <span class='ocrx_word' id='word_1_130' title='bbox 1231 1864 1323 1925; x_wconf 82' lang='lat' dir='ltr'>tvmm,</span> <span class='ocrx_word' id='word_1_131' title='bbox 1354 1858 1480 1935; x_wconf 85' lang='lat' dir='ltr'>nequitia</span> <span class='ocrx_word' id='word_1_132' title='bbox 1510 1864 1650 1927; x_wconf 78' lang='lat' dir='ltr'>aestuans,</span> <span class='ocrx_word' id='word_1_133' title='bbox 1682 1856 1801 1917; x_wconf 83' lang='lat' dir='ltr'>libidine</span> 
     </span>
     <span class='ocr_line' id='line_1_13' title="bbox 519 1957 1801 2035; baseline -0.003 -15"><span class='ocrx_word' id='word_1_134' title='bbox 519 1959 729 2028; x_wconf 90' lang='lat' dir='ltr'>inflammatus,</span> <span class='ocrx_word' id='word_1_135' title='bbox 753 1976 852 2018; x_wconf 89' lang='lat' dir='ltr'>amore</span> <span class='ocrx_word' id='word_1_136' title='bbox 875 1957 1006 2035; x_wconf 91' lang='lat' dir='ltr'>perditus</span> <span class='ocrx_word' id='word_1_137' title='bbox 1028 1958 1064 2018; x_wconf 88' lang='lat' dir='ltr'>ad</span> <span class='ocrx_word' id='word_1_138' title='bbox 1088 1957 1240 2018; x_wconf 88' lang='lat' dir='ltr'>consilium</span> <span class='ocrx_word' id='word_1_139' title='bbox 1264 1977 1365 2020; x_wconf 88' lang='lat' dir='ltr'>versus</span> <span class='ocrx_word' id='word_1_140' title='bbox 1394 1978 1425 2019; x_wconf 90' lang='lat' dir='ltr'>es</span> <span class='ocrx_word' id='word_1_141' title='bbox 1454 1977 1558 2018; x_wconf 92' lang='lat' dir='ltr'>novum</span> <span class='ocrx_word' id='word_1_142' title='bbox 1583 1978 1616 2018; x_wconf 92' lang='lat' dir='ltr'>ac</span> <span class='ocrx_word' id='word_1_143' title='bbox 1640 1959 1801 2019; x_wconf 89' lang='lat' dir='ltr'>inauditum</span> 
     </span>
     <span class='ocr_line' id='line_1_14' title="bbox 521 2048 1804 2147; baseline -0.003 -25"><span class='ocrx_word' id='word_1_144' title='bbox 521 2067 549 2122; x_wconf 89' lang='lat' dir='ltr'>et</span> <span class='ocrx_word' id='word_1_145' title='bbox 571 2061 648 2141; x_wconf 90' lang='lat' dir='ltr'>quod</span> <span class='ocrx_word' id='word_1_146' title='bbox 672 2059 777 2120; x_wconf 86' lang='lat' dir='ltr'>uirilius</span> <span class='ocrx_word' id='word_1_147' title='bbox 800 2060 925 2147; x_wconf 89' lang='lat' dir='ltr'>bominis</span> <span class='ocrx_word' id='word_1_148' title='bbox 954 2060 1018 2136; x_wconf 89' lang='lat' dir='ltr'>(nisi</span> <span class='ocrx_word' id='word_1_149' title='bbox 1041 2060 1090 2138; x_wconf 87' lang='lat' dir='ltr'>qui</span> <span class='ocrx_word' id='word_1_150' title='bbox 1118 2066 1147 2119; x_wconf 90' lang='lat' dir='ltr'>te</span> <span class='ocrx_word' id='word_1_151' title='bbox 1176 2062 1261 2139; x_wconf 77' lang='lat' dir='ltr'>norit)</span> <span class='ocrx_word' id='word_1_152' title='bbox 1292 2060 1364 2119; x_wconf 85' lang='lat' dir='ltr'>fides</span> <span class='ocrx_word' id='word_1_153' title='bbox 1392 2062 1501 2140; x_wconf 88' lang='lat' dir='ltr'>capiat,</span> <span class='ocrx_word' id='word_1_154' title='bbox 1519 2048 1580 2121; x_wconf 55' lang='lat' dir='ltr'>&#39;tua</span> <span class='ocrx_word' id='word_1_155' title='bbox 1608 2068 1706 2121; x_wconf 89' lang='lat' dir='ltr'>tamen</span> <span class='ocrx_word' id='word_1_156' title='bbox 1735 2077 1804 2138; x_wconf 88' lang='lat' dir='ltr'>pro·</span> 
     </span>
     <span class='ocr_line' id='line_1_15' title="bbox 452 2160 1803 2241; baseline -0.002 -16"><span class='ocrx_word' id='word_1_157' title='bbox 452 2165 650 2225; x_wconf 81' lang='lat' dir='ltr'>tactervitate</span> <span class='ocrx_word' id='word_1_158' title='bbox 679 2180 736 2221; x_wconf 91' lang='lat' dir='ltr'>non</span> <span class='ocrx_word' id='word_1_159' title='bbox 768 2160 933 2237; x_wconf 81' lang='lat' dir='ltr'>indignum:</span> <span class='ocrx_word' id='word_1_160' title='bbox 965 2162 1073 2240; x_wconf 81' lang='lat' dir='ltr'>‹pcippe</span> <span class='ocrx_word' id='word_1_161' title='bbox 1102 2163 1138 2221; x_wconf 91' lang='lat' dir='ltr'>ad</span> <span class='ocrx_word' id='word_1_162' title='bbox 1167 2162 1257 2239; x_wconf 83' lang='lat' dir='ltr'>pedes</span> <span class='ocrx_word' id='word_1_163' title='bbox 1285 2163 1397 2222; x_wconf 91' lang='lat' dir='ltr'>iuvenis</span> <span class='ocrx_word' id='word_1_164' title='bbox 1429 2162 1581 2223; x_wconf 87' lang='lat' dir='ltr'>devolutus</span> <span class='ocrx_word' id='word_1_165' title='bbox 1617 2161 1803 2241; x_wconf 80' lang='lat' dir='ltr'>lachrymam</span> 
     </span>
     <span class='ocr_line' id='line_1_16' title="bbox 520 2262 1838 2339; baseline -0.001 -15"><span class='ocrx_word' id='word_1_166' title='bbox 520 2265 622 2333; x_wconf 86' lang='lat' dir='ltr'>orasti,</span> <span class='ocrx_word' id='word_1_167' title='bbox 646 2271 678 2324; x_wconf 92' lang='lat' dir='ltr'>ut</span> <span class='ocrx_word' id='word_1_168' title='bbox 699 2282 781 2323; x_wconf 91' lang='lat' dir='ltr'>suam</span> <span class='ocrx_word' id='word_1_169' title='bbox 802 2262 854 2323; x_wconf 90' lang='lat' dir='ltr'>tihi</span> <span class='ocrx_word' id='word_1_170' title='bbox 878 2280 1000 2322; x_wconf 78' lang='lat' dir='ltr'>visorem</span> <span class='ocrx_word' id='word_1_171' title='bbox 1023 2281 1122 2324; x_wconf 88' lang='lat' dir='ltr'>amare</span> <span class='ocrx_word' id='word_1_172' title='bbox 1145 2262 1255 2324; x_wconf 89' lang='lat' dir='ltr'>liceret.</span> <span class='ocrx_word' id='word_1_173' title='bbox 1292 2264 1360 2339; x_wconf 79' lang='lat' dir='ltr'>llaec</span> <span class='ocrx_word' id='word_1_174' title='bbox 1383 2272 1427 2324; x_wconf 91' lang='lat' dir='ltr'>est</span> <span class='ocrx_word' id='word_1_175' title='bbox 1449 2263 1495 2324; x_wconf 91' lang='lat' dir='ltr'>ilfa</span> <span class='ocrx_word' id='word_1_176' title='bbox 1519 2266 1607 2324; x_wconf 87' lang='lat' dir='ltr'>totius</span> <span class='ocrx_word' id='word_1_177' title='bbox 1629 2262 1735 2325; x_wconf 82' lang='lat' dir='ltr'>fabulae</span> <span class='ocrx_word' id='word_1_178' title='bbox 1753 2282 1801 2323; x_wconf 93' lang='lat' dir='ltr'>ca·</span> <span class='ocrx_word' id='word_1_179' title='bbox 1815 2283 1838 2324; x_wconf 77' lang='lat' dir='ltr'>m</span> 
     </span>
     <span class='ocr_line' id='line_1_17' title="bbox 519 2364 1802 2444; baseline 0.001 -19"><span class='ocrx_word' id='word_1_180' title='bbox 519 2366 684 2443; x_wconf 87' lang='lat' dir='ltr'>tastropbe;</span> <span class='ocrx_word' id='word_1_181' title='bbox 708 2365 769 2425; x_wconf 87' lang='lat' dir='ltr'>haec</span> <span class='ocrx_word' id='word_1_182' title='bbox 793 2364 840 2424; x_wconf 88' lang='lat' dir='ltr'>ilfa</span> <span class='ocrx_word' id='word_1_183' title='bbox 863 2364 987 2434; x_wconf 87' lang='lat' dir='ltr'>Helena,</span> <span class='ocrx_word' id='word_1_184' title='bbox 1011 2373 1242 2444; x_wconf 83' lang='lat' dir='ltr'>propterquam</span> <span class='ocrx_word' id='word_1_185' title='bbox 1265 2366 1341 2426; x_wconf 87' lang='lat' dir='ltr'>istud</span> <span class='ocrx_word' id='word_1_186' title='bbox 1365 2366 1521 2427; x_wconf 90' lang='lat' dir='ltr'>conflatum</span> <span class='ocrx_word' id='word_1_187' title='bbox 1538 2365 1722 2428; x_wconf 87' lang='lat' dir='ltr'>incendium:</span> <span class='ocrx_word' id='word_1_188' title='bbox 1746 2368 1802 2426; x_wconf 93' lang='lat' dir='ltr'>iam</span> 
     </span>
     <span class='ocr_line' id='line_1_18' title="bbox 521 2465 1803 2547; baseline -0.002 -19"><span class='ocrx_word' id='word_1_189' title='bbox 521 2468 598 2528; x_wconf 89' lang='lat' dir='ltr'>euim</span> <span class='ocrx_word' id='word_1_190' title='bbox 622 2469 687 2547; x_wconf 90' lang='lat' dir='ltr'>quia</span> <span class='ocrx_word' id='word_1_191' title='bbox 709 2474 741 2526; x_wconf 90' lang='lat' dir='ltr'>tu</span> <span class='ocrx_word' id='word_1_192' title='bbox 764 2468 860 2527; x_wconf 88' lang='lat' dir='ltr'>omnia</span> <span class='ocrx_word' id='word_1_193' title='bbox 883 2466 1004 2544; x_wconf 91' lang='lat' dir='ltr'>pudoris</span> <span class='ocrx_word' id='word_1_194' title='bbox 1026 2465 1151 2527; x_wconf 89' lang='lat' dir='ltr'>claustra</span> <span class='ocrx_word' id='word_1_195' title='bbox 1175 2467 1356 2544; x_wconf 79' lang='lat' dir='ltr'>perfregisti,</span> <span class='ocrx_word' id='word_1_196' title='bbox 1386 2469 1475 2529; x_wconf 87' lang='lat' dir='ltr'>taceri</span> <span class='ocrx_word' id='word_1_197' title='bbox 1503 2468 1559 2542; x_wconf 78' lang='lat' dir='ltr'>hnc</span> <span class='ocrx_word' id='word_1_198' title='bbox 1587 2486 1646 2538; x_wconf 90' lang='lat' dir='ltr'>non</span> <span class='ocrx_word' id='word_1_199' title='bbox 1669 2470 1803 2535; x_wconf 87' lang='lat' dir='ltr'>sustinet,</span> 
     </span>
     <span class='ocr_line' id='line_1_19' title="bbox 452 2568 1804 2649; baseline -0.001 -20"><span class='ocrx_word' id='word_1_200' title='bbox 452 2573 549 2631; x_wconf 72' lang='lat' dir='ltr'>§.ai.0t</span> <span class='ocrx_word' id='word_1_201' title='bbox 571 2577 666 2630; x_wconf 90' lang='lat' dir='ltr'>tecum</span> <span class='ocrx_word' id='word_1_202' title='bbox 689 2570 718 2628; x_wconf 90' lang='lat' dir='ltr'>in</span> <span class='ocrx_word' id='word_1_203' title='bbox 741 2575 874 2646; x_wconf 85' lang='lat' dir='ltr'>apertum</span> <span class='ocrx_word' id='word_1_204' title='bbox 898 2568 1149 2647; x_wconf 78' lang='lat' dir='ltr'>congrediendum</span> <span class='ocrx_word' id='word_1_205' title='bbox 1174 2576 1225 2628; x_wconf 89' lang='lat' dir='ltr'>est.</span> <span class='ocrx_word' id='word_1_206' title='bbox 1271 2570 1313 2629; x_wconf 77' lang='lat' dir='ltr'>dd</span> <span class='ocrx_word' id='word_1_207' title='bbox 1336 2570 1440 2648; x_wconf 89' lang='lat' dir='ltr'>pedes,</span> <span class='ocrx_word' id='word_1_208' title='bbox 1464 2572 1596 2649; x_wconf 85' lang='lat' dir='ltr'>iuquam,</span> <span class='ocrx_word' id='word_1_209' title='bbox 1619 2568 1696 2631; x_wconf 91' lang='lat' dir='ltr'>illius</span> <span class='ocrx_word' id='word_1_210' title='bbox 1717 2569 1804 2629; x_wconf 91' lang='lat' dir='ltr'>devo·</span> 
     </span>
     <span class='ocr_line' id='line_1_20' title="bbox 519 2655 1804 2751; baseline 0 -21"><span class='ocrx_word' id='word_1_211' title='bbox 519 2670 597 2731; x_wconf 89' lang='lat' dir='ltr'>lutus</span> <span class='ocrx_word' id='word_1_212' title='bbox 619 2689 684 2730; x_wconf 91' lang='lat' dir='ltr'>cum</span> <span class='ocrx_word' id='word_1_213' title='bbox 709 2689 741 2731; x_wconf 90' lang='lat' dir='ltr'>ea</span> <span class='ocrx_word' id='word_1_214' title='bbox 764 2688 866 2732; x_wconf 90' lang='lat' dir='ltr'>orares</span> <span class='ocrx_word' id='word_1_215' title='bbox 888 2688 953 2748; x_wconf 84' lang='lat' dir='ltr'>qvvae</span> <span class='ocrx_word' id='word_1_216' title='bbox 974 2679 1003 2730; x_wconf 90' lang='lat' dir='ltr'>te</span> <span class='ocrx_word' id='word_1_217' title='bbox 1025 2671 1184 2749; x_wconf 88' lang='lat' dir='ltr'>impetrare</span> <span class='ocrx_word' id='word_1_218' title='bbox 1206 2689 1263 2730; x_wconf 90' lang='lat' dir='ltr'>uon</span> <span class='ocrx_word' id='word_1_219' title='bbox 1287 2671 1423 2741; x_wconf 87' lang='lat' dir='ltr'>decebat,</span> <span class='ocrx_word' id='word_1_220' title='bbox 1448 2679 1476 2732; x_wconf 91' lang='lat' dir='ltr'>et</span> <span class='ocrx_word' id='word_1_221' title='bbox 1499 2691 1563 2751; x_wconf 80' lang='lat' dir='ltr'>quae</span> <span class='ocrx_word' id='word_1_222' title='bbox 1578 2671 1632 2732; x_wconf 86' lang='lat' dir='ltr'>ifle</span> <span class='ocrx_word' id='word_1_223' title='bbox 1654 2673 1678 2732; x_wconf 92' lang='lat' dir='ltr'>si</span> <span class='ocrx_word' id='word_1_224' title='bbox 1701 2655 1804 2750; x_wconf 65' lang='lat' dir='ltr'>negas·¹</span> 
     </span>
     <span class='ocr_line' id='line_1_21' title="bbox 519 2771 1839 2852; baseline -0.002 -20"><span class='ocrx_word' id='word_1_225' title='bbox 519 2779 564 2833; x_wconf 91' lang='lat' dir='ltr'>set</span> <span class='ocrx_word' id='word_1_226' title='bbox 585 2774 728 2842; x_wconf 87' lang='lat' dir='ltr'>severius,</span> <span class='ocrx_word' id='word_1_227' title='bbox 752 2779 892 2852; x_wconf 88' lang='lat' dir='ltr'>quantum</span> <span class='ocrx_word' id='word_1_228' title='bbox 914 2772 969 2832; x_wconf 91' lang='lat' dir='ltr'>sihi</span> <span class='ocrx_word' id='word_1_229' title='bbox 991 2771 1155 2851; x_wconf 91' lang='lat' dir='ltr'>periculum</span> <span class='ocrx_word' id='word_1_230' title='bbox 1178 2774 1297 2833; x_wconf 84' lang='lat' dir='ltr'>instaret</span> <span class='ocrx_word' id='word_1_231' title='bbox 1319 2774 1530 2852; x_wconf 85' lang='lat' dir='ltr'>cognoscebat,</span> <span class='ocrx_word' id='word_1_232' title='bbox 1560 2777 1647 2852; x_wconf 75' lang='lat' dir='ltr'>erepit</span> <span class='ocrx_word' id='word_1_233' title='bbox 1668 2779 1698 2835; x_wconf 88' lang='lat' dir='ltr'>te</span> <span class='ocrx_word' id='word_1_234' title='bbox 1721 2775 1839 2833; x_wconf 74' lang='lat' dir='ltr'>vicis-ao</span> 
     </span>
     <span class='ocr_line' id='line_1_22' title="bbox 519 2862 1803 2954; baseline 0 -19"><span class='ocrx_word' id='word_1_235' title='bbox 519 2874 573 2936; x_wconf 91' lang='lat' dir='ltr'>sim</span> <span class='ocrx_word' id='word_1_236' title='bbox 602 2873 699 2934; x_wconf 89' lang='lat' dir='ltr'>multis</span> <span class='ocrx_word' id='word_1_237' title='bbox 730 2892 816 2934; x_wconf 88' lang='lat' dir='ltr'>orare</span> <span class='ocrx_word' id='word_1_238' title='bbox 845 2893 880 2934; x_wconf 91' lang='lat' dir='ltr'>ne</span> <span class='ocrx_word' id='word_1_239' title='bbox 909 2874 963 2934; x_wconf 90' lang='lat' dir='ltr'>sibi</span> <span class='ocrx_word' id='word_1_240' title='bbox 992 2881 1100 2952; x_wconf 81' lang='lat' dir='ltr'>praeter</span> <span class='ocrx_word' id='word_1_241' title='bbox 1129 2862 1208 2935; x_wconf 83' lang='lat' dir='ltr'>tuam</span> <span class='ocrx_word' id='word_1_242' title='bbox 1237 2875 1406 2954; x_wconf 85' lang='lat' dir='ltr'>dignitatem</span> <span class='ocrx_word' id='word_1_243' title='bbox 1445 2875 1483 2936; x_wconf 90' lang='lat' dir='ltr'>ob</span> <span class='ocrx_word' id='word_1_244' title='bbox 1513 2893 1576 2936; x_wconf 91' lang='lat' dir='ltr'>rem</span> <span class='ocrx_word' id='word_1_245' title='bbox 1607 2876 1803 2953; x_wconf 88' lang='lat' dir='ltr'>turpissimam</span> 
     </span>
     <span class='ocr_line' id='line_1_23' title="bbox 521 2975 1803 3056; baseline 0.002 -21"><span class='ocrx_word' id='word_1_246' title='bbox 521 2975 643 3054; x_wconf 79' lang='lat' dir='ltr'>supplex</span> <span class='ocrx_word' id='word_1_247' title='bbox 666 2993 758 3045; x_wconf 89' lang='lat' dir='ltr'>esses,</span> <span class='ocrx_word' id='word_1_248' title='bbox 783 2996 853 3037; x_wconf 89' lang='lat' dir='ltr'>neve</span> <span class='ocrx_word' id='word_1_249' title='bbox 876 2975 984 3055; x_wconf 84' lang='lat' dir='ltr'>aliquid</span> <span class='ocrx_word' id='word_1_250' title='bbox 1008 2983 1056 3037; x_wconf 91' lang='lat' dir='ltr'>tua</span> <span class='ocrx_word' id='word_1_251' title='bbox 1073 2976 1256 3045; x_wconf 91' lang='lat' dir='ltr'>conditione,</span> <span class='ocrx_word' id='word_1_252' title='bbox 1280 2985 1330 3037; x_wconf 91' lang='lat' dir='ltr'>tuo</span> <span class='ocrx_word' id='word_1_253' title='bbox 1346 2997 1468 3056; x_wconf 81' lang='lat' dir='ltr'>genere,</span> <span class='ocrx_word' id='word_1_254' title='bbox 1493 2985 1544 3038; x_wconf 87' lang='lat' dir='ltr'>tuo</span> <span class='ocrx_word' id='word_1_255' title='bbox 1560 2984 1636 3038; x_wconf 88' lang='lat' dir='ltr'>statu</span> <span class='ocrx_word' id='word_1_256' title='bbox 1651 2977 1803 3055; x_wconf 82' lang='lat' dir='ltr'>indignum</span> 
     </span>
     <span class='ocr_line' id='line_1_24' title="bbox 452 3060 1806 3159; baseline 0.001 -23"><span class='ocrx_word' id='word_1_257' title='bbox 452 3087 511 3136; x_wconf 61' lang='lat' dir='ltr'>§aa</span> <span class='ocrx_word' id='word_1_258' title='bbox 523 3080 727 3139; x_wconf 88' lang='lat' dir='ltr'>committeres.</span> <span class='ocrx_word' id='word_1_259' title='bbox 764 3078 882 3138; x_wconf 91' lang='lat' dir='ltr'>fnterim</span> <span class='ocrx_word' id='word_1_260' title='bbox 905 3080 1021 3144; x_wconf 86' lang='lat' dir='ltr'>veritus.</span> <span class='ocrx_word' id='word_1_261' title='bbox 1045 3097 1083 3139; x_wconf 91' lang='lat' dir='ltr'>ue</span> <span class='ocrx_word' id='word_1_262' title='bbox 1106 3078 1192 3157; x_wconf 87' lang='lat' dir='ltr'>(quod</span> <span class='ocrx_word' id='word_1_263' title='bbox 1216 3080 1324 3140; x_wconf 88' lang='lat' dir='ltr'>factum</span> <span class='ocrx_word' id='word_1_264' title='bbox 1345 3088 1445 3159; x_wconf 90' lang='lat' dir='ltr'>postea</span> <span class='ocrx_word' id='word_1_265' title='bbox 1462 3083 1516 3156; x_wconf 81' lang='lat' dir='ltr'>est)</span> <span class='ocrx_word' id='word_1_266' title='bbox 1539 3100 1573 3140; x_wconf 78' lang='lat' dir='ltr'>ea</span> <span class='ocrx_word' id='word_1_267' title='bbox 1590 3060 1692 3140; x_wconf 86' lang='lat' dir='ltr'>amore</span> <span class='ocrx_word' id='word_1_268' title='bbox 1705 3079 1806 3140; x_wconf 83' lang='lat' dir='ltr'>uxoris</span> 
     </span>
     <span class='ocr_line' id='line_1_25' title="bbox 521 3179 1804 3259; baseline 0.002 -20"><span class='ocrx_word' id='word_1_269' title='bbox 521 3188 692 3241; x_wconf 87' lang='lat' dir='ltr'>nasceretur</span> <span class='ocrx_word' id='word_1_270' title='bbox 714 3181 760 3245; x_wconf 61' lang='lat' dir='ltr'>sui,</span> <span class='ocrx_word' id='word_1_271' title='bbox 781 3180 895 3249; x_wconf 89' lang='lat' dir='ltr'>odium,</span> <span class='ocrx_word' id='word_1_272' title='bbox 919 3183 1028 3240; x_wconf 90' lang='lat' dir='ltr'>amicos</span> <span class='ocrx_word' id='word_1_273' title='bbox 1051 3183 1178 3247; x_wconf 87' lang='lat' dir='ltr'>monuit,</span> <span class='ocrx_word' id='word_1_274' title='bbox 1202 3184 1278 3258; x_wconf 91' lang='lat' dir='ltr'>patri</span> <span class='ocrx_word' id='word_1_275' title='bbox 1301 3183 1432 3259; x_wconf 88' lang='lat' dir='ltr'>scripsit,</span> <span class='ocrx_word' id='word_1_276' title='bbox 1456 3201 1491 3241; x_wconf 90' lang='lat' dir='ltr'>ac</span> <span class='ocrx_word' id='word_1_277' title='bbox 1506 3181 1634 3259; x_wconf 87' lang='lat' dir='ltr'>undique</span> <span class='ocrx_word' id='word_1_278' title='bbox 1650 3179 1804 3241; x_wconf 91' lang='lat' dir='ltr'>consilium</span> 
     </span>
     <span class='ocr_line' id='line_1_26' title="bbox 520 3281 1838 3362; baseline 0.002 -21"><span class='ocrx_word' id='word_1_279' title='bbox 520 3285 615 3361; x_wconf 82' lang='lat' dir='ltr'>coegit</span> <span class='ocrx_word' id='word_1_280' title='bbox 642 3283 789 3361; x_wconf 85' lang='lat' dir='ltr'>qviomodo</span> <span class='ocrx_word' id='word_1_281' title='bbox 817 3301 848 3342; x_wconf 88' lang='lat' dir='ltr'>se</span> <span class='ocrx_word' id='word_1_282' title='bbox 875 3282 926 3342; x_wconf 92' lang='lat' dir='ltr'>tibi</span> <span class='ocrx_word' id='word_1_283' title='bbox 955 3283 1099 3359; x_wconf 89' lang='lat' dir='ltr'>eriperet:</span> <span class='ocrx_word' id='word_1_284' title='bbox 1135 3302 1201 3343; x_wconf 93' lang='lat' dir='ltr'>cum</span> <span class='ocrx_word' id='word_1_285' title='bbox 1231 3292 1260 3342; x_wconf 94' lang='lat' dir='ltr'>tu</span> <span class='ocrx_word' id='word_1_286' title='bbox 1289 3284 1434 3362; x_wconf 87' lang='lat' dir='ltr'>quandam</span> <span class='ocrx_word' id='word_1_287' title='bbox 1464 3281 1564 3343; x_wconf 87' lang='lat' dir='ltr'>utilem</span> <span class='ocrx_word' id='word_1_288' title='bbox 1596 3283 1801 3360; x_wconf 85' lang='lat' dir='ltr'>praefecturam</span> <span class='ocrx_word' id='word_1_289' title='bbox 1812 3306 1838 3343; x_wconf 78' lang='lat' dir='ltr'>as</span> 
     </span>
     <span class='ocr_line' id='line_1_27' title="bbox 522 3383 1804 3463; baseline -0.002 -20"><span class='ocrx_word' id='word_1_290' title='bbox 522 3384 657 3452; x_wconf 82' lang='lat' dir='ltr'>offerres,</span> <span class='ocrx_word' id='word_1_291' title='bbox 687 3403 752 3462; x_wconf 75' lang='lat' dir='ltr'>quae</span> <span class='ocrx_word' id='word_1_292' title='bbox 780 3385 945 3463; x_wconf 89' lang='lat' dir='ltr'>propinquo</span> <span class='ocrx_word' id='word_1_293' title='bbox 975 3383 1026 3444; x_wconf 88' lang='lat' dir='ltr'>tibi</span> <span class='ocrx_word' id='word_1_294' title='bbox 1052 3384 1117 3444; x_wconf 90' lang='lat' dir='ltr'>loco</span> <span class='ocrx_word' id='word_1_295' title='bbox 1148 3384 1260 3445; x_wconf 81' lang='lat' dir='ltr'>facilem</span> <span class='ocrx_word' id='word_1_296' title='bbox 1289 3385 1323 3445; x_wconf 92' lang='lat' dir='ltr'>ad</span> <span class='ocrx_word' id='word_1_297' title='bbox 1346 3385 1442 3445; x_wconf 86' lang='lat' dir='ltr'>scelus</span> <span class='ocrx_word' id='word_1_298' title='bbox 1464 3385 1572 3444; x_wconf 92' lang='lat' dir='ltr'>aditum</span> <span class='ocrx_word' id='word_1_299' title='bbox 1595 3383 1729 3463; x_wconf 82' lang='lat' dir='ltr'>praehere</span> <span class='ocrx_word' id='word_1_300' title='bbox 1751 3400 1804 3460; x_wconf 92' lang='lat' dir='ltr'>po·</span> 
     </span>
     <span class='ocr_line' id='line_1_28' title="bbox 452 3486 1805 3587; baseline -0.003 -37"><span class='ocrx_word' id='word_1_301' title='bbox 452 3488 634 3552; x_wconf 66' lang='lat' dir='ltr'>cantuset,</span> <span class='ocrx_word' id='word_1_302' title='bbox 657 3487 698 3546; x_wconf 89' lang='lat' dir='ltr'>sic</span> <span class='ocrx_word' id='word_1_303' title='bbox 720 3491 807 3587; x_wconf 58' lang='lat' dir='ltr'>ratus</span> <span class='ocrx_word' id='word_1_304' title='bbox 824 3488 966 3547; x_wconf 89' lang='lat' dir='ltr'>contineri</span> <span class='ocrx_word' id='word_1_305' title='bbox 988 3503 1084 3563; x_wconf 89' lang='lat' dir='ltr'>posse.</span> <span class='ocrx_word' id='word_1_306' title='bbox 1129 3490 1224 3565; x_wconf 81' lang='lat' dir='ltr'>neque</span> <span class='ocrx_word' id='word_1_307' title='bbox 1253 3504 1307 3545; x_wconf 89' lang='lat' dir='ltr'>nos</span> <span class='ocrx_word' id='word_1_308' title='bbox 1336 3487 1384 3547; x_wconf 94' lang='lat' dir='ltr'>iffo</span> <span class='ocrx_word' id='word_1_309' title='bbox 1413 3486 1508 3547; x_wconf 89' lang='lat' dir='ltr'>adbuc</span> <span class='ocrx_word' id='word_1_310' title='bbox 1536 3491 1671 3565; x_wconf 89' lang='lat' dir='ltr'>tempore</span> <span class='ocrx_word' id='word_1_311' title='bbox 1700 3486 1805 3546; x_wconf 92' lang='lat' dir='ltr'>victam</span> 
     </span>
     <span class='ocr_line' id='line_1_29' title="bbox 520 3586 1805 3665; baseline -0.001 -17"><span class='ocrx_word' id='word_1_312' title='bbox 520 3587 572 3648; x_wconf 92' lang='lat' dir='ltr'>abs</span> <span class='ocrx_word' id='word_1_313' title='bbox 594 3595 623 3648; x_wconf 89' lang='lat' dir='ltr'>te</span> <span class='ocrx_word' id='word_1_314' title='bbox 645 3586 796 3649; x_wconf 88' lang='lat' dir='ltr'>mulierem</span> <span class='ocrx_word' id='word_1_315' title='bbox 820 3587 998 3656; x_wconf 88' lang='lat' dir='ltr'>sciebamus,</span> <span class='ocrx_word' id='word_1_316' title='bbox 1029 3589 1117 3648; x_wconf 90' lang='lat' dir='ltr'>immo</span> <span class='ocrx_word' id='word_1_317' title='bbox 1141 3586 1250 3648; x_wconf 88' lang='lat' dir='ltr'>nullam</span> <span class='ocrx_word' id='word_1_318' title='bbox 1272 3594 1331 3648; x_wconf 90' lang='lat' dir='ltr'>tam</span> <span class='ocrx_word' id='word_1_319' title='bbox 1355 3589 1546 3665; x_wconf 83' lang='lat' dir='ltr'>corruptioni</span> <span class='ocrx_word' id='word_1_320' title='bbox 1562 3587 1717 3647; x_wconf 76' lang='lat' dir='ltr'>obnoxiam</span> <span class='ocrx_word' id='word_1_321' title='bbox 1741 3605 1805 3648; x_wconf 88' lang='lat' dir='ltr'>esse</span> 
     </span>
     <span class='ocr_line' id='line_1_30' title="bbox 519 3687 1803 3769; baseline -0.002 -18"><span class='ocrx_word' id='word_1_322' title='bbox 519 3690 694 3768; x_wconf 88' lang='lat' dir='ltr'>putabamus</span> <span class='ocrx_word' id='word_1_323' title='bbox 716 3707 780 3769; x_wconf 86' lang='lat' dir='ltr'>quae</span> <span class='ocrx_word' id='word_1_324' title='bbox 803 3689 844 3749; x_wconf 94' lang='lat' dir='ltr'>iffi</span> <span class='ocrx_word' id='word_1_325' title='bbox 865 3695 893 3749; x_wconf 91' lang='lat' dir='ltr'>te</span> <span class='ocrx_word' id='word_1_326' title='bbox 916 3688 1068 3768; x_wconf 79' lang='lat' dir='ltr'>praeferret</span> <span class='ocrx_word' id='word_1_327' title='bbox 1097 3697 1146 3750; x_wconf 91' lang='lat' dir='ltr'>aut</span> <span class='ocrx_word' id='word_1_328' title='bbox 1175 3707 1240 3768; x_wconf 83' lang='lat' dir='ltr'>quaa</span> <span class='ocrx_word' id='word_1_329' title='bbox 1267 3689 1343 3751; x_wconf 86' lang='lat' dir='ltr'>illius</span> <span class='ocrx_word' id='word_1_330' title='bbox 1371 3689 1502 3767; x_wconf 90' lang='lat' dir='ltr'>periculo</span> <span class='ocrx_word' id='word_1_331' title='bbox 1531 3696 1560 3749; x_wconf 94' lang='lat' dir='ltr'>te</span> <span class='ocrx_word' id='word_1_332' title='bbox 1582 3708 1681 3750; x_wconf 88' lang='lat' dir='ltr'>amare</span> <span class='ocrx_word' id='word_1_333' title='bbox 1702 3687 1803 3749; x_wconf 88' lang='lat' dir='ltr'>vellet:</span> 
     </span>
     <span class='ocr_line' id='line_1_31' title="bbox 519 3790 1840 3871; baseline -0.001 -20"><span class='ocrx_word' id='word_1_334' title='bbox 519 3792 615 3871; x_wconf 80' lang='lat' dir='ltr'>itaque</span> <span class='ocrx_word' id='word_1_335' title='bbox 638 3791 724 3852; x_wconf 86' lang='lat' dir='ltr'>etiam</span> <span class='ocrx_word' id='word_1_336' title='bbox 746 3792 803 3852; x_wconf 90' lang='lat' dir='ltr'>hoe</span> <span class='ocrx_word' id='word_1_337' title='bbox 825 3810 885 3852; x_wconf 91' lang='lat' dir='ltr'>non</span> <span class='ocrx_word' id='word_1_338' title='bbox 906 3793 1031 3870; x_wconf 86' lang='lat' dir='ltr'>pessime</span> <span class='ocrx_word' id='word_1_339' title='bbox 1053 3790 1106 3853; x_wconf 89' lang='lat' dir='ltr'>abs</span> <span class='ocrx_word' id='word_1_340' title='bbox 1129 3799 1156 3853; x_wconf 89' lang='lat' dir='ltr'>te</span> <span class='ocrx_word' id='word_1_341' title='bbox 1184 3791 1246 3852; x_wconf 88' lang='lat' dir='ltr'>fieri</span> <span class='ocrx_word' id='word_1_342' title='bbox 1274 3791 1463 3870; x_wconf 89' lang='lat' dir='ltr'>putabamus,</span> <span class='ocrx_word' id='word_1_343' title='bbox 1493 3810 1659 3870; x_wconf 84' lang='lat' dir='ltr'>quanquam</span> <span class='ocrx_word' id='word_1_344' title='bbox 1688 3800 1840 3858; x_wconf 60' lang='lat' dir='ltr'>certumst</span> 
     </span>
     <span class='ocr_line' id='line_1_32' title="bbox 522 3891 1831 3973; baseline -0.002 -19"><span class='ocrx_word' id='word_1_345' title='bbox 522 3901 598 3954; x_wconf 86' lang='lat' dir='ltr'>esset</span> <span class='ocrx_word' id='word_1_346' title='bbox 620 3892 767 3954; x_wconf 89' lang='lat' dir='ltr'>abducere</span> <span class='ocrx_word' id='word_1_347' title='bbox 789 3893 870 3953; x_wconf 88' lang='lat' dir='ltr'>illum</span> <span class='ocrx_word' id='word_1_348' title='bbox 893 3901 921 3953; x_wconf 91' lang='lat' dir='ltr'>et</span> <span class='ocrx_word' id='word_1_349' title='bbox 942 3894 1050 3954; x_wconf 86' lang='lat' dir='ltr'>factum</span> <span class='ocrx_word' id='word_1_350' title='bbox 1074 3896 1235 3973; x_wconf 83' lang='lat' dir='ltr'>praevenire</span> <span class='ocrx_word' id='word_1_351' title='bbox 1263 3901 1359 3962; x_wconf 90' lang='lat' dir='ltr'>tunm,</span> <span class='ocrx_word' id='word_1_352' title='bbox 1390 3895 1465 3952; x_wconf 90' lang='lat' dir='ltr'>forte</span> <span class='ocrx_word' id='word_1_353' title='bbox 1494 3893 1604 3954; x_wconf 89' lang='lat' dir='ltr'>tardius</span> <span class='ocrx_word' id='word_1_354' title='bbox 1632 3891 1831 3954; x_wconf 86' lang='lat' dir='ltr'>conantibus·</span> 
     </span>
     <span class='ocr_line' id='line_1_33' title="bbox 451 3993 1805 4075; baseline -0.003 -17"><span class='ocrx_word' id='word_1_355' title='bbox 451 4007 510 4058; x_wconf 78' lang='lat' dir='ltr'>tio.</span> <span class='ocrx_word' id='word_1_356' title='bbox 520 3996 547 4057; x_wconf 93' lang='lat' dir='ltr'>id</span> <span class='ocrx_word' id='word_1_357' title='bbox 571 4014 658 4075; x_wconf 91' lang='lat' dir='ltr'>quam</span> <span class='ocrx_word' id='word_1_358' title='bbox 681 3996 791 4054; x_wconf 70' lang='lat' dir='ltr'>astutiae</span> <span class='ocrx_word' id='word_1_359' title='bbox 814 3995 1005 4056; x_wconf 90' lang='lat' dir='ltr'>conveniebat</span> <span class='ocrx_word' id='word_1_360' title='bbox 1028 4003 1092 4055; x_wconf 77' lang='lat' dir='ltr'>triae.</span> <span class='ocrx_word' id='word_1_361' title='bbox 1138 3996 1174 4056; x_wconf 79' lang='lat' dir='ltr'>ht</span> <span class='ocrx_word' id='word_1_362' title='bbox 1195 4003 1227 4055; x_wconf 92' lang='lat' dir='ltr'>tu</span> <span class='ocrx_word' id='word_1_363' title='bbox 1250 3997 1299 4074; x_wconf 89' lang='lat' dir='ltr'>qui</span> <span class='ocrx_word' id='word_1_364' title='bbox 1321 4014 1450 4055; x_wconf 89' lang='lat' dir='ltr'>amorem</span> <span class='ocrx_word' id='word_1_365' title='bbox 1474 4014 1531 4055; x_wconf 92' lang='lat' dir='ltr'>non</span> <span class='ocrx_word' id='word_1_366' title='bbox 1556 3996 1649 4056; x_wconf 86' lang='lat' dir='ltr'>ferres</span> <span class='ocrx_word' id='word_1_367' title='bbox 1672 4001 1700 4055; x_wconf 90' lang='lat' dir='ltr'>et</span> <span class='ocrx_word' id='word_1_368' title='bbox 1723 3993 1805 4056; x_wconf 90' lang='lat' dir='ltr'>illum</span> 
     </span>
     <span class='ocr_line' id='line_1_34' title="bbox 520 4096 1804 4176; baseline -0.001 -19"><span class='ocrx_word' id='word_1_369' title='bbox 520 4097 687 4158; x_wconf 86' lang='lat' dir='ltr'>discedendi</span> <span class='ocrx_word' id='word_1_370' title='bbox 716 4096 866 4156; x_wconf 89' lang='lat' dir='ltr'>consilium</span> <span class='ocrx_word' id='word_1_371' title='bbox 896 4099 1005 4173; x_wconf 83' lang='lat' dir='ltr'>agitare</span> <span class='ocrx_word' id='word_1_372' title='bbox 1037 4099 1153 4176; x_wconf 87' lang='lat' dir='ltr'>iamque</span> <span class='ocrx_word' id='word_1_373' title='bbox 1181 4116 1262 4176; x_wconf 91' lang='lat' dir='ltr'>spem</span> <span class='ocrx_word' id='word_1_374' title='bbox 1291 4097 1461 4158; x_wconf 84' lang='lat' dir='ltr'>frustratum</span> <span class='ocrx_word' id='word_1_375' title='bbox 1490 4097 1525 4156; x_wconf 87' lang='lat' dir='ltr'>iri</span> <span class='ocrx_word' id='word_1_376' title='bbox 1555 4103 1633 4159; x_wconf 91' lang='lat' dir='ltr'>tuam</span> <span class='ocrx_word' id='word_1_377' title='bbox 1657 4115 1804 4165; x_wconf 88' lang='lat' dir='ltr'>cerneres,</span> 
     </span>
     <span class='ocr_line' id='line_1_35' title="bbox 519 4197 1881 4276; baseline 0 -18"><span class='ocrx_word' id='word_1_378' title='bbox 519 4200 643 4260; x_wconf 84' lang='lat' dir='ltr'>statuisti</span> <span class='ocrx_word' id='word_1_379' title='bbox 665 4198 746 4258; x_wconf 88' lang='lat' dir='ltr'>illam</span> <span class='ocrx_word' id='word_1_380' title='bbox 769 4197 881 4258; x_wconf 83' lang='lat' dir='ltr'>ainnliri</span> <span class='ocrx_word' id='word_1_381' title='bbox 898 4198 1065 4266; x_wconf 91' lang='lat' dir='ltr'>custodem,</span> <span class='ocrx_word' id='word_1_382' title='bbox 1090 4198 1171 4259; x_wconf 91' lang='lat' dir='ltr'>illum</span> <span class='ocrx_word' id='word_1_383' title='bbox 1187 4197 1319 4276; x_wconf 81' lang='lat' dir='ltr'>iugulare</span> <span class='ocrx_word' id='word_1_384' title='bbox 1335 4197 1401 4276; x_wconf 89' lang='lat' dir='ltr'>plus</span> <span class='ocrx_word' id='word_1_385' title='bbox 1417 4201 1505 4259; x_wconf 89' lang='lat' dir='ltr'>nimio</span> <span class='ocrx_word' id='word_1_386' title='bbox 1521 4197 1669 4260; x_wconf 82' lang='lat' dir='ltr'>oevilatum</span> <span class='ocrx_word' id='word_1_387' title='bbox 1684 4199 1804 4275; x_wconf 77' lang='lat' dir='ltr'>Argum.</span> <span class='ocrx_word' id='word_1_388' title='bbox 1879 4202 1881 4207; x_wconf 87' lang='lat'>&#39;</span> 
     </span>
     <span class='ocr_line' id='line_1_36' title="bbox 520 4299 1839 4381; baseline 0.002 -19"><span class='ocrx_word' id='word_1_389' title='bbox 520 4307 548 4363; x_wconf 92' lang='lat' dir='ltr'>et</span> <span class='ocrx_word' id='word_1_390' title='bbox 571 4302 632 4361; x_wconf 74' lang='lat' dir='ltr'>haec</span> <span class='ocrx_word' id='word_1_391' title='bbox 654 4308 720 4361; x_wconf 90' lang='lat' dir='ltr'>sunt</span> <span class='ocrx_word' id='word_1_392' title='bbox 745 4299 791 4360; x_wconf 91' lang='lat' dir='ltr'>iffa</span> <span class='ocrx_word' id='word_1_393' title='bbox 814 4319 878 4379; x_wconf 74' lang='lat' dir='ltr'>quaa</span> <span class='ocrx_word' id='word_1_394' title='bbox 901 4308 932 4360; x_wconf 91' lang='lat' dir='ltr'>tu</span> <span class='ocrx_word' id='word_1_395' title='bbox 956 4307 1148 4379; x_wconf 88' lang='lat' dir='ltr'>conquestum</span> <span class='ocrx_word' id='word_1_396' title='bbox 1172 4301 1300 4369; x_wconf 70' lang='lat' dir='ltr'>sciebas</span> <span class='ocrx_word' id='word_1_397' title='bbox 1324 4320 1447 4381; x_wconf 80' lang='lat' dir='ltr'>quaeque</span> <span class='ocrx_word' id='word_1_398' title='bbox 1463 4301 1611 4363; x_wconf 85' lang='lat' dir='ltr'>verebaris</span> <span class='ocrx_word' id='word_1_399' title='bbox 1627 4319 1673 4369; x_wconf 92' lang='lat' dir='ltr'>ue,</span> <span class='ocrx_word' id='word_1_400' title='bbox 1696 4301 1720 4360; x_wconf 89' lang='lat' dir='ltr'>si</span> <span class='ocrx_word' id='word_1_401' title='bbox 1743 4299 1839 4364; x_wconf 79' lang='lat' dir='ltr'>ela-ss</span> 
     </span>
     <span class='ocr_line' id='line_1_37' title="bbox 513 4402 1804 4482; baseline -0.002 -18"><span class='ocrx_word' id='word_1_402' title='bbox 513 4402 654 4482; x_wconf 66' lang='lat' dir='ltr'>heretum</span> <span class='ocrx_word' id='word_1_403' title='bbox 679 4405 706 4463; x_wconf 89' lang='lat' dir='ltr'>in</span> <span class='ocrx_word' id='word_1_404' title='bbox 729 4408 763 4461; x_wconf 87' lang='lat' dir='ltr'>te</span> <span class='ocrx_word' id='word_1_405' title='bbox 781 4403 856 4463; x_wconf 86' lang='lat' dir='ltr'>forte</span> <span class='ocrx_word' id='word_1_406' title='bbox 878 4402 1055 4480; x_wconf 80' lang='lat' dir='ltr'>divulgaret;</span> <span class='ocrx_word' id='word_1_407' title='bbox 1081 4403 1118 4462; x_wconf 93' lang='lat' dir='ltr'>ob</span> <span class='ocrx_word' id='word_1_408' title='bbox 1141 4403 1228 4480; x_wconf 87' lang='lat' dir='ltr'>idque</span> <span class='ocrx_word' id='word_1_409' title='bbox 1250 4410 1345 4464; x_wconf 90' lang='lat' dir='ltr'>morte</span> <span class='ocrx_word' id='word_1_410' title='bbox 1360 4405 1451 4482; x_wconf 90' lang='lat' dir='ltr'>ipsius</span> <span class='ocrx_word' id='word_1_411' title='bbox 1471 4403 1598 4463; x_wconf 88' lang='lat' dir='ltr'>liberare</span> <span class='ocrx_word' id='word_1_412' title='bbox 1613 4410 1641 4462; x_wconf 91' lang='lat' dir='ltr'>te</span> <span class='ocrx_word' id='word_1_413' title='bbox 1657 4408 1737 4480; x_wconf 75' lang='lat' dir='ltr'>metu</span> <span class='ocrx_word' id='word_1_414' title='bbox 1753 4402 1804 4461; x_wconf 93' lang='lat' dir='ltr'>de-</span> 
     </span>
     <span class='ocr_line' id='line_1_38' title="bbox 453 4503 1806 4589; baseline 0 -26"><span class='ocrx_word' id='word_1_415' title='bbox 453 4504 645 4589; x_wconf 75' lang='lat' dir='ltr'>t.ii.crevisti.</span> <span class='ocrx_word' id='word_1_416' title='bbox 690 4505 763 4565; x_wconf 85' lang='lat' dir='ltr'>ilem</span> <span class='ocrx_word' id='word_1_417' title='bbox 786 4503 878 4566; x_wconf 88' lang='lat' dir='ltr'>habes</span> <span class='ocrx_word' id='word_1_418' title='bbox 900 4523 998 4565; x_wconf 90' lang='lat' dir='ltr'>veram</span> <span class='ocrx_word' id='word_1_419' title='bbox 1022 4510 1049 4564; x_wconf 90' lang='lat' dir='ltr'>et</span> <span class='ocrx_word' id='word_1_420' title='bbox 1071 4504 1099 4562; x_wconf 92' lang='lat' dir='ltr'>in</span> <span class='ocrx_word' id='word_1_421' title='bbox 1123 4522 1179 4582; x_wconf 88' lang='lat' dir='ltr'>qua</span> <span class='ocrx_word' id='word_1_422' title='bbox 1202 4507 1224 4563; x_wconf 91' lang='lat' dir='ltr'>si</span> <span class='ocrx_word' id='word_1_423' title='bbox 1246 4513 1277 4565; x_wconf 91' lang='lat' dir='ltr'>tu</span> <span class='ocrx_word' id='word_1_424' title='bbox 1293 4523 1398 4583; x_wconf 76' lang='lat' dir='ltr'>neges,</span> <span class='ocrx_word' id='word_1_425' title='bbox 1421 4525 1454 4565; x_wconf 88' lang='lat' dir='ltr'>ca</span> <span class='ocrx_word' id='word_1_426' title='bbox 1471 4515 1539 4566; x_wconf 91' lang='lat' dir='ltr'>sunt</span> <span class='ocrx_word' id='word_1_427' title='bbox 1553 4511 1724 4581; x_wconf 80' lang='lat' dir='ltr'>argumenta</span> <span class='ocrx_word' id='word_1_428' title='bbox 1741 4522 1806 4583; x_wconf 83' lang='lat' dir='ltr'>quae</span> 
     </span>
     <span class='ocr_line' id='line_1_39' title="bbox 521 4603 1805 4685; baseline -0.002 -17"><span class='ocrx_word' id='word_1_429' title='bbox 521 4607 754 4668; x_wconf 79' lang='lat' dir='ltr'>manifestissime</span> <span class='ocrx_word' id='word_1_430' title='bbox 777 4608 965 4683; x_wconf 84' lang='lat' dir='ltr'>convincant,</span> <span class='ocrx_word' id='word_1_431' title='bbox 989 4613 1051 4666; x_wconf 92' lang='lat' dir='ltr'>tum</span> <span class='ocrx_word' id='word_1_432' title='bbox 1075 4603 1205 4683; x_wconf 81' lang='lat' dir='ltr'>epistola</span> <span class='ocrx_word' id='word_1_433' title='bbox 1226 4605 1304 4666; x_wconf 87' lang='lat' dir='ltr'>ultro</span> <span class='ocrx_word' id='word_1_434' title='bbox 1326 4609 1459 4685; x_wconf 89' lang='lat' dir='ltr'>citroque</span> <span class='ocrx_word' id='word_1_435' title='bbox 1481 4608 1576 4666; x_wconf 80' lang='lat' dir='ltr'>missae</span> <span class='ocrx_word' id='word_1_436' title='bbox 1598 4612 1692 4666; x_wconf 89' lang='lat' dir='ltr'>totum</span> <span class='ocrx_word' id='word_1_437' title='bbox 1714 4623 1805 4682; x_wconf 81' lang='lat' dir='ltr'>nego-</span> 
     </span>
    </p>
   </div>
   <div class='ocr_carea' id='block_1_3' title="bbox 519 4825 1818 5062">
    <p class='ocr_par' dir='ltr' id='par_1_3' title="bbox 519 4825 1818 5062">
     <span class='ocr_line' id='line_1_40' title="bbox 586 4825 1818 4893; baseline 0 -17"><span class='ocrx_word' id='word_1_438' title='bbox 586 4825 661 4892; x_wconf 74' lang='lat' dir='ltr'>¹qui</span> <span class='ocrx_word' id='word_1_439' title='bbox 678 4843 733 4876; x_wconf 91' lang='lat' dir='ltr'>non</span> <span class='ocrx_word' id='word_1_440' title='bbox 750 4825 828 4877; x_wconf 79' lang='lat' dir='ltr'>vides</span> <span class='ocrx_word' id='word_1_441' title='bbox 845 4826 991 4876; x_wconf 72' lang='lat' dir='ltr'>emendasse</span> <span class='ocrx_word' id='word_1_442' title='bbox 1004 4831 1032 4875; x_wconf 78' lang='grc'>11.</span> <span class='ocrx_word' id='word_1_443' title='bbox 1045 4827 1093 4876; x_wconf 81' lang='lat' dir='ltr'>sed</span> <span class='ocrx_word' id='word_1_444' title='bbox 1110 4827 1209 4876; x_wconf 74' lang='lat' dir='ltr'>nescire</span> <span class='ocrx_word' id='word_1_445' title='bbox 1226 4841 1255 4876; x_wconf 77' lang='lat' dir='ltr'>ae</span> <span class='ocrx_word' id='word_1_446' title='bbox 1274 4828 1409 4892; x_wconf 82' lang='lat' dir='ltr'>quomodo.</span> <span class='ocrx_word' id='word_1_447' title='bbox 1428 4828 1488 4875; x_wconf 84' lang='lat' dir='ltr'>adn.</span> <span class='ocrx_word' id='word_1_448' title='bbox 1503 4830 1527 4876; x_wconf 81' lang='lat'>2.</span> <span class='ocrx_word' id='word_1_449' title='bbox 1580 4826 1591 4856; x_wconf 85' lang='lat'>⁴</span> <span class='ocrx_word' id='word_1_450' title='bbox 1609 4828 1696 4892; x_wconf 83' lang='lat' dir='ltr'>poscit</span> <span class='ocrx_word' id='word_1_451' title='bbox 1709 4832 1738 4875; x_wconf 83' lang='grc'>11,</span> <span class='ocrx_word' id='word_1_452' title='bbox 1757 4839 1818 4893; x_wconf 85' lang='lat' dir='ltr'>po··</span> 
     </span>
     <span class='ocr_line' id='line_1_41' title="bbox 520 4909 1805 4977; baseline 0 -17"><span class='ocrx_word' id='word_1_453' title='bbox 520 4916 574 4962; x_wconf 75' lang='lat' dir='ltr'>tert</span> <span class='ocrx_word' id='word_1_454' title='bbox 594 4915 616 4961; x_wconf 92' lang='lat' dir='ltr'>f.</span> <span class='ocrx_word' id='word_1_455' title='bbox 681 4910 702 4944; x_wconf 86' lang='lat'>¹⁰</span> <span class='ocrx_word' id='word_1_456' title='bbox 719 4927 752 4961; x_wconf 84' lang='lat' dir='ltr'>ac</span> <span class='ocrx_word' id='word_1_457' title='bbox 771 4913 795 4961; x_wconf 85' lang='lat'>1.</span> <span class='ocrx_word' id='word_1_458' title='bbox 816 4916 843 4961; x_wconf 86' lang='lat' dir='ltr'>et</span> <span class='ocrx_word' id='word_1_459' title='bbox 860 4916 889 4961; x_wconf 82' lang='grc'>11.</span> <span class='ocrx_word' id='word_1_460' title='bbox 958 4909 978 4942; x_wconf 80' lang='lat'>²¹</span> <span class='ocrx_word' id='word_1_461' title='bbox 998 4918 1073 4962; x_wconf 82' lang='lat' dir='ltr'>tuam</span> <span class='ocrx_word' id='word_1_462' title='bbox 1092 4911 1256 4977; x_wconf 78' lang='lat' dir='ltr'>dignitatem</span> <span class='ocrx_word' id='word_1_463' title='bbox 1275 4914 1299 4960; x_wconf 86' lang='lat' dir='ltr'>f.</span> <span class='ocrx_word' id='word_1_464' title='bbox 1324 4911 1451 4961; x_wconf 83' lang='lat' dir='ltr'>decorum</span> <span class='ocrx_word' id='word_1_465' title='bbox 1469 4918 1497 4961; x_wconf 77' lang='grc' dir='ltr'>Η.</span> <span class='ocrx_word' id='word_1_466' title='bbox 1567 4911 1589 4943; x_wconf 71' lang='grc'><strong><em>”</em></strong></span> <span class='ocrx_word' id='word_1_467' title='bbox 1608 4912 1680 4977; x_wconf 87' lang='lat' dir='ltr'>apud</span> <span class='ocrx_word' id='word_1_468' title='bbox 1698 4929 1727 4963; x_wconf 83' lang='lat' dir='ltr'>se</span> <span class='ocrx_word' id='word_1_469' title='bbox 1744 4918 1805 4976; x_wconf 78' lang='lat' dir='ltr'>post</span> 
     </span>
     <span class='ocr_line' id='line_1_42' title="bbox 519 4995 1343 5062; baseline -0.002 -18"><span class='ocrx_word' id='word_1_470' title='bbox 519 4995 661 5062; x_wconf 78' lang='lat' dir='ltr'>indignum</span> <span class='ocrx_word' id='word_1_471' title='bbox 679 4998 782 5048; x_wconf 67' lang='lat' dir='ltr'>adda.</span> <span class='ocrx_word' id='word_1_472' title='bbox 833 4996 855 5027; x_wconf 79' lang='lat'>²⁶</span> <span class='ocrx_word' id='word_1_473' title='bbox 874 4996 961 5046; x_wconf 84' lang='lat' dir='ltr'>.Cnm</span> <span class='ocrx_word' id='word_1_474' title='bbox 979 5003 1008 5047; x_wconf 79' lang='lat' dir='ltr'>n.</span> <span class='ocrx_word' id='word_1_475' title='bbox 1062 4996 1084 5028; x_wconf 71' lang='lat'>²⁸</span> <span class='ocrx_word' id='word_1_476' title='bbox 1103 5033 1109 5045; x_wconf 90' lang='lat'><strong>.</strong></span> <span class='ocrx_word' id='word_1_477' title='bbox 1131 4997 1188 5044; x_wconf 89' lang='lat' dir='ltr'>lmo</span> <span class='ocrx_word' id='word_1_478' title='bbox 1206 5001 1235 5045; x_wconf 78' lang='lat' dir='ltr'>n.</span> <span class='ocrx_word' id='word_1_479' title='bbox 1253 5011 1305 5046; x_wconf 81' lang='lat' dir='ltr'>aec.</span> <span class='ocrx_word' id='word_1_480' title='bbox 1320 4998 1343 5043; x_wconf 84' lang='lat'>2.</span> 
     </span>
    </p>
   </div>
   <div class='ocr_carea' id='block_1_4' title="bbox 0 0 2154 6052">
    <p class='ocr_par' dir='ltr' id='par_1_4' title="bbox 0 0 2154 6052">
     <span class='ocr_line' id='line_1_43' title="bbox 0 0 2154 6052; baseline 0 0"><span class='ocrx_word' id='word_1_481' title='bbox 0 0 2154 6052; x_wconf 95' lang='lat' dir='ltr'> </span> 
     </span>
    </p>
   </div>
  </div>
 </body>
</html>
