4300 6059
903 1345 1131 1395 annertDn
1318 1342 1353 1392 nd
1371 1343 1424 1394 vol.
1439 1345 1474 1394 11.
1488 1360 1552 1409 pag.
1566 1343 1633 1413 128,Ι

490 1439 624 1488 ERASMI
643 1438 724 1489 lton.
744 1440 793 1488 AD
812 1439 1054 1490 MEROVRINVM
1074 1436 1328 1487 aan'rtrtntttvu
1347 1437 1536 1488 EPISTVLA.

841 1656 1190 1776 ccccxxvnr*
1427 1681 1662 1755 nQ

456 1834 481 1888 S.
498 1833 525 1888 P.
542 1832 790 1892 Celsitmlinistuae
812 1835 919 1893 litteras
941 1842 983 1895 28.
1008 1832 1130 1890 octobris
1152 1831 1228 1886 datas
1250 1828 1339 1902 recepi
1368 1829 1418 1884 snb
1447 1829 1525 1887 tinem
1547 1829 1657 1905 Aprilis.

351 1917 502 1992 aequatem
525 1937 576 1992 pro
598 1918 745 1992 diplomate
768 1922 911 1995 impetrato
933 1922 1048 1995 gratiam
1071 1917 1157 1973 babeo
1180 1915 1319 1971 maximam
1343 1921 1371 1969 ct
1386 1914 1513 1972 Caesareae
1528 1916 1659 1975 llaiestati

370 2013 398 2057 et
422 2012 473 2062 tuac
497 2004 523 2058 in
546 2021 588 2060 me
610 2004 821 2077 benevolentiae,
851 2024 1005 2080 quanquam
1033 2002 1102 2060 nibil
1130 2020 1162 2057 co
1185 2000 1338 2075 profectum
1361 2009 1415 2061 est,
1444 2003 1494 2056 nisi
1518 2002 1590 2075 qnod
1612 2003 1659 2057 iri·

373 2088 420 2143 tati
443 2089 589 2167 ambrones
613 2090 702 2145 acrius
724 2092 846 2147 saeviunt.
890 2092 944 2147 Nec
966 2089 1106 2165 pensionis
1130 2085 1183 2143 ulla
1200 2104 1262 2161 spes
1279 2085 1447 2147 ostenditur,
1470 2085 1522 2141 nisi
1539 2104 1657 2150 reverso.

371 2190 455 2245 eaque
478 2191 591 2247 prorsus
615 2175 727 2230 incerta.
771 2177 852 2249 Atqui
882 2177 904 2231 si
934 2176 1044 2232 morbus
1072 2190 1127 2229 non
1155 2172 1221 2227 satis
1249 2179 1358 2226 excusat
1385 2187 1471 2226 meam
1501 2171 1658 2234 absentiam.

371 2267 444 2312 eertc
467 2276 510 2313 res
534 2260 560 2313 in
577 2258 716 2315 Germania
732 2270 817 2333 gestae
832 2261 966 2317 debebant
989 2280 1002 2317 a
1025 2262 1122 2317 damno
1146 2257 1287 2312 vindicare.
1332 2254 1471 2311 Declarant
1493 2273 1554 2312 esse
1576 2257 1659 2313 veris·

338 2343 468 2398 ttsirnnm
492 2344 563 2417 quod
587 2344 685 2407 diram.
709 2345 906 2403 Lateranorum
930 2347 955 2401 iu
979 2363 1021 2401 mc
1044 2344 1181 2403 fremitus,
1204 2341 1370 2415 profitentur
1391 2349 1418 2396 et
1440 2341 1605 2415 exprobrant
1628 2342 1659 2397 li·

370 2427 449 2481 bellis
473 2428 595 2490 rabiosis,
620 2440 720 2503 praeter
743 2431 811 2487 alios
827 2433 975 2491 llnttenas.
1000 2430 1070 2486 Otho
1087 2425 1288 2488 Bruaslcldius,
1311 2434 1452 2499 postremo
1468 2422 1585 2483 luterus
1601 2429 1659 2502 ipse

371 2513 416 2584 qui
441 2513 512 2568 iusto
536 2513 671 2572 volumine
695 2517 835 2589 respondit
858 2535 925 2573 ancre
954 2516 1093 2574 diatribae,
1122 2513 1169 2568 sed
1198 2513 1237 2566 sic
1266 2519 1297 2566 ut
1325 2511 1439 2567 antebac
1469 2513 1495 2566 in
1523 2514 1658 2568 neminem

370 2597 509 2670 scripserit
532 2597 672 2660 hostilius.
696 2595 828 2657 neminem
853 2603 975 2657 extitisse
998 2602 1043 2675 qni
1067 2599 1152 2671 magis
1175 2597 1314 2652 obstiterit
1330 2595 1488 2670 Evangelio,
1512 2598 1550 2653 sie
1566 2598 1659 2673 appel·

371 2681 427 2736 lant
449 2683 564 2738 heresim
588 2701 677 2744 suam.
701 2703 781 2759 quam
804 2687 938 2742 Erasmus.
985 2687 1114 2743 Fateatur
1137 2682 1188 2737 lroc
1210 2682 1390 2736 cordatissimi
1409 2683 1508 2755 quique
1524 2686 1657 2738 neminem

337 2768 458 2838 astringis
481 2768 597 2840 fregisse
620 2769 954 2843 spiritus·lriteranornrrr
976 2789 1057 2845 quam
1081 2786 1130 2824 me.
1175 2767 1228 2822 Nec
1251 2766 1356 2822 interim
1379 2784 1562 2823 commemoro
1578 2785 1659 2840 quam

368 2850 469 2907 multos
492 2854 603 2909 secretis
625 2853 770 2929 colloquiis
792 2864 839 2912 aut
861 2856 985 2930 epistolis
1015 2855 1055 2912 rel
1085 2853 1231 2909 revocarim
1259 2852 1401 2913 seductos,
1430 2850 1470 2906 rel
1500 2854 1658 2909 retinuerim

369 2935 532 2993 vacillantes.
577 2939 609 2994 Et
632 2939 689 2996 laec
717 2942 803 2997 audeo
832 2944 858 2997 in
886 2961 917 2998 ea
939 2942 1088 2998 Germaniae
1116 2946 1207 3013 parte,
1238 2936 1264 2991 in
1291 2938 1368 2992 cuins
1396 2938 1515 2993 conlinio
1545 2939 1658 2994 maxime

369 3032 464 3093 regnat
486 3023 576 3078 tactio.
623 3023 726 3081 Utinam
749 3026 837 3083 Cesar
859 3035 1002 3101 pernosset
1025 3042 1132 3083 omnem
1155 3022 1261 3095 negocii
1283 3030 1398 3077 statum:
1428 3039 1483 3077 non
1506 3021 1594 3078 solnm
1617 3025 1659 3078 in·

368 3106 471 3161 dicaret
493 3124 534 3162 me
557 3108 695 3180 indignum
719 3112 764 3184 qni
789 3112 898 3168 frauder
920 3113 1067 3186 pensione,
1096 3110 1142 3164 sed
1171 3108 1243 3162 ultro
1273 3108 1374 3162 maiora
1401 3107 1521 3163 deterret
1549 3111 1658 3181 praemia

336 3201 469 3263 tornagno
492 3193 589 3266 capitis
612 3194 733 3266 periculo
756 3214 816 3252 cnm
839 3198 945 3271 potenti
970 3198 1087 3253 frictione
1109 3192 1285 3267 depugnanti.
1323 3194 1362 3247 alc
1383 3192 1448 3247 mihi
1471 3193 1579 3267 quidem
1602 3193 1658 3249 sul·

369 3277 423 3331 licit
446 3277 514 3332 bona
537 3280 701 3334 conscicntia
725 3290 753 3336 et
775 3283 947 3355 praemiorum
971 3281 1087 3356 largitor
1109 3279 1247 3339 tllrristns,
1270 3294 1350 3350 quem
1373 3278 1404 3333 ad
1427 3280 1536 3333 modum
1551 3279 1595 3351 pie
1612 3288 1657 3334 tua

368 3371 461 3417 monet
483 3363 641 3435 prudentia,
666 3366 712 3420 scd
736 3367 842 3422 interim
866 3386 880 3421 a
905 3368 1152 3440 tergocouiossns
1175 3382 1188 3418 a
1212 3380 1277 3419 meae
1299 3364 1385 3435 partis
1408 3362 1579 3426 bominibus,
1602 3380 1657 3419 non

367 3448 490 3501 sustineo
514 3448 565 3502 iim
587 3456 615 3503 et
638 3449 766 3523 impetum
790 3452 1014 3508 adversariorum.
1058 3453 1186 3507 latomus
1210 3449 1260 3504 iam
1283 3449 1387 3520 pridem
1411 3447 1571 3522 implacabili
1595 3449 1658 3506 odio

368 3530 487 3593 laborat,
514 3542 569 3588 tum
592 3535 618 3588 in
642 3552 684 3590 me
708 3544 764 3591 tam
788 3538 814 3591 in
839 3537 922 3593 lamas
945 3537 1058 3593 litteras.
1104 3539 1128 3592 ls
1152 3534 1264 3605 instigat
1285 3533 1414 3590 decanum
1438 3541 1465 3588 et
1487 3534 1564 3595 alios,
1587 3551 1658 3608 prae·

333 3623 358 3662 2⁵
370 3617 461 3673 sertim
493 3618 654 3681 monachos,
685 3638 801 3692 qnorum
831 3623 1013 3678 immoderatis
1041 3620 1182 3679 allectibus
1211 3619 1261 3673 nisi
1291 3618 1496 3675 monarchorum
1525 3620 1658 3692 sapientia

368 3700 462 3756 irenes
485 3702 622 3765 iniecerit,
651 3714 725 3760 reeta
749 3707 858 3761 tendent
882 3709 907 3761 io
932 3708 1031 3771 eritnm
1056 3708 1210 3780 linguarum
1233 3721 1263 3759 ac
1286 3705 1423 3776 politioris
1445 3703 1607 3760 litteraturae
1630 3713 1657 3759 et

367 3785 418 3841 snb
434 3788 558 3859 specioso
583 3788 663 3843 titulo
687 3789 819 3847 laedentur
842 3793 952 3847 innoxii.
989 3792 1024 3847 Ea
1048 3811 1092 3847 res
1115 3798 1298 3865 praeterquam
1321 3791 1393 3862 qnod
1415 3789 1584 3862 iniquissima
1606 3799 1657 3851 est,

366 3872 528 3927 corroborat
551 3872 632 3928 otiam
655 3877 756 3947 parteis
780 3876 871 3932 Lnteri
900 3885 927 3933 et
954 3895 1004 3950 pro
1026 3877 1127 3933 Lutero
1150 3882 1255 3946 pugnat
1278 3874 1400 3948 quisquis
1423 3890 1495 3929 nunc
1517 3875 1658 3949 impugnat

368 3954 516 4011 Erasmum.
561 3958 755 4030 providendum
779 3969 806 4016 et
829 3961 880 4017 lroc
903 3962 1088 4036 principibus.
1119 3969 1148 4017 nt
1181 3976 1320 4032 oppressae
1342 3960 1468 4015 factionis
1490 3960 1579 4032 gloria
1601 3977 1657 4016 non

332 4047 357 4085 ³0
368 4041 445 4096 cedat
468 4041 494 4095 in
518 4042 662 4098 utilitatem
686 4047 868 4118 quorundam,
893 4047 938 4120 qui
962 4065 1039 4103 suum
1062 4056 1147 4121 agunt
1169 4035 1327 4117 negocium.
1351 4045 1398 4101 sed
1421 4047 1447 4099 in
1463 4044 1597 4118 publicam
1613 4063 1656 4102 ec-

367 4222 441 4271 Inter
460 4223 530 4272 olins
550 4225 639 4274 adbuc
659 4228 778 4278 ineditas
797 4231 904 4279 Erosmi
923 4231 1092 4297 aliorumque
1111 4229 1259 4295 epistulas,
1286 4243 1353 4291 quos
1372 4245 1389 4278 a
1406 4245 1432 4280 v.
1453 4228 1488 4279 cl.
1507 4230 1657 4280 Hnebnero

365 4309 547 4371 transcriptos
566 4309 725 4362 Theodorus
743 4314 925 4365 Mommsenus
943 4332 1048 4365 mecum
1068 4315 1294 4375 communicavit,
1314 4314 1385 4364 liene
1403 4315 1555 4364 Hnttenum
1574 4317 1657 4366 etiarn

367 4397 574 4451 memorantem,
600 4400 685 4444 totam
705 4399 812 4448 Eresmi
832 4416 914 4449 monn
933 4402 1080 4467 scriptam,
1100 4400 1229 4451 exhibere
1248 4401 1335 4451 visnm
1360 4406 1414 4463 eat,
1439 4415 1499 4450 eum
1517 4417 1574 4466 prae
1594 4401 1657 4450 eliis

366 4475 501 4524 hominem
526 4479 583 4528 suis
603 4480 740 4531 coloribus
760 4483 901 4550 depingat.
938 4487 1023 4536 Extat
1041 4487 1152 4537 Medriti
1172 4487 1243 4535 inter
1263 4486 1364 4534 ‘Fari-tna
1382 4488 1538 4536 deamones
1556 4489 1658 4537 r'tnatrer

366 4562 571 4625 dctsr'pIoXV1.',
594 4565 620 4612 in
635 4565 809 4617 Bibliotheca
822 4570 990 4620 Academico
1009 4587 1033 4621 a.
1050 4570 1122 4621 1518.
1144 4588 1177 4621 err
1196 4571 1291 4621 arclrio
1310 4571 1476 4621 Simancano
1494 4571 1656 4622 translates.

434 4830 454 4861 ¹²
473 4833 582 4898 volum]
602 4837 644 4885 De
658 4853 736 4887 serre
751 4840 874 4890 arbitrio.
911 4842 954 4892 Cf.
968 4845 1076 4894 Erasmi
1097 4847 1131 4896 nd
1149 4849 1262 4898 Lntlrcr.
1278 4849 1357 4913 epist.
1371 4850 1458 4902 llesil.
1472 4849 1498 4900 d.
1513 4849 1553 4899 ll.
1568 4851 1654 4916 April.

368 4931 392 4964 a.
410 4915 481 4965 taen.
495 4918 551 4966 dat.
567 4921 607 4969 ed,
623 4922 709 4988 Lugd.
725 4925 785 4973 Bet.
802 4923 874 4975 1706.
889 4926 926 4975 n‘l.
940 4943 1049 4978 ncccrr.
1104 4930 1124 4961 ²¹
1143 4935 1207 4996 piae
1225 4951 1316 4997 opopr.
1368 4931 1391 4964 ²¹
1408 4936 1545 4985 confossis
1561 4952 1655 5002 upopr.

365 4998 386 5029 ²³
400 5003 544 5064 sraqstipreo
563 5022 654 5070 npoyr.
707 5006 729 5039 ²⁶
748 5009 848 5059 exitum
869 5011 928 5074 (non
947 5015 1070 5079 exitium)
1090 5033 1180 5081 apapr.
1233 5016 1256 5050 ²⁷
1273 5019 1399 5070 ledentur
1416 5039 1507 5087 ttptnpr.
