4300 6059
375 604 388 636 0

525 645 647 719 flvdrssrtr
667 682 696 719 IN
715 684 808 719 DVCRX
826 647 1104 720 winrnnrunonnsnx
1122 682 1225 720 OBfflO
1244 682 1300 718 1111.
1325 683 1353 718 Ι·
1366 681 1431 718 ΗΘ.
1444 683 1471 719 Δ.
1486 676 1545 717 ldl'l·
1625 653 1672 723 55

388 841 417 899 in
442 858 497 900 nos
519 858 536 900 a
558 837 645 900 nullis
667 838 774 899 nostris
797 837 921 899 deducta
944 838 1054 897 meritis
1076 837 1129 899 sed
1152 856 1187 898 ex
1209 838 1412 898 recordatione
1440 835 1585 898 scelerum
1607 844 1672 898 tuo·

387 960 454 1000 rum
478 941 652 1020 deprompta
675 941 811 1000 evomas?
834 941 947 1019 quoties
962 941 1039 1000 enim
1053 940 1206 1023 audiemus
1217 939 1278 1009 ¹lroc
1293 948 1376 1000 tunm
1399 938 1559 1007 ‘Peioravit
1583 939 1672 1000 lldem
1686 958 1732 1009 qs,

386 1042 485 1102 datam
508 1041 620 1112 teretur,
645 1043 744 1102 necari
766 1041 888 1110 meruit,
912 1040 987 1101 male
1009 1043 1145 1102 meritum
1168 1041 1293 1118 punivit’
1319 1041 1370 1114 llic
1392 1041 1509 1101 tandem
1525 1059 1581 1119 qua
1597 1042 1625 1100 in
1641 1058 1674 1102 re

385 1145 474 1205 sideru
499 1122 614 1213 t'etetlir,
638 1150 686 1203 aut
710 1144 779 1222 quid
802 1144 958 1221 peieravit‘?
980 1143 1064 1203 istam
1087 1142 1173 1202 nobis
1196 1160 1313 1204 causam
1337 1159 1465 1219 expone,
1498 1143 1574 1202 istud
1597 1141 1673 1204 male

363 1247 527 1306 smeritum
552 1245 671 1324 planum
694 1247 754 1306 lac:
778 1247 834 1305 iam
855 1252 970 1322 tempus
993 1252 1091 1306 estut
1113 1252 1194 1304 tuum
1217 1245 1326 1305 lactum
1348 1243 1502 1312 delendas,
1525 1262 1593 1304 nam
1615 1263 1673 1325 qua

385 1367 465 1408 nnnc
489 1349 594 1418 uteris,
625 1346 703 1408 nulla
727 1347 856 1407 defensio
880 1355 937 1406 est:
967 1347 1036 1407 dum
1059 1348 1111 1408 ista
1135 1348 1318 1413 conviciaris,
1350 1365 1384 1407 ex
1414 1352 1442 1405 te
1471 1344 1542 1405 alios
1568 1347 1670 1424 smgis3

384 1450 437 1509 sed
460 1448 532 1509 nihil
555 1450 630 1527 agis,
654 1449 733 1528 quod
756 1456 785 1508 et
807 1457 906 1508 notum
930 1455 974 1509 est
996 1450 1065 1528 quid
1088 1457 1120 1509 tu
1143 1449 1338 1517 commiseris,
1369 1455 1397 1508 et
1417 1454 1553 1507 testatum
1576 1445 1669 1526 quali·
1718 1462 1728 1477 ‘

384 1559 431 1612 ter
455 1549 502 1611 illo
526 1552 641 1621 vixerit,
666 1554 765 1612 cui-tn
789 1556 905 1611 mortuo
928 1552 1045 1611 crimen
1055 1553 1195 1630 imputas:
1219 1558 1247 1611 at
1262 1551 1466 1610 invictissimus
1481 1548 1586 1617 Gaesar,
1609 1547 1728 1612 lor-to.

385 1655 488 1714 tissimi
508 1654 656 1731 principes
678 1672 713 1713 ac
735 1655 788 1712 riri
811 1653 949 1714 Germani
971 1652 1072 1713 audire
1096 1654 1217 1731 cupiunt
1238 1671 1324 1731 quam
1348 1661 1379 1714 tu
1400 1669 1494 1712 causae
1509 1658 1567 1711 tuat
1582 1652 1671 1730 aequi·
1764 1666 1769 1676 ·

350 1763 476 1816 iontem
500 1756 652 1833 prael'oras,
676 1755 754 1833 quod
778 1755 833 1814 iuri
854 1761 906 1813 tuo
930 1752 1150 1814 laudamentum
1173 1753 1346 1823 substituas,
1369 1754 1447 1831 qnod
1464 1752 1604 1813 maleficio
1620 1770 1670 1830 pa-

384 1859 542 1917 trocinium
570 1864 728 1935 praetexam
764 1873 855 1935 quare
883 1857 1001 1916 iterum
1017 1855 1071 1915 abs
1100 1863 1128 1915 te
1154 1863 1240 1932 peto,
1272 1875 1338 1916 oum
1366 1857 1450 1915 toties
1480 1855 1670 1932 perfidiosum

383 1979 486 2027 voces,
510 1960 595 2018 toties
617 1966 711 2036 ruptae
733 1945 809 2047 fidei¹
822 1958 944 2018 crimine
966 1957 1140 2035 perfundas,
1163 1957 1232 2036 qnid
1248 1958 1365 2018 tandem
1382 1964 1439 2025 est,
1463 1959 1492 2017 in
1508 1956 1669 2046 quotidem

383 2059 431 2121 ille
454 2060 506 2120 tibi
531 2061 633 2137 tregit?
656 2077 720 2138 quae
742 2059 838 2128 lrauS,
862 2058 939 2136 quod
963 2058 1180 2128 iusiurandum,
1210 2059 1287 2138 quod
1310 2059 1490 2139 periurium?
1512 2058 1668 2119 dicendum

383 2161 436 2223 tibi
460 2163 597 2221 iamnunc
620 2162 713 2241 siquid
737 2161 843 2229 halles,
874 2160 992 2221 dillerre
1021 2161 1056 2221 ah
1087 2161 1142 2220 hoo
1171 2159 1217 2220 die
1247 2162 1412 2223 nonlicet:
1443 2179 1480 2220 au
1503 2161 1580 2238 apud
1602 2158 1727 2221 illustr.

350 2264 550 2324 rainlerorum
572 2262 682 2323 iudices
711 2261 778 2322 lauti
806 2263 949 2322 rationem
978 2264 1046 2341 quia
1076 2262 1197 2331 reddes,
1232 2262 1280 2323 hio
1308 2264 1391 2324 reddi
1418 2281 1477 2323 non
1505 2260 1670 2339 oportebit?

383 2364 445 2425 Nisi
468 2371 549 2424 tauta
568 2365 684 2424 tristitia
708 2371 789 2423 tuum
813 2364 921 2424 lactum
944 2383 1047 2425 omnes
1070 2365 1227 2434 affecisset,
1255 2374 1289 2426 nt
1316 2367 1346 2425 in
1374 2383 1488 2425 summa
1517 2364 1669 2425 commise-

312 2457 328 2471 “
383 2468 507 2526 ratione*
521 2464 592 2525 nulli
614 2465 696 2526 lusus
718 2467 768 2532 sit,
793 2465 926 2543 prolecto
949 2466 1089 2527 ridiculus
1110 2474 1142 2527 tu
1164 2484 1259 2528 causae
1281 2474 1339 2527 tuae
1361 2477 1441 2528 actor
1464 2468 1493 2526 iu
1515 2466 1572 2526 hoo
1595 2465 1669 2526 iudi-

383 2570 462 2628 cium
486 2564 630 2634 venisses,
660 2567 711 2627 ubi
741 2568 865 2651 septimo
894 2568 1007 2627 ‹leoimo
1034 2588 1135 2630 mense
1165 2577 1319 2649 postquam
1350 2571 1485 2645 punivisti
1513 2586 1597 2627 reum
1625 2568 1671 2648 (ut

384 2678 435 2730 tuo
458 2670 574 2729 interim
597 2667 686 2728 verbo
710 2669 785 2748 utar)
814 2687 948 2739 aecusaS,
980 2670 1135 2731 interiecto
1165 2671 1279 2750 culpam
1310 2671 1459 2748 adsignas,
1493 2676 1574 2729 tanto
1603 2675 1670 2729 ante

348 2784 374 2820 2⁸⁰
386 2770 517 2848 iugulato
540 2770 592 2831 abs
613 2778 641 2831 te
665 2772 775 2831 crimen
799 2771 936 2848 adfingis,
960 2774 990 2832 in
1012 2781 1161 2833 mortuum
1178 2773 1265 2843 diois,
1288 2791 1323 2832 ac
1338 2772 1424 2841 istos,
1448 2771 1668 2849 impientissime

384 2873 531 2942 carnifex,
562 2890 664 2933 manes
693 2870 843 2943 sollicitas,
873 2875 1004 2935 cinerem
1031 2892 1145 2944 moveS,
1175 2893 1240 2934 ossa
1268 2880 1441 2933 contractas.
1487 2872 1561 2942 Quid
1591 2871 1666 2933 ultra
1680 2884 1727 2935 to.

384 2962 516 3037 conabor
537 2976 641 3053 igitur,
669 2974 826 3045 Germani,
856 2983 905 3035 aut
931 2994 992 3054 quo
1020 2977 1123 3037 ordine
1151 2977 1219 3036 huic
1242 2975 1441 3036 calumniatori
1465 2974 1670 3053 respondebo?

384 3077 456 3155 quid
479 3078 608 3156 primum
629 3084 678 3136 aut
700 3077 768 3155 quid
793 3075 894 3135 ultimo
917 3076 1031 3137 dicam?
1054 3097 1087 3137 ea
1111 3085 1155 3139 est
1177 3079 1259 3156 copia
1278 3096 1343 3154 quae
1358 3094 1405 3136 me
1421 3076 1534 3145 turbat,
1557 3076 1670 3136 isordo

384 3197 473 3258 quem
495 3175 659 3239 inconsulta
683 3178 769 3237 liuius
791 3179 884 3237 oratio
908 3180 1017 3239 servari
1040 3197 1100 3238 non
1122 3179 1198 3240 sinit.
1243 3180 1370 3257 primum
1398 3178 1484 3255 igitur
1513 3181 1567 3238 iste
1590 3180 1669 3256 inge·

349 3284 435 3342 asnio
463 3300 498 3340 ac
528 3278 675 3341 voluntate
698 3279 844 3357 peccarit,
875 3287 940 3358 post
967 3280 1119 3350 manibus,
1150 3299 1229 3341 nunc
1258 3281 1375 3341 demum
1404 3279 1501 3357 lingua
1529 3280 1670 3356 llagitium

383 3381 576 3461 aggreditur;
604 3384 739 3443 cuicum
763 3380 928 3458 petulanter
949 3379 1036 3442 bonis
1058 3381 1232 3442 maledicere
1257 3381 1388 3461 voluptas
1416 3382 1466 3449 sit,
1499 3399 1585 3458 quam
1609 3399 1669 3441 non

383 3483 540 3546 molestum
563 3486 628 3544 lore
650 3484 757 3562 putatis
779 3481 855 3542 male
878 3483 996 3545 audiret
1019 3502 1186 3561 quanquam
1209 3502 1268 3543 non
1290 3485 1394 3561 ignoro
1422 3501 1509 3561 quem
1538 3483 1668 3561 petulan·
1683 3492 1729 3544 §.tt

383 3590 431 3648 tia
455 3587 541 3647 huius
563 3587 733 3664 magistrum
756 3583 909 3654 habuerit,
932 3585 986 3646 sub
1010 3604 1068 3663 quo
1092 3585 1211 3646 rhetore
1233 3588 1286 3646 ista
1313 3585 1533 3646 declamaverit:
1565 3602 1670 3662 nempe

384 3710 399 3749 a
424 3707 483 3768 quo
506 3689 627 3749 edoctus
649 3693 693 3747 est
715 3688 800 3746 istam
824 3704 991 3765 proponere
1014 3689 1232 3765 exceptionem,
1262 3695 1294 3749 nt
1316 3689 1391 3748 dicat
1413 3685 1588 3765 quibusdam
1610 3687 1670 3746 suis

351 3792 471 3852 aolaotis
493 3808 552 3850 non
575 3790 632 3849 hoo
653 3789 792 3849 iudicium
816 3795 997 3866 competere,
1021 3790 1099 3867 apud
1121 3789 1192 3849 alios
1214 3790 1323 3851 iudicas
1346 3789 1526 3849 tractandam
1542 3805 1668 3848 causam.

385 3893 427 3953 Te
450 3893 539 3969 igitur
561 3874 668 3951 frustra
685 3891 824 3952 disertum
841 3908 893 3968 per
910 3891 1098 3952 Germaniam
1114 3892 1273 3963 creditum,
1297 3891 1505 3971 Lampreclrte,
1529 3908 1563 3950 ex
1575 3951 1577 3955 ,
1588 3891 1671 3949 cuius

386 3995 504 4071 ingenio
527 3993 590 4052 haec
617 4001 676 4054 tam
704 3989 831 4052 absurda
859 3991 967 4070 prodiit
993 3992 1139 4061 defensio:
1177 4012 1250 4073 qnos
1278 3996 1354 4054 enim
1382 3994 1548 4073 pontifices,
1583 4009 1670 4070 qnam

385 4096 509 4156 llomam
532 4112 621 4172 supra
644 4093 725 4153 orbis
746 4100 833 4154 terrae
855 4095 1063 4171 imperatorem
1087 4097 1255 4156 constituis?
1284 4103 1333 4156 aut
1355 4102 1498 4174 quatenus
1520 4093 1576 4153 lroc
1599 4112 1670 4153 con·
1712 4104 1715 4112 '

386 4205 500 4256 lemnes
522 4197 692 4274 imperium,
716 4195 761 4254 his
783 4194 887 4257 illudes
909 4197 1111 4275 principibus?
1134 4200 1291 4277 quicquam
1312 4199 1341 4257 in
1357 4198 1512 4259 Germania
1536 4197 1736 4259 commit-tro.

351 4299 459 4361 utitur
482 4298 560 4377 quod
582 4298 655 4358 inibi
677 4297 798 4358 iudicari
822 4315 879 4357 uon
903 4297 1026 4358 debeat?
1054 4299 1097 4358 sic
1124 4307 1254 4359 nostram
1283 4301 1391 4376 prodes
1417 4299 1598 4368 libertatem,
1628 4300 1670 4359 sic

388 4401 522 4461 Romano
537 4399 752 4460 lenocinaheris
768 4400 850 4477 iugo,
873 4400 930 4460 hoc
944 4399 1030 4463 nobis
1046 4401 1195 4461 servitium
1215 4401 1354 4463 induces?
1376 4421 1431 4464 neo
1445 4409 1479 4463 te
1490 4402 1579 4479 pudet
1595 4390 1670 4459 han'c

387 4510 497 4563 tantam
520 4501 746 4580 turpitudinem,
776 4500 916 4579 populare
939 4503 1038 4572 notan,
1069 4503 1194 4579 patrium
1223 4501 1319 4562 scelus
1347 4505 1384 4565 ad
1413 4511 1527 4566 exteras
1554 4520 1671 4581 quoque

456 4739 476 4771 ¹⁹
496 4739 551 4789 tuis
602 4739 695 4789 verbis
712 4754 779 4790 corr.
794 4745 821 4790 11.
878 4737 899 4771 ²¹
919 4745 1076 4791 contrectes
1093 4757 1162 4791 corr.
1175 4745 1204 4788 11.
1223 4755 1274 4789 rec.
1289 4741 1313 4788 2.
1325 4737 1522 4804 (contrectant)
1574 4743 1596 4776 ²⁸
1613 4758 1670 4794 ma·

387 4822 512 4893 gistrum]
538 4822 735 4874 cancellarium
758 4839 834 4874 sunm
859 4824 1019 4890 Gregorium
1044 4827 1215 4891 Lumpnrter,
1242 4825 1356 4874 orrudem
1380 4827 1425 4889 qni
1449 4843 1502 4876 non
1526 4830 1566 4877 ita
1589 4829 1669 4895 longe

387 4914 450 4976 post
463 4910 532 4974 fuga
543 4924 573 4958 se
586 4909 723 4959 subtraxit
741 4910 892 4959 ducis'irae.
913 4911 957 4959 Gt.
970 4910 1058 4973 Heyd.
1072 4912 1094 4959 1.
1109 4927 1134 4975 p.
1149 4910 1207 4960 464.
1221 4909 1277 4959 479.
1298 4909 1441 4959 Hominem
1461 4912 1533 4961 intro
1546 4913 1624 4974 (oret
1637 4915 1669 4964 V.

387 4997 411 5073 ξ.
425 4993 479 5059 33.)
499 4993 604 5044 ‘obiter'
623 5008 677 5042 non
694 4992 795 5042 blondo
815 4994 941 5059 depingit·
956 4995 1103 5044 lluttenua.
1156 4995 1177 5026 ²⁹
1197 4992 1314 5060 except]
1333 4993 1376 5044 cf.
1389 4994 1442 5045 vol.
1457 4996 1478 5046 1.
1492 5012 1518 5061 p.
1532 4998 1572 5046 72.
1591 5015 1632 5064 sq.

643 5176 689 5233 a&
