4300 6059
522 675 592 747 124
612 705 734 741 EVTTENI
744 705 780 740 ab
791 705 936 740 l'ltlllCll’ES
950 705 1076 740 (ιΕΒιΗΤ
1091 706 1200 742 unum
1213 706 1312 743 ’tunore
1326 705 1465 742 turnum
1479 707 1703 744 ΕΧΗΟΒΤΑΤΟῊΑ.
1717 692 1800 758 (titt.)

518 879 553 922 ac
568 860 697 931 choreis,
721 866 771 921 aut
792 860 934 941 siquando
956 860 1106 923 robustius
1128 863 1278 931 iocantur,
1301 861 1548 937 invocationibus
1570 860 1708 940 subigere
1723 865 1800 925 Tur·

519 981 577 1032 cas,
601 964 697 1024 Asiam
713 962 856 1042 diripere,
880 962 993 1042 Syriam
1008 982 1043 1025 ao
1057 961 1184 1025 ludaeam
1206 965 1235 1024 in
1252 942 1425 1042 potestatem
1439 958 1593 1044 redigere,
1615 983 1671 1025 nec
1686 983 1799 1028 moram

519 1064 558 1124 ibi
581 1063 669 1125 ullam
699 1071 749 1125 aut
771 1064 924 1142 regionum
948 1063 1255 1146 longinquitatemvel
1278 1065 1445 1127 diuturnam
1461 1066 1673 1144 navigatimem
1688 1085 1723 1128 ao
1738 1087 1799 1130 ma·

417 1160 419 1164 ⁴
466 1182 468 1186 ⁴
518 1167 594 1227 xima
622 1167 739 1234 itinera,
767 1173 817 1227 aut
845 1164 970 1244 plurima
991 1173 1071 1229 terra
1094 1156 1227 1246 marique
1249 1167 1414 1233 discrimina
1438 1176 1467 1228 et
1488 1184 1554 1246 quae
1576 1148 1710 1230 obeunda
1733 1179 1801 1232 sunt

518 1266 664 1346 pericula,
687 1268 716 1328 in
739 1268 881 1329 rationem
903 1276 1024 1339 vocaret,
1047 1269 1098 1330 sed
1121 1288 1179 1348 quo
1202 1288 1252 1331 eos
1273 1268 1434 1330 levisslmus
1456 1270 1579 1349 quisque
1594 1271 1699 1332 mentis
1713 1271 1821 1333 datust

449 1369 629 1451 tut-adigit,
659 1388 694 1431 eo
715 1356 813 1431 ιιιιιιιιι
840 1369 993 1449 colligere,
1022 1371 1091 1432 inde
1120 1373 1216 1432 omnia
1239 1372 1268 1451 in
1290 1389 1372 1448 spem
1394 1389 1520 1450 ponere:
1546 1390 1649 1433 verum
1670 1373 1742 1436 nihil
1764 1374 1800 1434 ad

517 1444 596 1546 ιιιιι,
625 1462 859 1551 (ιιιιιιιιιιῲιιιιιιι
888 1489 947 1533 non
970 1491 986 1532 a
1009 1471 1199 1544 stertentibus
1221 1472 1296 1533 vinci
1318 1491 1405 1551 posse
1417 1472 1556 1535 'creditur
1579 1475 1629 1552 qui
1652 1474 1801 1553 vigilantes

505 1587 635 1654 quoque
657 1576 818 1652 oppressit,
842 1593 897 1635 neo
920 1573 983 1635 lore
1005 1581 1037 1636 ut
1059 1574 1134 1635 ebrii
1155 1582 1332 1652 superenta
1356 1592 1414 1653 quo
1436 1573 1528 1635 sobrii
1550 1576 1616 1637 victl
1638 1585 1738 1645 sunt,-
1733 1585 1801 1637 aut
1861 1588 1864 1595 '

449 1684 539 1736 §muta
562 1674 749 1737 venatoribus
771 1681 804 1736 ut
831 1673 1014 1737 debellentur
1043 1678 1098 1755 qui
1123 1674 1279 1736 bellatores
1307 1675 1450 1736 contrivit.
1495 1644 1626 1755 Denique
1649 1696 1688 1757 qn
1726 1663 1800 1756 'pe-

516 1796 584 1840 rare
612 1776 715 1839 audet
726 1796 777 1839 eos
805 1780 854 1856 qui
882 1775 937 1839 levi
966 1777 1092 1855 quadam
1119 1779 1224 1838 mentis
1252 1778 1432 1856 agitatione
1425 1778 1470 1840 ab
1499 1779 1606 1841 intimis
1627 1779 1664 1850 ad
1686 1782 1798 1842 sumnia
1813 1795 1835 1834 ιι

516 1879 695 1940 transvolant
723 1886 810 1958 atque
840 1899 855 1940 e
884 1886 962 1940 terra
990 1881 1085 1941 statim
1109 1879 1216 1941 coelum
1236 1881 1408 1956 contingunt
1429 1899 1606 1959 rursumque
1628 1881 1679 1943 ubi
1702 1880 1802 1943 volunt

515 1982 583 2043 iude
606 1981 663 2042 buc
685 1982 863 2058 demigrant,
886 1981 914 2042 id
938 1981 1074 2042 estnihil
1097 1981 1229 2060 provide,
1253 1979 1325 2043 nihil
1348 2000 1383 2042 ex
1404 1983 1532 2051 ratione,
1555 1983 1607 2045 sed
1629 1985 1725 2045 omnia
1740 1991 1801 2045 stu·

474 2162 479 2171 ὁ
516 2083 584 2164 pide
606 2092 819 2163 proponentes,
842 2082 912 2143 illud
935 2080 1165 2167 tacturosquod
1179 2083 1352 2144 acutissime
1367 2084 1491 2162 ingeniis
1505 2085 1652 2154 nationes,
1675 2087 1800 2147 maxima

518 2186 647 2264 proditae
668 2185 807 2264 sapientia
829 2192 931 2262 gentes
952 2202 1065 2245 summa
1088 2184 1228 2246 industria
1252 2192 1338 2264 atque
1361 2187 1478 2265 optimis
1505 2185 1631 2247 consiliis
1659 2204 1718 2246 non
1748 2205 1800 2267 po·

450 2292 664 2350 §.ttttuerunt‘t
686 2287 768 2349 Adeo
789 2286 875 2348 nobis
897 2285 1018 2347 consilio
1040 2304 1114 2365 opus
1136 2305 1200 2348 esse
1221 2297 1302 2366 puto,
1325 2289 1375 2367 qui
1397 2307 1463 2349 cum
1487 2288 1618 2350 videmus
1639 2306 1690 2349 eos
1704 2291 1755 2368 qui
1769 2291 1799 2349 in
1812 2303 1834 2342 ιι

517 2387 647 2453 tenebris
669 2396 719 2451 aut
741 2390 789 2469 qui
812 2388 904 2451 oculis
927 2391 1003 2468 capti
1026 2393 1142 2459 errant,
1165 2389 1307 2468 siquando
1329 2387 1434 2468 pulsati
1456 2389 1493 2450 ab
1515 2389 1613 2468 aliquo
1629 2390 1746 2459 luerint,
1770 2392 1798 2450 in

517 2494 661 2554 incertum
684 2509 787 2553 manus
809 2492 962 2570 porrigere
984 2509 1018 2552 ac
1040 2493 1152 2569 impetu
1175 2491 1261 2562 terri,
1284 2491 1336 2553 sed
1359 2491 1430 2552 ιιιιιιι
1451 2510 1555 2572 agere,
1584 2491 1669 2553 uobis
1690 2490 1800 2570 aliquid

517 2593 689 2673 pollicemur
712 2594 789 2672 quod
812 2593 891 2655 nulla
913 2595 997 2671 prius
1018 2596 1132 2655 rationo
1155 2595 1358 2673 concepimus,
1382 2593 1462 2655 nullo
1485 2595 1691 2673 prospeximus
1706 2575 1800 2655 eonsi-

449 2695 571 2766 ovatio,
593 2695 672 2757 nulla
695 2697 864 2774 agitavimus
886 2694 1086 2774 providentia?
1108 2694 1184 2766 Quid
1207 2695 1284 2774 quod
1307 2698 1403 2757 omnia
1426 2716 1511 2777 paene
1531 2696 1649 2757 anobis
1662 2713 1800 2774 perverse

516 2799 562 2876 agi
584 2797 685 2860 video?
712 2798 741 2858 in
769 2798 905 2859 conviviis
933 2796 1219 2869 bellicatr'actamos
1241 2799 1372 2874 negotia;
1402 2797 1452 2875 ubi
1481 2797 1523 2878 (ut
1543 2799 1631 2878 nunc)
1661 2798 1697 2859 de
1719 2796 1835 2859 belloao

516 2899 697 2962 consultandi
723 2907 857 2978 tempus,
885 2898 997 2987 ludicra
1028 2901 1125 2960 omnia
1154 2911 1339 2962 exercemus:
1369 2901 1433 2978 quis
1461 2907 1595 2961 nostrum
1626 2901 1703 2960 enim
1731 2919 1799 2962 cum

515 3004 609 3080 vocati
631 3004 721 3063 umus
742 3009 775 3061 ut
796 3001 832 3062 de
854 2999 930 3062 bello
953 3001 1164 3071 consultemus,
1194 3020 1252 3062 non
1280 3000 1424 3127 conviqa'
1432 3000 1480 3062 bio
1502 3003 1588 3079 agit,·
1603 3001 1697 3064 aleam
1726 3000 1801 3062 ludit

415 3171 418 3176 ,
448 3113 572 3168 §.utana
593 3112 733 3166 strennue
755 3113 966 3182 nonnunquam
989 3103 1079 3167 bibit?
1108 3104 1201 3182 Atque
1224 3104 1285 3164 hac
1316 3119 1383 3163 cum
1412 3121 1442 3164 m
1469 3103 1554 3165 nobis
1575 3090 1719 3182 spmtem,
1749 3102 1800 3164 ali·

413 3267 415 3272 .
516 3207 586 3287 quid
608 3206 680 3268 naibi
703 3204 833 3285 polliceri
856 3204 951 3267 debeo
973 3204 1097 3266 feliciter
1119 3206 1175 3267 hoo
1198 3203 1274 3265 bello
1297 3195 1475 3274 cessurum,
1489 3206 1614 3267 maxime
1628 3207 1655 3265 si
1677 3205 1714 3266 ab
1737 3207 1800 3267 istis

515 3309 647 3370 moribus
662 3326 699 3368 ne
714 3306 804 3368 latum
827 3307 945 3385 quidem
968 3307 1090 3386 digitum
1114 3308 1351 3369 discesserimus?
1372 3326 1494 3387 sperare
1515 3306 1583 3368 licet
1605 3306 1668 3368 lore
1691 3314 1834 3375 utnosoa

515 3412 588 3473 deus
609 3405 792 3490 respiciate
784 3427 813 3469 vn
836 3409 898 3470 istis
919 3415 1000 3471 certe
1022 3407 1165 3479 consiliis,
1189 3417 1221 3470 ut
1242 3428 1321 3470 nunc
1343 3417 1425 3478 suot,
1449 3410 1473 3471 si
1486 3410 1630 3473 fiduciam
1652 3411 1800 3508 ponimus,

516 3513 647 3574 funditus
667 3510 818 3591 periimus
862 3510 1020 3600 periimus,
1049 3513 1184 3601 inquavp,
1213 3505 1282 3590 quid
1305 3513 1444 3573 rationis
1447 3512 1543 3582 onim,
1571 3511 1641 3590 quid
1670 3503 1801 3574 sanitatis

516 3615 608 3676 inest?
635 3632 669 3675 ac
697 3630 800 3674 eorum
829 3608 923 3689 omnis
949 3611 991 3685 ibi
1020 3611 1104 3691 culpa
1134 3621 1193 3684 est,
1220 3632 1235 3674 a
1264 3613 1371 3692 quibus
1398 3614 1596 3692 perniciosum
1623 3613 1680 3675 boc
1701 3614 1801 3692 prodit

446 3727 513 3778 t-ttt
521 3715 656 3794 exemplu
743 3714 862 3793 quidni?
884 3733 1011 3794 quorum
1033 3716 1160 3777 maxima
1181 3716 1218 3777 de
1240 3715 1284 3776 bis
1306 3735 1376 3777 cura
1399 3732 1463 3778 esse
1485 3715 1594 3785 debuit,
1617 3716 1646 3776 bi
1668 3735 1702 3778 re
1717 3734 1801 3794 paene

514 3818 626 3899 perdita
648 3835 663 3878 s
719 3817 745 3877 ri
767 3825 874 3896 agunt,·
894 3815 925 3878 bi
947 3819 1071 3879 maxime
1093 3820 1171 3882 soria
1191 3821 1220 3879 in
1242 3817 1418 3880 levissimum
1441 3824 1614 3880 convertunt
1634 3816 1742 3886 lusum,
1765 3830 1835 3881 actv

514 3921 564 3983 ubi
586 3939 668 3981 arma
688 3918 840 3982 tt'tctanda
863 3927 947 3991 sunt,
966 3920 1009 3992 ibi
1032 3922 1108 3983 inter
1130 3920 1234 4000 pocula
1249 3920 1385 3981 nocturni
1400 3919 1556 3997 diurnique
1570 3919 1687 3990 sedent¹
1711 3928 1741 3981 et
1756 3921 1800 3981 io·
1899 3943 1906 3958 ·

515 4025 600 4085 terim
622 4022 764 4086 Asiaticos
784 4023 930 4084 exercitus
952 4030 1141 4085 contemnere
1163 4022 1285 4092 audent,
1308 4041 1343 4084 ao
1365 4021 1450 4082 uobis
1472 4022 1541 4083 istas
1556 4021 1713 4082 ostendunt
1727 4023 1800 4084 ima·

514 4126 613 4204 gines,
649 4139 756 4202 magna
779 4123 904 4204 quidem
933 4133 1120 4194 ornamenta,
1154 4125 1206 4186 sed
1233 4124 1393 4202 maiorum,
1427 4122 1636 4221 otiocipes,
1666 4142 1799 4186 suorum.

447 4239 514 4292 §Mus
521 4229 630 4306 quippe
652 4225 763 4287 nullo
755 4245 820 4288 rure
841 4228 932 4288 virtus
954 4226 1130 4289 hereditaria
1152 4228 1198 4294 tit;
1226 4232 1256 4286 at
1277 4227 1367 4304 siquis
1395 4226 1483 4286 luerit
1510 4227 1560 4304 qui
1587 4233 1726 4287 strennue
1748 4226 1800 4288 ali·

513 4328 613 4407 quid
605 4346 668 4407 rpse
690 4305 805 4399 iecerit,
828 4329 924 4389 omnia
947 4328 1053 4417 favoris
1074 4327 1160 4406 plena
1183 4329 1324 4397 inveniet,
1348 4329 1444 4388 omnia
1466 4327 1575 4389 laudis:
1598 4345 1666 4387 nam
1687 4328 1834 4389 trustraas

468 4424 592 4492 domi
613 4436 766 4491 stemmata
788 4438 904 4491 servant
927 4431 976 4508 qui
999 4429 1080 4491 nullo
1103 4430 1174 4490 loris
1195 4429 1338 4508 praeclaro
1361 4430 1490 4491 facinore
1512 4427 1693 4490 nobilitatem
1720 4448 1800 4492 asse-

512 4540 597 4600 runt:
626 4550 793 4612 quanquam
822 4539 867 4593 ost
888 4532 984 4593 bonor
1007 4532 1139 4593 vetustati
1160 4534 1291 4608 generis,
1321 4532 1372 4593 sed
1399 4548 1452 4609 spe
1480 4529 1642 4610 quadam
1634 4532 1801 4594 innobiles

425 4656 430 4662 ·
514 4634 658 4703 coniecta,
681 4641 714 4695 ut
735 4633 975 4713 progenitoribus
996 4635 1056 4695 suis
1079 4634 1149 4694 itant
1169 4632 1293 4703 similes;
1320 4633 1401 4712 vquod
1424 4635 1479 4694 nisi
1500 4629 1705 4723 pontbodunt,
1727 4634 1803 4698 nibil
1908 4627 1912 4635 '

351 4735 352 4739 ’
446 4753 697 4815 §.immagnopere
718 4735 825 4806 titulis,
854 4733 926 4794 nibil
947 4734 1113 4796 nominibus
1136 4736 1244 4797 diutius
1266 4735 1461 4796 movebuntur
1490 4734 1631 4828 homines.
1675 4735 1737 4798 Nec
1758 4738 1799 4798 ic·

581 4939 643 4991 ἰιι
661 4944 717 4990 1.2.
737 4945 765 4988 et
782 4945 813 4987 11.
881 4938 981 4988 ltorte
1000 4941 1085 4989 baed
1101 4941 1234 5002 cornis.
1292 4937 1313 4970 ¹⁹
1331 4954 1401 5004 pene
1420 4941 1444 4988 1.
1473 4938 1553 5005 poene
1572 4943 1598 4989 2.
1616 4947 1641 4989 et
1658 4942 1696 4991 rie
1712 4946 1798 5006 pantio

513 5031 581 5090 post.
617 5021 639 5056 ²⁴
651 5024 769 5077 maxime
783 5028 807 5078 4.
825 5029 854 5071 tt.
874 5023 899 5073 oi
911 5023 1009 5081 addidi.
1029 5025 1111 5075 etiam
1127 5024 1216 5078 litt.
1251 5023 1274 5057 ⁸³
1292 5026 1473 5075 anorumadd,
1487 5029 1517 5075 ιι.
1546 5023 1799 5112 ”haereditariam
