4300 6059
1070 1465 1247 1522 PllAEl'i'l'lO

707 1575 747 1631 ΔΙ)Ι
764 1596 931 1639 CRQVENTRX
949 1595 1119 1631 consulturi
1138 1596 1240 1632 BVBVLI
1261 1595 1417 1630 novurtunu
1436 1594 1608 1630 ΟΒΔΤΙΟΙΙΙ.

581 1751 663 1801 Hanc
681 1752 847 1815 orationem,
867 1756 961 1818 aptum
974 1751 1155 1807 Huttenianae
1174 1751 1209 1800 ed
1221 1750 1324 1801 Leonis
1336 1749 1372 1799 X.
1388 1748 1493 1799 bullam
1512 1749 1700 1801 adnotationis
1718 1748 1809 1800 corol-

514 1834 625 1898 larium,
650 1836 730 1902 quasi
753 1838 781 1886 in
805 1841 943 1887 conventu
964 1836 1135 1886 Vormstium
1159 1839 1310 1886 convocato
1327 1833 1482 1884 habendam
1500 1835 1679 1900 conposuisse
1696 1833 1809 1886 videtur

514 1925 618 1971 auctor.
654 1921 779 1972 Hutteno
797 1922 844 1986 qui
863 1937 924 1971 eam
943 1918 1100 1971 adscribere
1119 1919 1276 1981 voluerunt,
1303 1934 1350 1970 eos
1373 1928 1462 1983 neque
1480 1920 1569 1984 ipsam
1587 1918 1742 1969 orationem
1759 1934 1807 1969 ne·

514 2018 566 2069 que
585 2004 703 2056 Hutteui
721 2007 868 2071 quicquam
886 2005 989 2071 legisse
1007 2005 1136 2067 dixerim,
1160 2005 1218 2055 sire
1242 2010 1345 2054 temere
1370 2009 1467 2054 contra
1490 2019 1584 2054 omnes
1607 2005 1676 2055 artis
1699 2005 1807 2055 eritieae

513 2087 591 2154 leges
608 2083 747 2140 indioasse
766 2089 855 2140 mulis.
874 2095 971 2139 eontra
989 2090 1034 2154 qui
1059 2104 1121 2138 oum
1138 2088 1318 2139 Burckhurdo
1336 2088 1386 2139 111.
1405 2105 1430 2154 p.
1443 2087 1502 2140 ³12.
1521 2087 1632 2140 Crotum
1650 2088 1808 2140 Rubisnum

514 2179 655 2224 auctorem
673 2173 758 2224 fuisse
777 2174 918 2236 dixerunt,
937 2180 1012 2225 recte
1031 2174 1205 2224 coniectaase
1223 2179 1303 2240 puto:
1323 2174 1491 2224 conveniunt
1504 2189 1565 2224 curn
1577 2173 1808 2224 Burckbardiano

514 2264 675 2326 argumento
691 2264 813 2325 ternpus,
836 2257 916 2309 stilus
939 2265 967 2310 st
989 2259 1117 2321 facetiae,
1142 2259 1385 2334 commentariique
1408 2273 1487 2322 quem
1510 2257 1624 2308 dixerim
1641 2258 1754 2309 babitus
1773 2273 1808 2308 ae

513 2344 640 2395 vestitus.
674 2359 739 2394 nam
756 2344 860 2409 scripta
879 2350 921 2395 est
939 2344 1027 2395 oratio
1045 2345 1141 2394 statim
1158 2348 1223 2409 post
1239 2343 1343 2393 editam
1355 2343 1558 2393 Huttenisnam
1576 2343 1727 2395 adLeouis
1745 2342 1807 2392 bul-

512 2427 568 2478 lam
587 2429 809 2493 adnotationem,
834 2444 895 2479 eum
914 2444 968 2479 non
985 2417 1126 2493 ita‘longe
1145 2427 1243 2478 Crotus
1266 2443 1300 2478 ex
1317 2427 1403 2477 ltalia
1422 2443 1553 2486 ,reversus
1576 2433 1664 2491 esset,
1688 2427 1722 2478 de
1740 2426 1808 2478 stilo

513 2527 575 2562 oum
592 2511 744 2579 longiorem
761 2513 975 2580 disputationem
992 2513 1053 2563 baec
1070 2513 1199 2578 praefetio
1217 2528 1272 2562 nou
1291 2512 1398 2577 capiat,
1416 2511 1537 2562 lectores
1555 2512 1591 2562 ad
1609 2511 1686 2562 Croti
1703 2527 1807 2562 morem

512 2598 668 2648 nominibus
685 2598 880 2663 detorquendis
893 2597 1217 2663 adnominationibusque
1229 2596 1356 2659 ludendi,
1375 2597 1447 2645 utin
1459 2596 1548 2646 Decio
1561 2597 1692 2660 Decimo,
1711 2597 1807 2647 Leone

513 2682 641 2746 Lenone,
666 2681 790 2747 aliasque
813 2679 943 2748 loquendi
968 2682 1099 2733 formulas
1123 2681 1205 2732 Croto
1230 2683 1347 2731 maxime
1371 2682 1489 2732 usitatas
1515 2682 1597 2731 etad
1615 2687 1738 2732 nostram
1757 2681 1806 2731 ad·

427 2755 432 2762 ’
512 2767 684 2816 notationem
695 2767 730 2817 ad
742 2765 818 2840 5338.
834 2769 933 2819 refero.
965 2774 1046 2833 atque
1060 2766 1103 2817 hee
1117 2767 1225 2831 quidem
1237 2782 1292 2816 nou
1303 2765 1388 2816 nullae
1401 2767 1442 2816 ita
1454 2766 1576 2816 Luthero
1588 2767 1763 2833 placuerunt,
1776 2770 1809 2815 ιιι

512 2850 610 2902 ilsdem
629 2853 713 2902 etiam
731 2852 829 2903 multos
847 2858 910 2918 post
928 2868 1014 2903 annos
1032 2858 1163 2911 uteretur,
1182 2852 1253 2917 quod
1270 2866 1368 2902 vereor
1385 2857 1416 2901 ut
1434 2851 1523 2903 adhue
1540 2853 1612 2903 satis
1629 2851 1807 2902 observatum

511 2937 550 2987 sit
568 2936 603 2987 ab
621 2937 656 2987 iis
675 2939 721 3002 qui
739 2937 772 2987 de
790 2937 913 2988 Lutbero
936 2938 1118 3003 scripserunt,
1144 2953 1204 2987 cum
1227 2953 1283 2988 nou
1306 2937 1382 2989 nulla
1400 2954 1461 3004 quae
1479 2937 1556 2991 illius
1574 2942 1649 2996 sunt,
1672 2936 1739 2987 huic
1758 2937 1807 2988 ad-

512 3022 635 3073 scribere
653 3021 771 3072 soleant.
806 3014 887 3072 immo
906 3023 935 3071 iu
953 3023 1020 3088 ipsis
1038 3021 1177 3087 dogmatis
1196 3023 1363 3088 exponendis
1382 3021 1548 3088 aliquotiens
1560 3022 1677 3072 Lutberi
1694 3020 1807 3087 prodro-

511 3120 584 3156 mum
601 3106 688 3156 fuisse
707 3105 817 3156 Crotum
835 3106 896 3157 haec
914 3107 976 3173 ipsa
995 3107 1120 3172 quamvis
1138 3106 1299 3171 neglectior,
1319 3108 1375 3157 nisi
1393 3106 1487 3168 fallor,
1509 3108 1609 3167 oratio,
1633 3107 1691 3158 sive
1711 3110 1807 3157 cento·

511 3205 573 3240 uem
597 3207 631 3241 ex
653 3191 740 3241 sacris
762 3191 907 3256 scripturis
930 3193 1090 3256 sanctisque
1113 3192 1249 3263 patribus,
1275 3192 1406 3257 imprimis
1424 3192 1604 3256 Hieronymo,
1630 3196 1658 3241 et
1680 3190 1808 3242 Leouinu

510 3275 600 3338 bulla,
624 3281 655 3325 ιιι
672 3276 735 3326 huie
753 3275 932 3343 respondeat,
957 3278 1128 3342 conpositum
1146 3277 1237 3338 dicus,
1259 3276 1333 3327 haud
1351 3277 1466 3327 obscure
1485 3276 1616 3327 ostendit.
1644 3277 1808 3342 Inscriptio-

426 3410 431 3419 ,
510 3375 573 3410 nem
595 3349 715 3426 exempli
737 3362 869 3428 principis
894 3361 1004 3411 exhibui
1027 3361 1080 3412 vol.
1095 3362 1116 3412 Ι.
1129 3363 1155 3428 1').
1169 3363 1227 3412 444.
1241 3377 1281 3428 sq.
1304 3358 1362 3427 [ubi
1385 3362 1514 3412 mendose
1539 3365 1572 3411 12
1590 3362 1648 3426 soil.
1671 3362 1807 3427 scriptum

512 3449 566 3508 est,
592 3461 653 3497 eum
676 3445 788 3496 libellus
812 3446 843 3496 14
866 3446 941 3498 foliis
963 3445 1099 3512 constet]:
1124 3448 1213 3512 ipsum
1236 3447 1344 3512 quidem
1367 3463 1457 3513 neque
1480 3445 1571 3497 locum
1588 3462 1677 3512 neque
1696 3453 1807 3513 tempus

512 3546 564 3595 quo
581 3531 728 3597 prodierit,
751 3532 871 3594 indicat,
896 3532 945 3582 sed
964 3548 1024 3582 cum
1044 3533 1142 3582 charia
1159 3538 1267 3582 scutum
1291 3537 1463 3593 coronatum,
1488 3532 1517 3581 in
1542 3545 1594 3597 quo
1617 3532 1677 3598 ipso
1702 3547 1807 3582 corona

511 3630 572 3665 oum
594 3616 721 3667 crucibus
743 3617 828 3680 inest,
853 3617 986 3683 insignita
1009 3618 1057 3676 sit,
1082 3622 1250 3683 cognoscent
1274 3617 1324 3667 alii
1348 3633 1381 3667 ex
1400 3631 1455 3683 qua
1472 3615 1585 3667 officina
1602 3616 1808 3682 typographica

509 3698 620 3750 libellus
637 3701 782 3766 prodierit,
803 3717 882 3767 quem
900 3701 1090 3752 Busileeusem
1102 3702 1234 3752 Frobcuii
1252 3716 1312 3751 esse
1332 3702 1492 3766 nutaverim.
1524 3701 1646 3768 Repetiit
1658 3700 1807 3751 Miinobius

510 3784 705 3852 neglegenter,
728 3789 824 3854 inepto
847 3787 921 3849 loco,
946 3792 1008 3853 post
1031 3787 1173 3854 epistolas
1197 3787 1372 3837 obscurorum
1397 3788 1529 3845 virorum,
1554 3787 1656 3852 Lipsiae
1681 3801 1706 3836 a.
1730 3784 1805 3837 527.

511 3870 546 3920 ab
566 3872 625 3936 ipso
645 3870 748 3935 editas,
767 3889 793 3939 p.
806 3869 946 3923 504...518.
