4300 6059
455 675 501 743 74
586 703 707 738 uvarum
727 703 755 738 tit
775 705 867 740 nvcnrt
886 702 1162 739 WlR'l'Blll'RllOBllSll!
1181 704 1284 739 oberro
1303 704 1359 738 1111.
1384 705 1412 738 Ι.
1427 703 1489 739 AVG·
1504 703 1530 739 A.
1545 700 1604 739 1517.

454 859 527 920 dum
550 859 683 928 vulnera,
706 878 721 919 a
745 866 828 936 tergo
850 860 991 929 invasisti,
1021 859 1101 937 quod
1123 877 1226 920 omnes
1247 860 1390 928 sentiunt,
1413 872 1471 919 non
1494 862 1653 931 monitum,
1676 878 1736 922 non

453 962 644 1042 appellatum:
668 949 818 1038 egregium
840 967 869 1022 te
891 962 979 1040 igitur·
1000 969 1209 1041 pugnatorem,
1232 963 1449 1040 magnanimum
1472 962 1632 1023 Suevorum
1655 963 1736 1043 prin·

454 1066 549 1144 cipem
571 1064 628 1124 dici
649 1064 704 1134 vis,
727 1071 814 1142 atque
836 1082 871 1124 ex
893 1063 949 1123 bac
963 1062 1054 1142 gloria
1070 1071 1209 1143 tanquam
1224 1063 1333 1142 aliquot
1347 1064 1475 1127 bostium
1490 1063 1567 1124 milia
1583 1065 1735 1136 occideris,

453 1167 633 1245 triumphum
666 1156 719 1227 libi
752 1166 827 1226 sorte
859 1166 979 1227 decerni
1011 1165 1188 1246 postulabis;
1222 1167 1372 1228 teterrime
1401 1169 1531 1227 omnium
1557 1150 1734 1235 mortalium,

453 1270 561 1347 optime
584 1269 619 1329 de
643 1274 670 1329 te
692 1270 865 1329 sentientem
888 1269 1155 1352 cum-peremeris,
1179 1270 1242 1330 iure
1264 1276 1450 1348 peremptum
1473 1269 1564 1330 rideri
1585 1269 1643 1338 vis:
1666 1284 1757 1330 cums

453 1372 489 1431 ei·
503 1372 587 1431 vitam
610 1369 779 1441 abstuleris,
803 1372 952 1450 quisnam
976 1370 1026 1431 tibi
1048 1389 1150 1449 opem,
1174 1389 1261 1432 suum
1284 1361 1457 1432 consililium
1473 1377 1502 1432 et
1516 1370 1671 1441 auxilium,
1695 1370 1735 1432 la-

453 1471 557 1533 borem
590 1479 617 1534 et
645 1474 816 1534 industriam
844 1475 992 1550 exposuit,
1026 1476 1075 1553 qui
1103 1492 1185 1534 suam
1215 1473 1302 1534 tidem
1330 1480 1497 1560 promptam
1526 1472 1643 1542 babuit,
1677 1491 1736 1533 nun

454 1573 550 1636 sulum
572 1574 699 1637 dedecus
721 1594 779 1636 non
802 1575 950 1653 agnoscis,
973 1577 1024 1637 sed
1047 1577 1248 1654 impunitatem
1272 1577 1357 1636 ctiam
1379 1575 1502 1654 adsequi
1517 1559 1683 1645 contendis,
1707 1583 1737 1636 et

386 1677 577 1745 §.raslaudem
599 1679 725 1739 allectas.
769 1679 805 1738 lt
827 1695 886 1737 nou
909 1696 941 1737 ea
966 1683 1009 1738 est
1030 1695 1114 1737 meus
1135 1684 1201 1747 tua,
1231 1684 1260 1739 et
1280 1679 1367 1738 istum
1390 1677 1474 1738 uobis
1496 1680 1601 1739 iterum
1623 1677 1736 1738 sumum

452 1780 550 1850 uillas,
580 1799 638 1860 quo
661 1786 740 1841 tuam
763 1780 987 1849 conscientiam,
1015 1787 1094 1840 tuam
1117 1779 1352 1857 desperationem
1374 1782 1450 1859 apud
1472 1798 1527 1840 nos
1554 1779 1769 1850 dissimules;t⁰

452 1889 481 1943 et
502 1882 540 1942 ob
563 1883 592 1942 id
614 1884 759 1962 quandam
783 1881 834 1942 tibi
856 1882 951 1942 lautam
972 1898 1130 1962 personam
1157 1882 1289 1950 induisti,
1318 1882 1444 1943 alacrem
1475 1882 1585 1943 vultum
1613 1882 1735 1960 praefers

452 1991 482 2045 et
503 1986 598 2046 omnia
621 1985 721 2062 fingis,
750 2000 809 2062 quo
831 2001 868 2043 ne
891 2002 924 2044 ea
947 2002 1012 2062 quae
1033 1990 1062 2044 te
1085 1985 1164 2044 intus
1186 1985 1362 2053 conticium,
1392 1984 1499 2063 quibus
1525 1991 1627 2046 noctes
1648 1993 1735 2065 atque

452 2087 515 2147 dies
530 2086 731 2156 discrucieris,
755 2085 850 2163 palam
868 2086 953 2155 baum
976 2104 1103 2165 cumque
1117 2087 1389 2147 innocentissimum
1411 2085 1574 2154 bominem,
1598 2086 1734 2157 amicum,

451 2191 602 2259 comitem,
625 2187 811 2256 familiarem,
835 2187 1028 2248 domesticum
1049 2189 1251 2257 interemeris,
1274 2185 1466 2258 malitiosum,
1490 2187 1611 2249 inddum
1634 2207 1668 2249 ac
1689 2191 1734 2249 in·

450 2291 617 2368 sidiatnrem
640 2292 770 2351 occisum
792 2288 844 2349 abs
868 2297 895 2350 te
917 2290 1027 2358 refers:
1058 2297 1087 2351 et
1109 2308 1176 2350 cum
1198 2310 1233 2351 ex
1255 2290 1365 2351 insidiis
1386 2290 1486 2352 timide
1509 2308 1543 2351 ac
1564 2291 1734 2352 meticulose
1747 2280 1777 2344 ω’

420 2410 607 2470 ,aggressus
629 2393 682 2463 sis,
711 2391 786 2453 forte
808 2410 843 2452 ac
864 2399 1036 2452 strennuum
1060 2386 1173 2453 lacinus
1195 2395 1423 2462 commemoras,
1446 2393 1529 2471 quasi
1551 2400 1601 2452 aut
1621 2392 1734 2453 occultu

385 2496 516 2561 §.nosint
538 2502 586 2555 tua
609 2495 696 2564 lacta,
720 2502 769 2554 aut
790 2512 893 2554 omnes
914 2512 979 2572 quae
1002 2496 1044 2555 sic
1066 2501 1189 2564 uerunt,
1213 2497 1255 2555 sic
1272 2493 1405 2554 oblivisci
1428 2495 1549 2572 possint.
1594 2493 1659 2556 Non
1681 2495 1735 2581 du·

450 2596 511 2659 bito
533 2598 622 2674 igitur
644 2598 715 2675 quin
736 2597 766 2656 iu
790 2597 899 2656 intimis
921 2598 979 2657 tuis
1001 2594 1135 2658 medullis
1158 2615 1222 2657 mea
1239 2603 1370 2657 versetur
1386 2597 1498 2666 oratio,
1522 2597 1638 2674 quoties
1654 2615 1734 2656 com·

451 2716 582 2759 memoro
611 2717 698 2776 quam
726 2705 757 2757 tu
785 2699 825 2758 sis
852 2697 985 2773 timiduS,
1014 2717 1102 2778 quam
1131 2697 1337 2758 formidolosus
1360 2698 1506 2758 carnifex:
1535 2698 1613 2777 quod
1635 2706 1733 2760 tamen

448 2802 487 2861 ita
510 2801 602 2880 accipi
623 2798 703 2870 volo,
727 2806 759 2861 ut
780 2800 942 2877 intelligant
963 2797 1096 2888 homines
1118 2806 1146 2861 te
1169 2817 1227 2860 non
1249 2799 1440 2861 abhorruisse
1462 2799 1498 2860 ab
1522 2799 1580 2860 ullo
1602 2817 1769 2880 unquamao

449 2901 575 2972 scelere,
605 2902 656 2962 sed
684 2909 817 2963 metuere
839 2919 917 2980 saepe
939 2920 976 2962 ue
998 2912 1064 2963 cum
1088 2902 1219 2980 periculo
1241 2903 1334 2964 malus
1356 2904 1410 2971 sis;
1439 2902 1543 2981 quodsi
1565 2908 1678 2962 tantum
1700 2905 1735 2962 ti-

450 3005 480 3064 bi
502 3010 579 3065 esset
600 3005 705 3074 animi,
735 3010 876 3082 quantum
900 3005 976 3064 inest
997 3006 1179 3084 rupiditatis,
1209 3023 1296 3084 quem
1324 3003 1470 3083 reliquum
1493 3004 1592 3064 domui
1615 3011 1671 3064 tuae
1693 3006 1735 3067 le·

450 3109 555 3177 usses,
585 3124 673 3184 quem
694 3124 754 3165 uon
776 3105 952 3185 iugulasses,
982 3108 1028 3167 cui
1050 3125 1109 3168 non
1131 3110 1219 3177 istum
1241 3113 1395 3168 cruentum
1417 3107 1575 3184 pugionem
1596 3108 1735 3168 intentas·

382 3212 518 3278 praeses?
541 3209 619 3288 Ergo
643 3228 677 3269 er
701 3227 735 3270 eo
758 3226 876 3287 quoque
899 3209 1026 3269 dedecus
1048 3209 1102 3269 tibi
1124 3209 1231 3270 ascribi
1253 3208 1349 3277 debet,
1373 3207 1450 3288 quod
1473 3209 1509 3268 ad
1531 3208 1643 3270 scelera
1665 3208 1735 3269 sub·

449 3312 543 3373 eumla
567 3311 637 3372 satis
658 3313 810 3389 animosus
828 3328 887 3369 non
911 3329 951 3371 es
996 3313 1076 3389 atqui
1099 3312 1135 3371 ad
1158 3311 1233 3372 banc
1254 3309 1448 3390 improbitatis
1469 3317 1526 3370 tuae
1548 3318 1661 3390 partem
1685 3328 1770 3373 err-u

449 3413 614 3493 plicandam
637 3432 709 3473 nova
733 3414 865 3475 oratione
889 3421 917 3473 et
940 3432 974 3474 ea
995 3431 1139 3492 perquam
1161 3413 1246 3490 longa
1270 3429 1344 3491 opus
1367 3419 1457 3481 esset,
1487 3430 1545 3491 quo
1568 3429 1670 3472 omues
1691 3414 1735 3476 in:

449 3516 615 3593 telligerent
637 3523 777 3594 quantum
800 3522 830 3575 tu
854 3517 883 3575 iu
906 3515 1093 3577 Germaniam
1115 3516 1244 3577 dedecus
1273 3517 1434 3575 invexeris:
1466 3533 1534 3575 nam
1561 3516 1585 3574 si
1605 3531 1736 3592 pugnam

384 3694 391 3706 .
448 3636 535 3679 rocas
557 3618 633 3678 bane
656 3618 764 3678 caedem
788 3624 882 3686 tuam,
914 3624 993 3677 corte
1016 3618 1095 3677 bunc
1118 3618 1269 3695 pugnandi
1291 3636 1403 3678 morem
1426 3635 1521 3696 neque
1543 3615 1616 3677 Galli
1638 3634 1736 3694 neque

448 3719 513 3782 ltali
535 3719 578 3781 vel
601 3719 721 3797 Hispani
744 3725 793 3779 aut
815 3718 864 3778 ulli
889 3736 1012 3798 usquam
1034 3721 1150 3779 finitimi
1172 3719 1208 3780 de
1230 3720 1348 3779 bomine
1370 3718 1517 3778 Germano
1540 3705 1735 3796 suspicantur,

381 3822 545 3897 §.rasmulto
566 3823 662 3883 minus
684 3820 721 3881 de
743 3840 777 3880 eo
801 3820 930 3896 quivult
952 3837 1015 3881 esse
1043 3823 1190 3900 princeps.
1233 3829 1265 3881 tu
1288 3827 1385 3904 autem
1414 3840 1480 3881 cum
1508 3823 1550 3880 sie
1577 3820 1768 3881 adversumne

449 3926 570 3996 amicoS,
598 3932 632 3983 ut
652 3924 773 3983 minime
795 3922 967 3983 metuendos
989 3942 1117 4002 pugnes,
1147 3923 1214 4002 quid
1237 3923 1397 4000 adversum,
1414 3923 1513 3982 bostes
1535 3924 1636 4002 patrias
1658 3923 1736 3984 iace·

448 4045 514 4096 res,
546 4024 746 4086 timidissime?
778 4024 849 4085 nibil
872 4031 917 4085 est
939 4031 986 4085 tua
1020 4026 1133 4103 ignaria
1169 4024 1323 4092 abiectius,
1356 4023 1429 4084 nibil
1461 4033 1509 4085 tua
1538 4023 1735 4087 formidolosi·

446 4135 506 4189 tate
536 4128 628 4204 magis
661 4125 794 4195 imbelle,
829 4134 857 4186 at
885 4134 985 4186 contra
1019 4124 1090 4187 nibil
1124 4133 1173 4187 tua
1202 4125 1322 4203 pertidia
1352 4126 1505 4195 audaciuS,
1534 4127 1606 4187 nibil
1634 4129 1735 4206 prodi·

448 4232 527 4290 tione
555 4227 694 4290 callidius.
741 4229 807 4289 llaec
836 4229 903 4288 uitia
933 4247 996 4289 esse
1023 4229 1053 4287 in
1084 4235 1112 4289 te
1140 4230 1237 4289 omnia
1266 4246 1362 4306 neque
1390 4230 1451 4307 ipse
1480 4229 1599 4304 ignoras
1626 4247 1731 4309 neque,

450 4350 508 4410 qua
524 4349 555 4393 es
569 4332 777 4411 perversitate,
800 4330 903 4391 abesse
918 4330 971 4390 abs
991 4336 1021 4390 te
1043 4329 1147 4390 velles:
1171 4336 1248 4390 totus
1264 4350 1296 4392 es
1318 4332 1396 4392 euim
1412 4336 1512 4389 contra
1529 4348 1646 4392 omnem
1663 4333 1731 4391 oiri·
1742 4344 1767 4385 m

382 4434 583 4508 §.unalitatem
605 4451 722 4493 omnem
745 4433 964 4501 humanitatem,
988 4434 1081 4521 ipsam
1104 4432 1230 4510 denique
1253 4440 1397 4493 naturam.
1443 4430 1516 4501 Quid
1540 4430 1667 4491 obstabit
1681 4433 1733 4510 igi·

391 4523 392 4526 ¹
449 4544 513 4606 tur,
536 4554 594 4615 quo
617 4536 713 4597 miuus
735 4536 867 4614 quisquis
880 4537 910 4594 in
926 4542 990 4593 tuas
1005 4540 1126 4615 statuas,
1152 4533 1248 4595 titulos
1263 4553 1298 4595 ac
1313 4536 1454 4610 imagines
1468 4532 1612 4601 inciderit,
1623 4532 1734 4594 'numia

443 4635 585 4706 ,deturbet
606 4655 641 4698 ac
668 4637 866 4698 comminuat?
892 4636 981 4694 immo
1009 4642 1092 4696 tuum
1119 4653 1238 4716 quoque
1266 4654 1373 4697 nomeu
1402 4633 1504 4695 ubiubi
1526 4635 1668 4712 seriptum
1691 4637 1735 4695 in·

451 4741 563 4801 venerit
585 4739 685 4801 eradat
704 4745 794 4818 teque
816 4737 1026 4815 sempiternum
1049 4737 1165 4814 generis
1187 4739 1230 4798 tui
1252 4738 1395 4806 dedecus,
1418 4744 1631 4817 praeposterum
1654 4739 1735 4816 priu-

518 4961 717 5012 ⁸et1tnet
769 4959 833 5009 ’ut
851 4961 874 5007 1.
912 4958 1073 5022 Quanquam
1091 4964 1122 5007 11.
1174 4954 1351 5024 ¹¹3et].Et
1370 4961 1393 5007 1.
1411 4958 1493 5006 Aea.
1545 4953 1734 5022 ”tundat

453 5045 635 5109 .Quusi1.2.
688 5044 710 5077 ³⁸
730 5059 762 5094 ac
781 5046 802 5096 1.
823 5046 851 5092 et
868 5047 896 5094 n,
946 5039 968 5073 ⁸⁹
987 5043 1085 5093 eredat
1101 5058 1169 5093 eorr.
1184 5043 1219 5091 H.
1238 5041 1331 5091 tradet
1350 5045 1373 5091 1.
1393 5041 1666 5106 evacuaremus.
