4300 6059
395 705 497 740 utconlu
510 705 536 739 Χ.
551 704 660 739 CONTRA
674 704 825 738 LVTHERVM
840 703 928 739 BVLLA
942 704 1005 738 DAT.
1022 699 1053 737 l5.
1063 703 1153 737 lili-A.
1164 697 1220 737 tntu.
1235 704 1258 738 C.
1273 702 1397 738 narraui
1411 702 1502 737 noris.
1540 670 1613 742 323

287 905 295 916 .
323 863 439 921 mittere
462 861 573 927 deluit,
602 861 729 919 ueniret:
764 876 806 919 ac
821 858 1002 918 'Saloutaris
1024 862 1131 936 nostri,
1154 862 1334 943 apostolique
1357 859 1446 917 Pauli
1469 860 1613 933 exemplo,

323 958 403 1022 btion
425 965 456 1021 in
475 966 604 1030 occulto,
626 963 681 1021 secl
699 965 817 1036 palam,
838 967 866 1020 et
883 963 912 1020 in
926 962 1011 1033 socie
1025 965 1203 1035 loqueretur.
1238 961 1322 1031 Quod
1340 964 1367 1020 si
1383 961 1526 1035 secisset‚·
1539 967 1615 1035 ‘pro
1659 984 1661 989 ·

322 1071 406 1134 certo
431 1061 481 1142 (ut
501 1066 699 1134 arbitramur)
732 1064 775 1147 ud
795 1080 847 1122 cor
874 1081 1010 1122 retrorsus
1031 1082 1151 1128 errores
1178 1080 1251 1123 sitos
1271 1060 1563 1137 coenaticum-tneo
1584 1066 1614 1121 in

323 1165 464 1228 Manu
492 1170 593 1241 curia,
628 1182 717 1239 queam
745 1173 899 1240 tantopere
921 1170 1005 1227 uanis
1027 1169 1231 1226 malivolorum
1249 1166 1429 1235 rumoribus,
1456 1169 1615 1240 plusquam
1699 1240 1702 1247 Ι

304 1271 457 1345 sapertun
483 1269 640 1328 tribuendo
665 1271 825 1342 vituperat,
843 1303 844 1307 =
859 1275 900 1326 tot
927 1272 1088 1344 reperisset
1111 1275 1234 1327 errato:
1262 1268 1517 1342 aocuissemusque
1542 1284 1617 1333 eum,

321 1373 390 1430 luce
411 1373 539 1437 clarius,
560 1353 677 1430 sanctos
691 1369 841 1430 ltmuauos
855 1371 1023 1443 Pontifices,
1040 1372 1279 1445 predecessores
1300 1378 1424 1441 nostros,
1447 1386 1519 1444 quos
1530 1387 1620 1445 pree-

324 1480 371 1533 tcr
393 1489 505 1533 omnem
526 1475 699 1541 modestiam
728 1474 870 1558 iniuriose
898 1475 1014 1532 lacerat
1042 1476 1071 1531 tn
1101 1475 1162 1531 suis
1190 1472 1367 1544 canonibus,
1394 1490 1446 1531 seu
1473 1475 1619 1532 coustitu-

322 1577 464 1649 timrilas,
486 1593 562 1651 quas
580 1577 717 1636 ntordem
739 1577 858 1647 nititur,
881 1581 1050 1649 ‘nunquam
1065 1592 1194 1634 errasse.
1241 1574 1316 1644 (luia
1332 1577 1417 1633 iacta
1432 1575 1618 1650 lroplutam

323 1695 380 1740 mac
402 1680 433 1737 in
458 1678 599 1738 Golalmtl
619 1679 734 1749 resina,
756 1694 810 1735 nec
828 1677 959 1737 medicus
979 1678 1067 1736 deest.
1104 1677 1167 1736 Setl
1184 1677 1333 1737 ooauutrit
1344 1693 1477 1753 semper:
1493 1684 1523 1737 et
1531 1695 1620 1752 prce-

290 1790 316 1832 ¹⁰
325 1780 410 1844 dicta
432 1783 583 1852 citatimte,
606 1772 796 1853 amnibusque
816 1787 845 1838 et
865 1781 991 1852 sirtputis
1010 1780 1193 1855 supradictis
1213 1783 1332 1854 spretis,
1355 1775 1468 1839 ‘omire
1488 1787 1619 1838 rontem-

318 1885 398 1959 psit,
426 1899 465 1942 ac
492 1899 584 1957 usque
608 1885 639 1941 in
654 1888 834 1957 praesentem
858 1883 934 1940 etiem
954 1890 1132 1941 coalumna:
1160 1889 1248 1956 atqcue
1266 1885 1365 1942 auimo
1387 1883 1528 1943 indurato
1547 1901 1621 1941 cen-

322 2002 414 2044 suras
437 1987 518 2044 ultra
537 2000 648 2043 aunum
670 1986 823 2044 sustinuit:
840 1993 870 2044 et
888 1984 969 2057 quood
990 1985 1120 2043 deterius
1139 1992 1196 2055 est,
1218 1986 1334 2043 addens
1356 1988 1438 2044 matu
1459 1988 1561 2052 malis,
1584 1986 1622 2044 ele

317 2089 465 2146 citatione
489 2087 659 2147 huiusmodi
685 2089 823 2145 noticiam
847 2087 975 2158 ltaberis,
1004 2089 1053 2144 gin
1086 2102 1184 2145 uocem
1218 2089 1387 2145 temeraria
1412 2089 1622 2162 appellationis

320 2189 466 2265 prorupit
492 2190 536 2248 ad
558 2188 698 2261 futurum
723 2191 898 2260 Caruilium,
927 2196 1050 2249 'contro
1074 2192 1305 2256 constitutionem
1333 2191 1396 2249 airu
1416 2191 1466 2250 Pii
1490 2190 1622 2258 secundi,

291 2301 365 2351 t⁵ac
387 2288 479 2352 bIulii
494 2293 633 2363 secundi,
660 2293 916 2366 predecessorum
938 2299 1123 2351 nostrorum:
1151 2309 1211 2365 qnia
1236 2300 1371 2363 curetur,
1398 2296 1496 2351 taliter
1515 2294 1623 2368 appet-

323 2396 421 2454 lamtes
441 2394 664 2478 ‘hoereticorum
683 2411 775 2469 prena
794 2395 975 2471 plectendos,
1000 2392 1139 2467 (Frustra
1153 2396 1384 2455 etiam-Concilit
1399 2396 1547 2454 (remilium
1565 2397 1623 2475 im-

325 2665 435 2726 lectam
459 2663 629 2726 charitatem
653 2663 742 2725 habet
764 2664 833 2725 leo.
872 2663 943 2735 Quis
966 2663 1053 2742 paulo
1069 2673 1137 2725 ante
1153 2644 1293 2725 credebat
1308 2663 1384 2725 hoc?
1448 2664 1507 2725 mh
1524 2684 1622 2725 exem·

324 2767 386 2847 plo.
453 2765 516 2829 'Au
539 2769 569 2829 in
591 2762 847 2838 occulto‘locutus
870 2775 929 2835 ost,
954 2769 1003 2845 qui
1026 2774 1116 2827 totam
1140 2785 1215 2847 pene
1238 2766 1386 2844 Europam
1409 2766 1624 2845 predicationis

325 2887 389 2932 suae
411 2869 512 2931 auditu
535 2858 682 2948 implevit?
709 2852 724 2889 '¹
748 2868 827 2929 moe
849 2869 967 2947 quidem
991 2869 1154 2937 credimus,
1170 2866 1270 2929 ,senrel
1292 2867 1345 2927 aba
1367 2875 1405 2929 te‘
1418 2875 1573 2945 acceptum
1590 2868 1622 2928 il·
1657 2873 1661 2879 '

291 2971 391 3032 ulum
414 2989 568 3052 utinquam
591 2971 681 3032 luisse
703 2971 804 3048 postea
828 2970 983 3049 quicquam
1007 2969 1184 3032 locuturum.
1260 2967 1364 3031 d'l'uno
1392 2988 1481 3048 coges
1509 2971 1624 3030 nescire

326 3074 464 3136 homines
486 3092 551 3153 qua
572 3073 671 3134 vident
693 3091 817 3152 queque
839 3073 951 3133 sciunt?
974 3071 1050 3145 Quid
1072 3072 1191 3133 undem
1215 3080 1274 3132 nou
1290 3068 1434 3150 permittis
1448 3071 1518 3132 tibi?
1541 3070 1624 3132 lllam

325 3177 463 3237 omnium
485 3156 629 3236 malorum
653 3176 814 3242 sentinam,
846 3173 915 3235 illud
948 3176 1079 3237 omnium
1112 3176 1306 3253 pessimorum
1335 3174 1624 3246 scelerumdomici·

326 3277 416 3345 lium,
450 3278 547 3338 omnis
579 3276 653 3338 labis
680 3278 833 3354 omnisque
868 3275 1034 3336 letissima
1062 3276 1253 3355 turpitudinis
1281 3276 1517 3355 receptaculum,
1551 3275 1623 3337 illud

325 3379 456 3460 publicae
478 3382 542 3441 vita
564 3381 744 3457 contagium,
769 3395 954 3438 communem
977 3378 1181 3456 pestilentiam,
1206 3378 1310 3439 urbem
1326 3379 1448 3439 Rumam
1464 3379 1623 3457 persuade·

290 3482 379 3564 uhu,
397 3481 483 3544 uobis
505 3500 564 3543 nun
587 3500 651 3543 esse
673 3480 801 3541 latent
845 3476 938 3539 ‘Nihil
954 3499 991 3540 nc
1007 3489 1035 3542 te
1056 3482 1156 3560 pudet,
1179 3481 1333 3543 Pontifex?
1355 3481 1398 3542 td
1415 3481 1526 3542 nullum
1541 3501 1624 3543 men-

328 3585 447 3646 dacium
470 3584 599 3645 frontem
621 3584 736 3646 mutas?
760 3581 817 3641 Sed
841 3580 913 3660 nihil
936 3581 1043 3643 horum
1066 3583 1229 3651 scriberes,
1254 3585 1307 3647 nisi
1322 3591 1358 3643 'te
1381 3583 1417 3644 ab
1435 3585 1516 3643 omui
1532 3582 1623 3644 hone·

325 3694 403 3750 sure
425 3703 560 3746 aversum
583 3686 714 3746 traheret
729 3684 1012 3761 pecuniestudium.
1081 3683 1164 3758 ‘Quis
1180 3687 1309 3764 ignorat,
1324 3705 1387 3746 cur
1402 3693 1557 3766 tantopere
1573 3705 1624 3746 cu·

327 3790 393 3869 pias
408 3788 510 3850 Romae
532 3788 631 3848 uidere
647 3785 824 3849 Lutherumt
857 3851 861 3857 ,
889 3788 967 3848 ‘Hoc
989 3786 1060 3847 illud
1084 3787 1202 3847 tandem
1225 3794 1268 3847 est
1291 3788 1387 3854 netas,
1411 3790 1491 3847 omni
1513 3786 1624 3848 scelere

325 3891 509 3958 sceleratius,
533 3888 683 3969 appellare
705 3889 896 3960 adlaturum
912 3888 1083 3950 Concilium.
1150 3891 1293 3969 'lmpiam
1316 3891 1431 3951 scelesti
1454 3892 1624 3968 impostoris

293 3992 572 4055 uenustitutionem
594 3989 679 4051 nobis
702 3989 813 4051 obticis.
859 3990 929 4061 Quis
944 3991 1077 4068 accipiet,
1102 3992 1205 4052 corum
1221 3993 1393 4070 praesertim,
1418 3981 1467 4069 qui
1482 3994 1539 4052 iam
1555 4010 1625 4051 ucu-

328 4096 376 4158 loa
397 4094 598 4173 receperunt?
621 4092 645 4153 0
668 4091 802 4153 fraudem
825 4074 918 4171 atque*
936 4093 1113 4153 violentiam!
1177 4092 1348 4154 '¹‘Sanctum
1371 4094 1520 4153 hominem
1544 4112 1625 4152 cum·

327 4214 489 4262 memoras.
554 4195 633 4256 ‘Hoc
655 4195 773 4256 undem
795 4202 839 4255 est
861 4196 957 4256 ius'et
978 4195 1021 4255 tas
1044 4214 1132 4256 omne
1154 4196 1286 4262 auterre,
1310 4203 1339 4255 et
1360 4194 1483 4273 impiere
1506 4195 1624 4256 domum

328 4301 443 4362 domini
466 4299 512 4360 dei
533 4299 686 4377 miquitate
709 4303 738 4358 ct
761 4295 836 4357 dolo.
882 4297 968 4367 Ottod
990 4296 1094 4357 abste
1117 4315 1232 4374 quaero:
1260 4294 1418 4358 creditisne
1440 4308 1522 4362 esse,
1548 4296 1624 4355 l‘on·

328 4403 440 4470 titices,
472 4400 554 4462 illum
576 4417 705 4478 superne
729 4398 870 4462 iudicem,
901 4400 949 4474 qui
972 4397 1128 4477 aliquando
1151 4398 1227 4470 hanc
1249 4415 1264 4456 a
1288 4398 1369 4458 vobis
1391 4399 1534 4460 rationem
1558 4416 1626 4458 exa·

293 4513 435 4567 ucmrus
456 4503 510 4562 sitt
538 4502 675 4562 Proiecto
697 4516 756 4559 non
780 4501 912 4559 creetitis:
936 4517 1031 4577 neque
1055 4500 1178 4561 enimsi
1201 4500 1289 4560 deum
1312 4518 1377 4561 esse
1399 4501 1554 4579 putaretis,
1584 4500 1626 4558 sic

328 4605 516 4669 contuentes
539 4604 636 4664 omnia
666 4605 882 4681 perverteretis.
927 4601 988 4662 lam
1017 4602 1105 4678 igitur
1127 4603 1236 4679 optima
1260 4603 1437 4663 conscientia
1461 4601 1626 4662 recedimus

399 4860 408 4894 ¹
429 4860 466 4912 cs.
478 4857 578 4910 matth.
591 4857 682 4907 ΧΗ.
693 4863 741 4906 etc.
790 4818 879 4920 l'uuli]
897 4854 933 4904 cf.
947 4855 1007 4903 tet.
1016 4854 1166 4919 cmxxvi.
1175 4861 1222 4905 etc.
1264 4851 1392 4920 ⁸pr0ph.]
1406 4855 1503 4904 Ierem.
1517 4854 1624 4904 vltra.

330 4946 351 4980 ¹⁵
368 4946 416 4997 Pii
433 4945 469 4996 11.
484 4961 517 4995 ac
536 4943 601 4993 Iulii
614 4939 663 5008 11.]
684 4942 721 4991 ci.
734 4945 791 4990 not.
811 4940 845 4989 ad
859 4939 969 4989 Vadisc.
982 4940 1022 5001 ἓξ.
1038 4936 1094 4988 148.
1110 4937 1166 5017 lili).
1219 4937 1241 4971 ⁸¹
1259 4939 1378 5005 Sophou.
1392 4939 1414 4988 1.
1427 4938 1452 4988 9.
1472 4940 1509 4989 ct.
1522 4938 1624 4989 Psalm.

329 5031 441 5083 mv.
453 5031 479 5080 4.
492 5030 526 5080 X.
539 5029 563 5078 t.
582 5026 778 5079 Ecclesiastici
790 5025 812 5076 1.
825 5022 867 5074 tu.
1430 5021 1433 5027 '
1452 5040 1456 5049 ·

1335 5107 1399 5166 21·
