4300 6059
478 691 499 759 4
623 720 745 756 RVTTENI
765 720 794 754 lu
809 719 957 754 ‘VLRIGHVM
977 717 1254 752 WlRTENPERGEb'SEH
1272 717 1376 752 ORATIO
1395 718 1414 752 1·
1441 716 1507 752 AEsr.
1520 715 1546 751 Δ.
1561 710 1621 750 1515.

477 876 564 934 minis
587 874 760 935 continebo?
778 881 838 934 ‘aat
860 873 938 952 quod
961 874 1089 932 intanta
1119 872 1287 932 difficultate
1315 879 1576 949 temperamentum
1606 869 1768 930 inveniam?

477 976 572 1055 siquid
599 978 674 1036 enirn
705 976 849 1044 conabor,
878 993 1092 1053 supervacuum
1120 975 1147 1033 id
1177 976 1244 1044 erit,
1275 975 1352 1053 quod
1382 992 1415 1033 ea
1451 980 1494 1033 est
1523 973 1673 1040 atrocitas,
1702 990 1767 1049 qua

476 1077 584 1138 nullius
600 1082 779 1156 'quanquam
806 1077 987 1136 disertissimi
1014 1077 1140 1136 oratoris
1167 1076 1330 1155 eloquentia
1357 1077 1443 1152 digne
1471 1075 1602 1134 enarrari
1628 1076 1765 1142 sustiuet;

480 1188 580 1239 contra
606 1182 629 1240 si
652 1178 787 1248 cessabo,
817 1196 912 1238 causae
935 1179 1138 1238 existimationi
1161 1177 1291 1238 defuero.
1330 1177 1454 1237 sortasse
1469 1177 1610 1254 optimum
1630 1183 1693 1236 erat
1713 1194 1766 1234 nu·

477 1283 543 1340 dam
565 1300 627 1340 reur
645 1282 674 1340 iu
696 1281 822 1341 medium
846 1299 971 1358 ponere:
994 1282 1055 1358 ipsa
1078 1300 1109 1340 se
1129 1281 1238 1339 rectius
1260 1279 1444 1347 ostenderet,
1469 1280 1528 1356 ipsa
1551 1297 1601 1337 vos
1622 1286 1788 1345 moserata

476 1386 537 1460 ipsa
557 1384 709 1452 excitaret,
733 1384 792 1461 ipsa
814 1382 1008 1442 inflammatos
1028 1382 1179 1449 redderet,
1199 1382 1270 1449 nisi,
1288 1381 1389 1458 quaid
1406 1380 1665 1458 paranduunerat,
1684 1379 1767 1439 dolor

475 1487 537 1562 ipse
552 1484 621 1544 mibi
641 1484 697 1544 boc
714 1486 894 1563 propositum
911 1485 1124 1551 interverteret,
1143 1484 1277 1569 quispum
1296 1484 1440 1543 maximus
1455 1485 1500 1551 sit,
1516 1483 1635 1542 minime
1653 1481 1767 1541 ostendi

449 1650 453 1657 ,
476 1586 573 1646 verbis
595 1589 719 1646 sustinet
741 1586 777 1646 ab
801 1586 861 1655 his,
884 1585 991 1663 quibus
1015 1586 1140 1645 maxime
1161 1585 1256 1644 adest:
1286 1604 1353 1645 nam
1376 1593 1406 1644 ut
1428 1603 1531 1644 recens
1554 1593 1611 1651 est,
1634 1581 1765 1643 nondum

477 1687 704 1749 consolationem
724 1688 855 1756 admisit,
884 1688 1004 1764 fixitque
1026 1686 1142 1746 radices
1164 1702 1228 1764 errae
1250 1685 1334 1746 avelli
1356 1687 1412 1746 cito
1441 1694 1603 1764 nequeunt,
1632 1694 1660 1746 et
1681 1685 1766 1745 altius

417 1799 462 1848 §.t
476 1792 572 1850 statim
594 1790 699 1850 insedit
720 1809 806 1868 quam
829 1798 860 1850 ut
882 1789 982 1849 leviter
1004 1795 1183 1848 amoveatur.
1217 1787 1340 1848 Turbati
1362 1807 1463 1848 sumus
1485 1791 1577 1855 euim,
1599 1796 1630 1847 ut
1653 1787 1765 1847 turbari
1776 1800 1799 1839 ¹⁰

477 1892 678 1953 relietneutius
704 1891 780 1951 lraud
807 1893 967 1968 possimus,
996 1908 1055 1950 nou
1086 1892 1153 1968 quia
1177 1908 1236 1950 noo
1263 1893 1292 1950 in
1323 1891 1461 1951 omnibus
1489 1891 1578 1952 rebus
1600 1881 1785 1968 obsequens

476 1994 562 2054 uobis
580 1995 710 2053 Fortuna
734 2000 790 2060 est,
815 1992 865 2051 sed
885 1994 951 2070 quia
974 1992 1004 2051 iu
1025 1993 1139 2068 magnis
1160 2000 1189 2051 et
1210 1992 1384 2052 necessariis
1406 1993 1523 2052 inimica
1549 1991 1617 2053 suit:
1645 2009 1764 2070 oppres·

477 2114 542 2156 sum
567 2104 610 2155 est
632 2113 758 2172 namque
778 2096 823 2152 rix
848 2093 985 2152 obortum
1008 2094 1035 2152 in
1060 2100 1157 2152 nostra
1182 2103 1268 2169 gente
1289 2094 1394 2160 decus;
1418 2093 1545 2154 ablatum
1562 2093 1693 2153 mirabile
1710 2095 1765 2153 vir·

378 2230 386 2245 ·
475 2198 544 2257 tutis
566 2198 733 2275 specimen,
756 2194 804 2255 ille
825 2196 951 2265 iuvenis,
975 2194 1022 2255 ille
1046 2194 1211 2254 Germanus
1233 2197 1344 2255 iuvenis
1366 2197 1392 2255 iu
1417 2195 1489 2257 llere
1507 2198 1613 2265 aetatis,
1636 2197 1685 2273 qui
1702 2203 1764 2255 tau·

477 2307 523 2358 tus
547 2297 636 2357 dubio
654 2297 758 2374 procul
779 2297 894 2357 iuturus
914 2304 992 2365 erat,
1012 2305 1152 2376 ‹prautum
1176 2297 1231 2357 bac
1250 2296 1347 2357 indole
1368 2300 1559 2374 promiserat,
1580 2303 1800 2376 quantusqueta

416 2415 461 2464 §.a
475 2401 636 2478 perspectis
658 2401 714 2459 inm
739 2400 921 2459 documentis
949 2397 1012 2458 lore
1039 2398 1223 2476 sperabatur.
1265 2400 1359 2477 Atque
1387 2399 1444 2459 boe
1464 2408 1508 2459 est
1529 2417 1582 2483 cur
1603 2405 1765 2459 corumotos

476 2519 527 2559 ros
551 2501 647 2569 rideo,
671 2520 723 2561 cur
745 2503 843 2561 tristes
865 2502 1033 2578 conspicor,
1061 2507 1160 2576 utpote
1181 2501 1216 2561 ad
1240 2520 1314 2580 quos
1334 2501 1427 2579 aliqua
1450 2520 1483 2561 ex
1508 2510 1591 2579 parte
1613 2501 1698 2561 dolor
1717 2501 1765 2561 bic

475 2605 627 2681 pertineat.
664 2602 700 2662 Et
722 2606 849 2680 pertinet
868 2621 899 2662 re
923 2603 1015 2677 magis
1037 2604 1114 2680 ipsa,
1137 2621 1224 2680 quarn
1247 2603 1400 2663 iactatione
1415 2611 1528 2669 nostra.
1552 2611 1585 2664 ut
1601 2606 1659 2663 iam
1678 2622 1694 2662 a
1714 2621 1763 2662 re·

475 2704 519 2763 bis
543 2723 596 2764 uec
619 2721 707 2782 prece
730 2723 784 2765 nec
806 2704 905 2782 precio
926 2709 1103 2781 extorquere
1127 2702 1213 2762 buius
1235 2704 1450 2766 danuratieueur
1472 2723 1541 2765 cura
1564 2708 1614 2767 sit:
1644 2705 1763 2765 damna·

474 2809 526 2865 stis
547 2808 639 2874 enim;
662 2806 791 2867 aiulitum
812 2813 872 2873 est,
896 2810 1082 2883 perspectum
1105 2812 1161 2870 ast.
1192 2805 1376 2875 decrevistis,
1401 2815 1456 2867 stat
1481 2810 1637 2876 sententia,
1662 2810 1691 2868 in
1713 2822 1798 2867 re·a⁰

474 2910 541 2967 stris
562 2909 665 2968 animis
688 2917 747 2975 est;
770 2914 859 2968 restat
877 2913 910 2967 ut
930 2906 1065 2966 edicatis:
1094 2905 1181 2966 buius
1204 2923 1275 2983 ergo
1296 2907 1442 2986 stupplices
1461 2909 1614 2978 adsumus,
1644 2927 1763 2969 oramus

474 3029 508 3069 ac
531 3009 726 3078 obtestamur,
750 3018 874 3069 vestram
898 3011 983 3069 etiam
1007 3008 1094 3068 sulem
1117 3007 1315 3086 implorando,
1345 3018 1377 3091 ut
1405 3028 1492 3088 quem
1523 3011 1674 3090 iudignum
1697 3013 1761 3079 vita,

474 3113 593 3189 digruun
614 3130 687 3172 nece
705 3112 852 3177 iudicatis,
882 3128 950 3169 eum
973 3109 1062 3171 verbo
1084 3128 1203 3187 «proque
1226 3110 1393 3171 dauutaturtl
1419 3114 1627 3188 pronuntietis:
1656 3113 1713 3172 boc
1735 3119 1764 3171 et

474 3220 578 3271 vestrae
598 3214 770 3290 integritatis
791 3211 958 3290 externpluru
978 3210 1167 3272 rnenrorabile
1189 3212 1309 3280 dabitis,
1336 3221 1365 3272 et
1386 3214 1508 3273 tristitiae
1529 3223 1635 3274 crosna.
1659 3233 1763 3274 conso·

449 3317 451 3321 ‘
475 3312 612 3374 lationem
636 3315 772 3376 adieretis
794 3314 932 3382 solidam;
953 3313 1057 3373 deiude
1080 3314 1309 3390 patentissimum
1335 3315 1371 3374 ad
1393 3332 1480 3375 omrre
1503 3315 1648 3376 scelerum
1670 3332 1797 3393 genesas

419 3423 464 3475 §.a
476 3417 531 3477 iter
554 3411 722 3478 obstructis.
761 3416 852 3476 Causa
875 3424 919 3475 est
940 3415 1027 3475 buius
1046 3415 1208 3475 calamitosi
1228 3419 1319 3485 senis,
1343 3416 1449 3477 hortun
1465 3416 1672 3476 miserabilium
1690 3415 1761 3475 tilio·

475 3536 555 3588 rum,
581 3519 816 3579 totius·Huttenar.
840 3508 954 3576 tadone
976 3516 1093 3576 iuiauda
1116 3516 1259 3577 latrocinii
1281 3519 1386 3578 saevitia
1411 3517 1534 3586 violate,
1558 3519 1688 3577 emnium
1711 3518 1762 3577 de·

473 3619 561 3698 nique
582 3621 795 3681 Germanorum
817 3622 963 3697 equitum,
991 3620 1117 3697 quodam
1139 3620 1220 3697 quasi
1243 3621 1368 3679 convitio
1392 3620 1468 3680 banc
1494 3619 1628 3679 emedio
1653 3618 1763 3680 aulerri

474 3721 674 3782 detestabilem
696 3723 856 3801 perniciem
880 3719 1098 3798 postulantium.
1140 3738 1265 3799 utrorum
1295 3723 1425 3781 omnium
1452 3721 1612 3797 suffragiis,
1645 3721 1760 3799 siquid

474 3824 624 3884 clcc'return
647 3824 676 3882 in
699 3825 802 3884 restris
826 3822 916 3883 rebus
937 3823 1073 3899 gerendis
1096 3823 1211 3890 luisset,
1235 3823 1334 3900 titique
1355 3830 1438 3899 aptos
1456 3825 1612 3900 putaretis,
1635 3842 1797 3902 ‹pertarumao

474 3927 546 3984 rotis
567 3927 710 3986 sententia
735 3926 926 3985 lormaretur:
954 3943 1033 3985 nunc
1056 3943 1116 3984 uon
1139 3932 1183 3984 est
1209 3923 1385 3985 decernendi
1406 3922 1490 3983 locus
1512 3924 1611 3995 nobis,
1642 3925 1761 3985 decerni

388 4015 394 4027 '
473 4047 488 4085 a
511 4026 592 4086 vobis
613 4028 739 4105 petimus
762 4045 821 4087 nou
841 4027 919 4105 quod
942 4045 1049 4086 norum
1073 4028 1110 4085 sit
1132 4025 1255 4104 aliquid,
1278 4025 1329 4084 sed
1351 4026 1429 4103 quod
1453 4046 1487 4086 ex
1509 4047 1609 4096 more,
1637 4046 1761 4089 cousue-

475 4129 573 4190 tudine
596 4148 631 4189 ac
648 4129 746 4205 legum
769 4132 888 4194 natura,
919 4136 947 4188 et
968 4127 1023 4188 lale
1049 4128 1167 4186 omuino
1196 4128 1281 4206 quale
1304 4129 1399 4205 ipsum
1428 4130 1487 4199 ius,
1517 4132 1577 4208 ipsa
1605 4129 1762 4208 postulabit

419 4242 463 4291 §.a
475 4233 603 4309 aequitas.
645 4231 698 4291 llic
721 4238 767 4292 est
787 4232 873 4307 igitur
896 4229 959 4299 ille,
982 4230 1135 4300 Germani,
1159 4230 1250 4291 orbus
1268 4237 1352 4309 pater
1376 4232 1560 4292 venerandus
1580 4249 1684 4298 stenen,
1712 4233 1761 4309 qui

473 4339 516 4392 tot
538 4352 630 4394 arrnos
657 4335 729 4393 citra
752 4332 839 4393 ullam
862 4337 945 4392 laurae
969 4339 1019 4392 aut
1040 4329 1165 4390 nominis
1185 4330 1328 4393 maculam
1346 4334 1374 4392 in
1392 4335 1493 4394 vestris
1511 4331 1603 4393 oculis
1623 4335 1705 4400 rixit3
1728 4333 1793 4395 nias

473 4442 541 4493 suni
563 4437 608 4496 isti
631 4433 813 4495 miserabiles
834 4434 1000 4512 interempti
1025 4433 1145 4499 iratres,
1172 4434 1288 4512 optimi.
1318 4435 1524 4511 fortissimique
1554 4442 1611 4493 tota
1637 4433 1760 4500 l'raucia

539 4689 549 4723 ⁴
566 4672 747 4741 aestimationi
758 4695 787 4738 11.
840 4687 851 4720 ⁰
869 4688 956 4739 nisi...
965 4688 1158 4738 interverteret
1170 4688 1271 4748 induerit
1283 4694 1318 4749 lt,
1336 4689 1385 4737 sed
1395 4688 1591 4739 masticationem
1604 4690 1760 4752 adscriptum

472 4779 557 4839 tepere
575 4778 716 4827 neseieitt.
770 4769 928 4837 ⁸moximc]
948 4772 1091 4837 plurimum
1104 4778 1133 4826 11,
1176 4772 1260 4822 'cito
1279 4775 1464 4823 anunente.
1480 4777 1502 4823 1.
1552 4774 1573 4806 ¹⁰
1589 4775 1685 4824 statim
1697 4776 1758 4825 add.

472 4867 501 4910 11.
515 4864 583 4911 onais.
599 4865 622 4911 1.
672 4856 906 4925 *theodisiam
961 4855 980 4886 ¹³
998 4871 1083 4921 nouqJ
1103 4862 1125 4907 1.
1180 4855 1200 4889 ¹⁴
1219 4858 1349 4908 damnaui
1368 4862 1390 4908 l.
1410 4859 1603 4922 (caperonem)
1660 4858 1680 4890 ¹⁰
1698 4875 1759 4925 spa·

472 4944 544 5011 rub]
565 4947 721 5011 putubatur.
740 4953 768 4995 11.
831 4944 852 4975 ¹⁰
870 4943 958 5008 pretio
977 4945 1002 4989 2.
1059 4941 1081 4972 ²²
1100 4943 1336 5007 pronunciatis?¹
1400 4941 1422 4972 ’ὓ
1441 4941 1648 5007 miserabilium]
1667 4945 1759 4994 inieli-

472 5032 543 5081 eium
556 5036 585 5078 11,
674 5058 677 5066 -
