4300 6059
452 652 498 723 72
588 680 709 716 ΙΠΤΕΜ
728 680 758 715 lii
777 679 870 736 pvcnu
888 677 1166 712 WIBTENPERGENSH
1185 678 1287 713 ORATIO
1305 678 1361 712 1111.
1381 677 1408 712 1ί.
1423 677 1485 712 AVG.
1498 677 1524 712 A.
1539 671 1596 712 ibid.

451 837 568 916 captas?
591 842 722 896 autnon
745 835 845 913 quavis
868 833 984 892 iortnua
1008 833 1134 892 animam
1157 832 1243 894 simul
1271 852 1306 893 ae
1332 834 1374 893 tui
1403 808 1572 894 memoriam
1595 833 1734 894 deserere

450 939 541 1001 maris
570 947 601 998 ut
630 943 773 1016 perpetuo
807 934 912 1005 lateas,
948 952 1035 1013 quarn
1064 935 1240 1013 turpissimae
1268 935 1433 1012 ignominiae
1460 937 1622 1014 patrocinio
1651 935 1735 995 iamae

450 1039 672 1119 perpetuitatem
697 1036 842 1098 elucrari?
860 1060 861 1063 ¹
877 1037 948 1108 Quae
976 1036 1069 1096 maior
1090 1037 1221 1115 >amentia
1249 1035 1306 1097 diei
1334 1044 1444 1114 potest,
1473 1055 1537 1114 quae
1564 1037 1735 1115 flagitiosior

450 1140 591 1201 vasania?
622 1144 653 1199 tn
677 1139 767 1199 elatus
791 1139 904 1199 fastidio
928 1157 961 1199 ac
985 1141 1166 1199 contumacia
1190 1138 1270 1198 omni
1292 1138 1434 1200 honestati
1463 1156 1581 1199 omnem
1608 1140 1734 1217 turpitu-

451 1242 549 1304 dinem
572 1240 749 1319 antepones?
772 1238 855 1310 Ouod
879 1261 894 1301 a
916 1247 945 1302 te
969 1241 1057 1319 igitur
1080 1239 1176 1301 secius
1191 1240 1294 1301 abesse
1310 1249 1424 1318 putem,
1448 1242 1498 1300 a'ut
1512 1240 1589 1319 quod
1607 1248 1664 1301 tam
1681 1243 1759 1302 ime

451 1362 538 1407 mnne
554 1362 588 1403 ac
603 1341 803 1403 truculentum
819 1344 932 1403 iacinus
949 1344 1084 1413 credam,
1108 1342 1316 1420 quamve-mibi
1331 1343 1438 1420 fingam
1454 1350 1513 1402 tam
1534 1340 1734 1403 abhominabi-

383 1439 519 1506 orestem
535 1425 652 1523 tamque
668 1451 797 1505 atrocem
814 1463 847 1505 ac
863 1444 1005 1523 perditam
1022 1443 1253 1522 audaciamque
1269 1451 1299 1504 tu
1315 1444 1427 1522 ingredi
1440 1445 1584 1505 verearis?
1599 1444 1735 1504 Proiecto

429 1565 433 1572 ·
451 1566 519 1608 cum
535 1547 564 1606 in
579 1545 628 1607 iilo
652 1548 771 1624 ignaviae
793 1554 850 1606 tuae
872 1545 989 1608 clausus
1004 1564 1083 1607 esses
1099 1564 1218 1628 carcere
1235 1565 1269 1606 ac
1287 1538 1534 1624 circumspiceres¹
1548 1564 1604 1625 qua
1620 1547 1735 1625 potissi·

450 1662 530 1709 mum
546 1649 589 1708 ria
605 1650 635 1707 in
650 1648 746 1709 breem
763 1647 888 1726 aliquam
906 1666 1087 1727 erumperes,
1100 1648 1128 1708 id
1143 1648 1277 1708 invenisti
1292 1646 1455 1724 eonsilium,
1469 1654 1500 1708 ut
1511 1665 1564 1725 per
1579 1646 1735 1708 erudelita-

450 1736 510 1810 teru
534 1751 628 1810 exires
656 1770 690 1810 ac
718 1750 771 1812 bas
800 1751 940 1811 educeres
968 1758 1064 1811 tecum
1094 1750 1234 1819 comites,
1267 1748 1451 1827 superbiam,
1484 1749 1770 1827 ingratitudinemto

450 1851 656 1922 homicidium,
680 1853 848 1929 perfidiam,
871 1852 1084 1930 proditionem,
1108 1850 1204 1934 scelus
1226 1859 1254 1911 et
1276 1851 1305 1910 id
1328 1868 1421 1927 genus
1442 1850 1590 1912 horrenda
1612 1870 1649 1939 ac
1669 1869 1735 1929 per·

450 1952 636 2014 timescibiiia
660 1953 788 2014 humano
810 1956 912 2032 generi
933 1961 1079 2021 monstra;
1103 1953 1179 2012 banc
1201 1954 1340 2030 aperuisti
1362 1955 1488 2031 primam
1511 1952 1736 2031 cogitationibus

451 2056 508 2116 tuis
532 2043 705 2125 fenestram,
728 2055 784 2116 hac
805 2036 849 2116 rin
871 2057 900 2115 in
923 2057 1084 2134 perniciem
1108 2055 1196 2115 totius
1218 2054 1401 2115 mortaiitatis
1422 2055 1541 2116 emisisti
1558 2063 1639 2114 tuum
1655 2051 1735 2114 ilium

451 2155 587 2216 omnibus
609 2159 763 2217 tormentis
785 2159 929 2218 aeriorem
952 2142 1103 2226 furorem,
1131 2162 1159 2217 et
1182 2173 1316 2233 egressus
1339 2174 1370 2216 es
1391 2158 1454 2234 ipse
1476 2162 1508 2218 ut
1530 2158 1559 2216 irr
1581 2157 1736 2218 Germanae

452 2256 621 2335 reipublicae
644 2256 820 2319 laceratione
842 2277 960 2319 omnem
983 2242 1103 2319 modum
1131 2258 1303 2328 excederes,
1333 2255 1412 2317 nulia
1440 2258 1554 2318 feritate
1581 2266 1770 2318 contentusrs

384 2372 451 2424 §.us
464 2377 557 2428 esses,
581 2360 655 2418 iutra
678 2359 773 2422 nullos
795 2373 823 2420 te
845 2362 1032 2440 turpitudinis
1054 2360 1160 2421 limites
1182 2361 1355 2420 contineres
1393 2359 1464 2420 loire
1480 2361 1569 2436 igitur
1583 2360 1737 2438 quiescere

385 2524 391 2541 ⁸,
452 2460 639 2523 Germaniam
662 2462 691 2521 in
713 2468 764 2522 tuo
786 2462 929 2543 supplicio
952 2463 1173 2542 prosequendo,
1197 2469 1229 2522 ut
1250 2480 1305 2541 per
1327 2469 1354 2521 te
1377 2468 1476 2539 postea
1499 2463 1660 2523 consistere
1676 2481 1736 2522 non

452 2570 541 2641 queat
562 2561 828 2633 turbuientissime;
852 2564 941 2627 suade
964 2572 997 2625 ut
1018 2584 1056 2625 ne
1079 2566 1267 2644 interponant
1288 2583 1319 2624 se
1342 2564 1388 2623 isti
1410 2564 1572 2643 principes,
1604 2582 1662 2642 quo
1686 2583 1736 2623 eo·

451 2682 518 2725 rum
542 2665 716 2726 existimatio
739 2675 790 2726 tuo
812 2665 1002 2745 proculcetur
1025 2668 1150 2745 flagitio;
1174 2685 1225 2726 ora
1249 2655 1305 2726 bos
1319 2667 1444 2743 equites,
1468 2683 1526 2743 quo
1542 2683 1579 2725 ue
1595 2663 1633 2724 ob
1650 2667 1737 2726 unius

452 2783 556 2827 necem
579 2784 681 2828 onmes
703 2767 754 2828 tibi
777 2767 862 2829 simul
889 2786 992 2853 necem
1020 2769 1240 2838 machinentur,
1269 2774 1301 2829 ut
1327 2772 1358 2827 tu
1388 2784 1490 2828 eorum
1515 2767 1632 2827 interim
1658 2769 1771 2845 opti-ro

383 2885 543 2936 §.nemum
566 2886 711 2947 quemque
735 2871 933 2932 excarnifices.
964 2889 1060 2949 neque
1083 2873 1159 2931 enim
1182 2869 1259 2929 bello
1282 2868 1456 2929 metuendus
1472 2886 1517 2938 οε,
1541 2852 1735 2944 ignavissime,

450 2969 500 3030 sed
525 2974 594 3029 tuuc
617 2988 684 3031 cum
707 2990 810 3050 pacem
833 2972 938 3041 babes,
962 2992 1050 3051 quam
1065 2972 1256 3032 liberatorum
1271 2978 1389 3032 tuorum
1405 2970 1546 3047 sanguine
1562 2989 1735 3032 consecres:

450 3070 513 3131 baec
535 3077 584 3130 tua
607 3080 710 3132 natura
735 3080 792 3140 est,
811 3066 873 3134 boe
896 3075 1058 3153 ingenium;
1083 3077 1126 3136 sic
1148 3084 1176 3135 te
1198 3072 1326 3134 describi
1349 3073 1492 3150 oportuit:
1515 3090 1582 3132 nam
1606 3073 1737 3151 quodad

452 3192 547 3234 meam
575 3175 704 3250 pertinet
730 3173 920 3245 modestiam,
950 3185 1028 3237 tanta
1056 3184 1126 3237 sunt
1152 3185 1201 3236 tna
1232 3175 1360 3244 scelera,
1391 3181 1424 3233 ut
1445 3173 1481 3233 de
1503 3173 1563 3244 bis,
1592 3176 1616 3234 si
1639 3173 1735 3245 veiim,

382 3270 567 3344 §.rislen'iter
590 3275 689 3336 dicere
712 3295 770 3336 non
793 3279 911 3355 possim.
956 3278 1040 3349 Quod
1072 3280 1125 3338 nisi
1153 3277 1290 3338 omnibus
1316 3277 1356 3335 ita
1384 3275 1518 3336 odiosum
1546 3284 1624 3336 esset
1650 3281 1770 3336 tuumrs

451 3377 578 3464 iaeious,
602 3379 645 3437 sic
667 3367 870 3449 nrauiiestum,
893 3380 935 3440 sic
957 3380 1115 3441 iudicatum
1139 3399 1173 3440 no
1195 3379 1437 3446 condemnatum,
1462 3383 1487 3437 et
1512 3377 1566 3437 nisi
1588 3378 1626 3436 ita
1648 3379 1736 3437 mise·

383 3551 384 3555 Ἰ
450 3475 551 3539 rabilis
571 3486 672 3538 nostra
696 3478 861 3550 calamitas,
895 3483 934 3542 ita
958 3482 1094 3543 omnibus
1115 3489 1183 3541 nota
1212 3500 1246 3541 ao
1274 3487 1428 3559 perspecta
1455 3480 1636 3546 innocentia,
1672 3478 1736 3541 baec

451 3599 499 3641 me
522 3597 608 3658 agere
632 3598 735 3651 ausum
759 3582 849 3643 tuisse
871 3583 982 3653 credis,
1013 3584 1090 3664 apmi
1119 3602 1169 3643 eos
1191 3583 1354 3661 qiraesertim
1377 3582 1427 3659 qui
1448 3580 1542 3658 siquid
1565 3581 1635 3641 mibi
1658 3583 1735 3643 enci-

451 3680 529 3743 derit
550 3688 600 3742 aut
622 3680 706 3742 aiiter
729 3700 815 3761 quam
838 3689 869 3743 tu
891 3686 984 3745 iecisti
1006 3693 1056 3746 aut
1078 3704 1165 3763 quam
1188 3704 1235 3745 rue
1257 3683 1337 3760 loqui
1366 3683 1484 3750 deceat,
1513 3684 1643 3761 punituri
1666 3683 1736 3744 iaci·

449 3779 507 3845 lius
529 3803 616 3865 quam
639 3783 832 3863 improbaturi
855 3786 1023 3848 videamtur?
1046 3793 1096 3847 aut
1117 3786 1172 3847 nisi
1194 3777 1230 3846 iio
1254 3785 1450 3853 horrendum,
1474 3802 1580 3843 norum
1603 3803 1637 3844 ac
1658 3803 1770 3862 prae-an

450 3890 496 3946 ter
517 3892 651 3945 naturam
675 3891 704 3946 ot
732 3887 900 3963 opinionem
929 3891 1060 3950 omnium
1088 3889 1125 3948 sit
1154 3894 1235 3948 tuum
1264 3886 1470 3962 homicidium,
1500 3894 1603 3964 putare
1632 3885 1736 3965 aliquis

382 3999 450 4050 §.uu
466 3993 561 4067 potest
583 3994 756 4048 conaturum
780 3987 868 4048 inisse
891 3990 969 4068 quod
998 3997 1064 4052 ante
1093 4009 1140 4050 me
1168 3989 1275 4050 nemo?
1308 3988 1400 4059 Quam
1429 3987 1511 4047 rides
1538 3989 1635 4047 omnia
1664 3990 1736 4049 mibi

450 4098 564 4169 aperta,
589 4091 686 4148 omnia
711 4107 863 4160 concessa,
887 4091 938 4152 tibi
960 4090 1067 4152 nuliius
1090 4088 1484 4169 praesidiiiooun1¹„nuilani
1507 4089 1663 4167 effugiendi
1686 4109 1736 4151 oc-

450 4192 614 4257 casionem,
639 4191 768 4269 undique
792 4193 888 4252 omnia
911 4192 1009 4254 clausa
1033 4193 1219 4262 diverticula,
1248 4209 1349 4251 omues
1371 4193 1564 4269 praemunitos
1584 4210 1735 4253 recessus:

448 4292 546 4372 Eques
568 4294 731 4354 Germanus
754 4313 788 4354 ex
811 4295 976 4374 principum
1000 4294 1102 4354 ordine
1124 4296 1153 4354 in
1176 4293 1315 4354 iudicium
1338 4295 1469 4372 protraxi
1498 4311 1596 4353 reum:
1626 4312 1770 4358 uorumss

449 4394 506 4455 boc
528 4393 679 4465 omnibus,
704 4395 856 4472 iudignum
879 4397 988 4457 nemini
1010 4396 1139 4463 videtum
1168 4395 1246 4473 apud
1274 4413 1325 4456 eos
1348 4394 1429 4464 dico,
1459 4394 1634 4472 quibuscum
1656 4399 1735 4474 peri-

421 4486 424 4497 '
450 4495 631 4557 culosissime
654 4497 742 4556 rerba
771 4499 858 4558 irunt:
893 4515 979 4559 nemo
1008 4504 1104 4557 tamen
1133 4495 1284 4575 probibet,
1313 4513 1401 4558 nemo
1427 4502 1518 4565 vetat,
1554 4498 1651 4557 immo.
1666 4516 1735 4559 roro

381 4608 546 4659 tamnemo
569 4615 629 4657 nou
651 4597 778 4659 libenter
800 4599 888 4660 audit.
933 4596 1043 4669 Quodsi
1068 4605 1101 4658 tu
1129 4616 1260 4677 unquam
1288 4599 1317 4658 in
1345 4597 1403 4657 hoe
1430 4597 1553 4668 iudicio,
1587 4598 1666 4678 quod
1695 4601 1735 4661 dii

515 4816 577 4867 ⁴ae
596 4820 619 4869 1.
639 4823 666 4868 et
682 4825 711 4872 Η.
730 4793 883 4870 '¹⁸abom.
901 4820 926 4867 2.
978 4823 1058 4882 taan
1076 4821 1100 4868 1.
1153 4816 1174 4850 ¹²
1192 4817 1227 4867 ei.
1240 4817 1301 4866 Ter.
1315 4817 1418 4866 Hennt.
1432 4818 1481 4868 111.
1496 4818 1560 4881 lar.
1597 4818 1734 4885 ¹⁷posteo

448 4918 523 4954 cons,
546 4904 628 4951 onriss.
649 4907 672 4956 1.
697 4905 757 4954 odd.
776 4909 805 4950 11.
868 4901 889 4935 ¹⁹
907 4904 1165 4968 inopportunissime
1182 4909 1240 4966 post
1260 4901 1363 4965 flagitio
1381 4904 1441 4953 odd.
1454 4910 1483 4952 11.
1546 4904 1566 4937 ²¹
1587 4920 1689 4971 qnenrp
1708 4911 1732 4957 1.

446 4987 469 5020 ¹⁸
488 5005 521 5038 ao
538 4991 562 5036 1.
582 4991 611 5037 et
626 4993 657 5036 u.
709 4986 732 5020 ⁸⁸
750 4989 820 5052 quod
839 4988 968 5040 Serrntor
986 4988 1110 5041 Christus
1127 4987 1272 5054 prohibent
1288 5001 1358 5037 corr.
1377 4993 1407 5037 11.
