4300 6059
450 649 497 719 56
582 679 703 713 ttv'rrnnr
723 679 751 713 ltt
772 680 866 714 nvcntt
884 677 1162 711 wttt'rnn't’ttttttunsnst
1181 649 1284 710 onyn’rto
1303 677 1360 710 1111.
1380 677 1407 710 tt.
1421 678 1484 711 AVG·
1500 677 1527 711 A.
1540 671 1599 710 1517.

449 836 582 894 nationes
604 834 759 893 emanare?
789 833 845 893 Sed
868 838 965 893 tecum
988 810 1092 890 'mitius
1115 846 1198 907 agam
1227 849 1314 910 quam
1345 831 1407 908 ipse
1437 833 1581 909 suspicari
1603 833 1730 909 potuisti,

380 941 479 998 treet
500 933 633 995 sedulum
656 933 774 1011 pessimi
801 933 910 993 domini
938 949 1055 993 servum
1084 933 1205 992 mittam.
1251 932 1292 992 Ad
1321 931 1399 992 bunc
1428 941 1581 993 convertar
1609 934 1732 1010 parrici-

449 1037 531 1104 dam,
555 1043 637 1095 tuum
660 1036 839 1113 principem,
864 1035 947 1094 cuius
970 1040 1000 1093 tu
1017 1033 1154 1094 malitiam
1171 1033 1336 1111 eloquentia
1352 1053 1458 1094 acuere
1474 1036 1617 1104 studuisti,
1641 1053 1732 1113 aquo

449 1130 664 1217 percontabor,
690 1154 745 1214 qua
768 1137 887 1196 tandem
909 1136 1013 1197 fiducia
1036 1136 1099 1195 baec
1120 1134 1202 1212 loqni
1224 1125 1381 1212 aggressus
1403 1128 1453 1205 sit',
1478 1156 1545 1197 cum
1567 1137 1622 1197 hos
1644 1135 1734 1197 sciret

450 1240 607 1318 cognitioni
630 1238 822 1316 praefuturos:
852 1255 888 1298 an
912 1236 1064 1298 dubitabas
1087 1239 1156 1316 quid
1178 1236 1375 1315 intelligerent
1403 1238 1536 1299 homines
1559 1239 1677 1317 quando
1698 1246 1754 1299 tut

451 1341 525 1402 dede
549 1343 576 1400 in
600 1359 653 1400 nos
675 1342 856 1401 mentireris.
882 1358 939 1423 *uos
966 1341 1003 1405 de
1030 1347 1059 1400 te
1082 1356 1147 1415 qnae
1169 1338 1265 1415 palam
1287 1358 1322 1398 ac
1344 1338 1497 1401 manifeste
1519 1346 1732 1419 perpetrasses,

452 1442 564 1502 lortiter
586 1440 792 1519 loquerentur?
820 1449 870 1501 aut
897 1460 955 1501 non
985 1442 1199 1520 iniquissimum
1230 1441 1336 1501 duxisti
1365 1443 1395 1501 in
1424 1442 1488 1502 eius
1515 1444 1623 1502 mortni
1645 1444 1732 1503 vitam

453 1546 606 1620 increpare
629 1560 716 1618 quem
739 1544 833 1602 rivum
857 1561 1006 1622 nunquam
1029 1544 1187 1611 accusasti,
1212 1559 1359 1620 nunquam
1378 1544 1485 1604 malum
1501 1546 1665 1621 suspicatus
1683 1546 1734 1605 esl

326 1660 332 1665 '
384 1660 401 1708 t.
412 1661 440 1700 ¹².
452 1644 544 1715 Quam
568 1644 637 1704 nihil
662 1663 678 1704 a
701 1645 756 1704 rita
777 1653 827 1705 tua
850 1632 949 1704 istbaec
971 1645 1113 1705 abhorret
1134 1645 1242 1712 oratio,
1273 1660 1360 1721 quam
1389 1653 1456 1705 sunt
1485 1648 1581 1707 omnia
1604 1648 1681 1725 apud
1704 1656 1733 1710 te

452 1746 573 1826 aequalia
595 1765 628 1806 ac
652 1744 706 1806 sibi
729 1764 872 1815 consona,
903 1763 990 1824 quarn
1023 1745 1096 1806 nilril
1124 1746 1293 1824 discrepant
1322 1746 1453 1808 voluntas
1474 1767 1508 1808 ac
1530 1766 1627 1808 sermo
1650 1750 1768 1809 tuuslro

452 1857 481 1910 et
503 1848 653 1909 audaciam
677 1847 793 1926 quidem
809 1857 888 1908 tuam
904 1846 971 1908 ante
986 1866 1139 1916 noveram,
1163 1849 1304 1909 insaniam
1320 1867 1354 1908 ac
1370 1850 1499 1909 furorem
1515 1868 1733 1929 perspexeram,

452 1958 562 2020 tantum
585 1957 683 2010 tamen
706 1968 722 2009 a
744 1952 851 2009 mentis
872 1952 994 2010 sanitate
1017 1949 1120 2010 abesse
1142 1958 1170 2009 te
1193 1968 1250 2010 non
1274 1950 1445 2026 credebam,
1475 1958 1506 2011 ut
1535 1953 1587 2011 ista
1610 1953 1735 2015 auderes

453 2054 567 2120 dicere,
592 2058 621 2112 et
643 2050 720 2128 apud
743 2050 805 2110 baec
827 2051 908 2111 orbis
931 2058 1018 2111 terrae
1041 2053 1135 2129 capita
1159 2051 1298 2112 auderes:
1321 2070 1388 2112 nam
1411 2054 1435 2112 si
1457 2052 1533 2130 apud
1556 2062 1621 2114 tuos
1643 2054 1735 2115 collu-

452 2173 549 2222 sores,
580 2152 657 2230 apud
684 2159 750 2211 tuos
779 2154 899 2212 sicarios
923 2168 962 2212 'ac
992 2154 1062 2213 istos
1091 2152 1310 2214 latrociniorum
1341 2159 1460 2214 tuorum
1496 2155 1643 2215 ministros
1672 2156 1737 2217 baeu

409 2245 412 2251 ’
453 2257 590 2324 dixisses,
613 2272 700 2315 nemo
723 2271 781 2312 non
805 2254 992 2315 vehementer
1015 2255 1223 2333 impudentiam
1245 2261 1325 2316 tuam
1348 2256 1507 2317 admiratus
1536 2264 1625 2326 esset:
1654 2273 1768 2319 nuncra

452 2360 489 2418 ita
513 2349 661 2417 instituisti
683 2362 727 2424 te,
756 2364 787 2416 ut
810 2374 875 2416 cum
899 2359 981 2435 prius
1003 2356 1039 2416 ab
1062 2356 1199 2416 omnibus
1221 2356 1342 2435 reliquis
1364 2360 1497 2435 corporis
1526 2358 1659 2437 partibus
1681 2378 1736 2439 pu·

455 2460 558 2519 dorem
581 2456 778 2535 ablegaveris,
799 2476 882 2517 ⁴nrrnc
904 2458 1021 2518 tandem
1044 2458 1142 2534 lingua
1166 2476 1283 2536 quoqne
1306 2465 1335 2518 et
1357 2477 1407 2518 ore
1431 2460 1595 2539 impudicus
1611 2479 1675 2522 esse
1690 2463 1735 2522 in'·
1799 2440 1802 2447 ’

385 2562 555 2639 §.recipias
601 2559 718 2619 Tertius
741 2567 784 2619 est
807 2562 861 2619 iste
883 2562 971 2636 igitur
994 2559 1216 2639 improbitatum
1231 2568 1347 2620 tuarum
1364 2561 1485 2638 gradus,
1509 2580 1576 2622 narn
1592 2544 1658 2624 cram
1674 2566 1735 2642 pri·

452 2681 532 2722 mum
555 2661 713 2739 parricidio
743 2662 952 2722 immanissimo
980 2681 1014 2722 ac
1042 2662 1251 2723 nefandissimo
1280 2664 1409 2722 omnium
1437 2665 1618 2725 atrocitatem
1647 2683 1735 2745 snpe-

452 2781 563 2832 rasses,
587 2763 693 2825 deinde
710 2771 811 2823 contra
827 2772 907 2823 tuam
923 2781 1044 2824 uxorem
1068 2764 1285 2841 pudicissimam
1305 2783 1338 2823 ac
1353 2765 1567 2826 nobilissimam
1582 2767 1732 2828 luminam
1743 2785 1770 2826 ro

453 2849 520 2926 earn
540 2865 749 2942 turpitudinem
772 2865 894 2925 obiisses
917 2867 1001 2925 errius
1022 2884 1172 2944 nunquam
1196 2866 1305 2925 credita
1334 2872 1378 2925 est
1406 2885 1496 2944 rapax
1528 2885 1591 2927 esse
1613 2869 1736 2931 Germa·
1769 2856 1771 2861 ¹

455 2970 517 3036 nia,
542 2985 620 3026 nunc
643 2967 761 3026 demum
784 2969 976 3046 impurissimi
1000 2969 1059 3026 oris
1081 2969 1220 3045 spurcitia
1244 2969 1339 3027 omnia
1362 2967 1468 3037 ludas,
1497 2971 1595 3028 omnia
1617 2969 1735 3049 polluis.

386 3069 640 3130 succedendum
664 3076 708 3129 est
729 3070 818 3145 igitur
841 3068 946 3148 aliquid
970 3086 1126 3146 superesse
1149 3068 1226 3146 quod
1250 3077 1296 3137 tu,
1329 3071 1377 3146 qui
1401 3071 1462 3130 sine
1486 3071 1619 3149 exemplo
1642 3071 1738 3134 malus

452 3191 499 3243 es,
523 3171 558 3231 ad
582 3171 634 3230 bas
656 3169 858 3248 improbitates
881 3170 990 3230 addere
1013 3171 1125 3249 possis?
1149 3177 1198 3230 aut
1220 3170 1289 3248 quid
1312 3171 1431 3229 omnino
1454 3173 1589 3250 estquod
1605 3173 1651 3232 bis
1667 3191 1736 3251 por·

375 3340 380 3350 g
450 3273 537 3333 tentis
558 3270 704 3349 reliquum
724 3272 779 3332 sit?
800 3271 913 3349 Ingenii
935 3271 1052 3347 quidem
1075 3275 1118 3332 tui
1141 3271 1242 3332 iusmiti
1265 3280 1333 3331 sunt
1354 3282 1382 3332 ct
1397 3272 1614 3350 inexplicabiles
1630 3289 1783 3346 nexusas'

452 3382 484 3435 ut
506 3376 609 3451 iugens
630 3374 758 3452 suspicio
785 3375 822 3433 sit
850 3372 962 3451 aliquos
991 3390 1055 3433 esse
1084 3373 1180 3434 adbuc
1203 3373 1332 3433 nondum
1363 3381 1480 3452 apertos
1501 3373 1655 3436 voluntatis
1677 3383 1736 3437 tun

379 3489 385 3507 ·
453 3493 601 3545 recessus,
625 3474 703 3535 unde
725 3474 835 3553 aliquid
858 3476 979 3542 iterum,
1004 3476 1027 3534 si
1050 3481 1133 3536 tuum
1156 3473 1332 3554 supplicium
1348 3475 1514 3541 differatur,
1537 3476 1736 3540 truculentum

384 3595 487 3644 §.nac
515 3584 599 3638 anor
624 3579 653 3637 in
681 3594 735 3635 rros
762 3567 920 3636 immineat.
966 3576 1043 3654 quod
1074 3578 1113 3636 dii
1139 3575 1322 3638 immortales
1350 3574 1455 3643 nolint,
1484 3585 1516 3637 ut
1542 3584 1574 3637 tu
1603 3579 1737 3641 ulteriori

452 3682 585 3741 amentia
600 3681 740 3747 serveris,
762 3697 821 3756 quo
836 3680 919 3737 istam
936 3680 1042 3739 iterum
1059 3695 1183 3739 renoves
1198 3680 1395 3755 perversitatis
1410 3685 1465 3738 tuae
1481 3681 1603 3748 lamam:
1627 3684 1737 3762 quippe

452 3800 538 3841 nemo
562 3783 676 3859 estqui
698 3798 758 3840 non
781 3787 862 3839 certo
884 3779 939 3840 sibi
963 3788 1123 3858 proponat,
1147 3780 1171 3838 si
1194 3787 1224 3839 tu
1247 3778 1358 3857 aliquot
1380 3781 1441 3841 dies
1456 3782 1602 3860 supersis,
1626 3801 1771 3844 novumn

452 3884 553 3944 abste
577 3882 685 3961 aliquid
708 3881 764 3941 illis
786 3883 915 3960 pristinis
938 3898 997 3940 non
1021 3880 1152 3941 absimile
1176 3881 1380 3959 proditurum:
1410 3883 1444 3941 ad
1473 3883 1550 3960 quod
1581 3893 1611 3942 tu
1639 3886 1736 3955 etiam,

451 4004 600 4064 nunquam
624 3985 679 4044 nisi
702 3984 892 4061 disponendis
907 3982 1066 4044 sceleribus
1082 3983 1226 4060 prudeus,
1251 3990 1345 4042 astute
1361 3985 1536 4062 comparasti
1552 3992 1594 4051 te,
1618 3988 1737 4064 quando

451 4087 527 4147 banc
556 4092 765 4164 praeposteram
795 4085 996 4144 defensionem
1025 4086 1054 4144 in
1085 4095 1202 4162 tempus
1229 4083 1378 4154 distulisti,
1413 4087 1454 4145 sic
1483 4087 1547 4145 lore
1576 4094 1682 4164 putans
1704 4095 1738 4147 ut

451 4197 533 4249 tuum
556 4188 656 4248 odium
679 4187 861 4254 mitesceret,
890 4188 952 4262 ipse
976 4187 1058 4263 quasi
1080 4186 1109 4244 iu
1132 4185 1275 4245 oblivione
1298 4185 1431 4246 maleficii
1453 4189 1494 4247 tni
1517 4206 1633 4256 causam
1652 4187 1736 4250 'dice-

384 4304 515 4360 §.re.res,
538 4291 639 4368 sicque
661 4287 745 4348 facile
767 4287 892 4356 absolvi,
917 4287 1032 4366 quando
1054 4287 1117 4346 nae
1139 4286 1193 4345 tibi
1215 4305 1284 4346 anre
1309 4286 1457 4356 addasset,
1481 4290 1630 4365 sperabas.
1676 4292 1735 4353 Sed
1746 4313 1772 4354 as

414 4470 416 4474 Ι
452 4394 501 4471 qui
523 4392 580 4451 boc
604 4391 738 4451 invenisti
761 4392 860 4457 acute,
884 4406 938 4448 rur
960 4407 1019 4448 nou
1042 4389 1140 4448 itidem
1164 4388 1293 4447 modesta
1318 4387 1412 4467 aliqua
1429 4397 1478 4449 arat
1493 4390 1653 4452 honestiori
1669 4411 1737 4453 ora·

451 4495 531 4554 tione
553 4500 582 4553 te
605 4493 784 4552 instruxisti?
807 4496 919 4550 tantum
944 4491 972 4549 in
996 4491 1055 4549 istis
1078 4491 1167 4548 armis
1190 4490 1302 4548 delereire
1319 4493 1452 4567 posuisti,
1478 4497 1523 4558 ut,
1547 4492 1617 4568 quid
1633 4493 1735 4571 loque·
1787 4493 1790 4497 ’

452 4595 541 4662 reris,
566 4593 635 4652 nibil
659 4593 771 4652 relerre
795 4593 931 4668 putares?
960 4590 1004 4650 rel
1027 4598 1124 4651 lautus
1147 4598 1191 4649 est
1212 4593 1241 4649 in
1266 4602 1293 4651 te
1322 4593 1514 4668 pessimarum
1543 4594 1737 4671 cupiditatum

452 4673 554 4764 ardor,
578 4704 610 4754 nt
632 4694 676 4754 rel
700 4694 736 4754 ad
758 4701 873 4769 tempus
896 4699 924 4751 te
947 4693 1099 4769 quiescere
1121 4709 1180 4752 non
1202 4693 1297 4752 sinat?
1325 4692 1367 4752 dd
1396 4694 1508 4752 veniam
1537 4701 1618 4755 certe
1641 4698 1736 4776 respi-

451 4831 652 4841 ...β-α·-

519 4896 540 4929 ¹⁰
558 4898 632 4963 prius
650 4898 719 4946 omis.
735 4898 758 4944 t.
777 4895 864 4944 addid.
878 4894 906 4942 1¹.
954 4892 976 4924 ¹²
993 4910 1064 4944 nnnc
1084 4896 1193 4946 taudem
1212 4897 1282 4944 omis·
1296 4897 1319 4943 1.
1339 4895 1428 4944 addid.
1441 4900 1471 4945 11.
1498 4895 1541 4946 Cf.
1563 4897 1638 4948 infra
1654 4901 1678 4960 §.
1692 4898 1734 4951 48.

452 4980 584 5032 'illesos
607 4982 724 5045 incipias
742 4982 899 5028 correntes.
917 4980 956 5028 sis
979 4983 999 5028 1.
