4300 6059
429 696 528 730 auom
541 697 566 731 Χ.
581 697 689 731 CONTRA
704 699 854 734 LVTRERVM
867 701 959 734 avane
973 702 1034 735 ΜΤ.
1050 696 1083 734 15.
1096 703 1153 736 ΠΝ.
1165 703 1190 736 Λ.
1201 699 1258 739 1520.
1273 705 1298 741 c.
1313 705 1437 740 HV'M'EM
1451 706 1543 742 nom.
1583 678 1656 748 307

359 858 409 911 tra
430 850 563 925 Apostoli
581 852 747 912 doctrinam
769 856 840 929 plus
860 871 968 929 sapere
990 860 1092 917 e’olnnt
1113 864 1220 933 ¹’qnttrn
1247 867 1402 934 oportent:
1434 879 1558 935 qnorum
1577 879 1657 937 por-

358 951 470 1009 rnlitns
499 950 546 1027 (ot
571 956 687 1027 ‘linquit
706 954 919 1030 Hieronymus)
949 960 1013 1016 sine
1032 962 1252 1034 scripturorum
1283 963 1462 1022 authoritate
1492 971 1566 1023 'non
1597 967 1658 1024 lm-

358 1051 429 1110 bere
448 1053 556 1124 fidem,
582 1057 642 1114 nisi
665 1055 837 1116 riderentur
861 1054 1050 1132 bpeerrersom
1072 1063 1253 1138 doctrinam,
1279 1066 1367 1123 etiam
1391 1066 1499 1125 divinis
1525 1069 1658 1126 testimo-
1756 1062 1761 1072 “

360 1156 434 1222 niis,
459 1158 553 1215 ‘note
571 1163 683 1224 tomen,
705 1160 908 1234 interpretatis
929 1161 1087 1231 roborare·
1106 1180 1126 1223 o
1147 1181 1271 1238 qnorum
1291 1168 1383 1226 oculis
1410 1162 1481 1226 “det
1500 1170 1587 1228 timor
1606 1187 1660 1228 re-

339 1258 460 1329 ⁵cessit‚
492 1256 618 1318 lontani
646 1263 766 1332 pennis
800 1262 898 1320 'noste
927 1274 1118 1337 suppetente,
1156 1270 1270 1326 nouiter
1298 1270 1469 1340 suscitatos,
1505 1279 1535 1329 et
1563 1289 1660 1346 reaper

361 1358 450 1433 opud
479 1353 635 1433 ‘quosdam
661 1363 785 1421 tenores
816 1364 864 1422 ‘in
893 1366 1004 1439 inclyto
1030 1370 1150 1426 notione
1178 1370 1356 1430 Germanica
1379 1374 1547 1431 seminatos.
1580 1374 1661 1446 qnod

359 1476 396 1519 eo
416 1464 514 1534 inopis
532 1463 662 1521 dolemus
684 1463 726 1522 iln'
745 1467 888 1538 euenisse,
913 1468 995 1540 qnod
1015 1464 1161 1529 senonen
1181 1474 1330 1531 notionem
1354 1479 1383 1531 et
1404 1489 1457 1531 nos
1486 1481 1515 1532 et
1533 1476 1660 1550 prede-

361 1578 493 1622 cessores
520 1567 615 1623 nostri
640 1561 684 1623 ‘in
712 1568 872 1626 uisceribns
897 1585 1016 1644 semper
1040 1574 1221 1644 passerinus
1250 1568 1437 1633 ¹⁵rlurritntis.
1479 1571 1569 1634 'llam
1594 1583 1662 1651 post

363 1667 542 1724 translatum
557 1683 597 1724 ex
614 1668 729 1728 Groecis
750 1674 801 1726 ¹²11·
812 1668 949 1728 Romnum
964 1675 1089 1731 eeclesia
1109 1677 1159 1733 ¹'iu
1175 1677 1291 1735 eosdem
1311 1676 1475 1735 Germanos
1492 1679 1659 1752 imperinm,

329 1776 354 1816 ¹⁰
362 1766 453 1825 iidem
473 1769 710 1864 predecessores
727 1773 822 1829 nostri
840 1779 868 1830 et
889 1790 942 1831 rios
956 1774 1086 1833 eiusdem
1107 1780 1240 1837 ecelesiis
1256 1779 1445 1852 ⁰odnoentos,
1467 1778 1660 1851 defensores-

363 1887 421 1944 que
450 1887 490 1928 er
515 1872 558 1930 eis
584 1889 700 1948 semper
726 1875 903 1946 accepimns.
948 1874 1024 1945 Onus
1050 1879 1169 1951 qnidam
1193 1880 1368 1952 Germanos,
1395 1881 1552 1942 rotliolicoe
1578 1884 1660 1940 nert-
1754 1889 1758 1904 ·

361 2134 463 2189 movet
476 2135 584 2187 tamen
642 2134 750 2207 ¹’quam
766 2127 818 2188 tibi
840 2128 985 2198 oniensi,
1007 2137 1125 2210 tuaeque
1140 2133 1257 2209 expedit
1272 2131 1376 2193 Curiae.
1423 2133 1545 2194 qllocne
1567 2134 1662 2213 inquit

363 2230 579 2308 Hieronymus?
600 2229 645 2290 'lu
667 2249 738 2290 vero
761 2231 829 2309 quid
852 2233 939 2291 toties
961 2232 1173 2312 Hieronymum
1196 2233 1322 2312 allegas?
1352 2251 1450 2294 nonne
1478 2241 1512 2297 ut
1532 2235 1587 2295 liae
1610 2236 1660 2296 ad·

363 2340 429 2392 suta
451 2349 585 2412 purpura
608 2331 684 2392 male
706 2334 897 2392 concinnatos
920 2341 985 2392 tuos
1008 2343 1150 2394 centones
1172 2335 1331 2396 adornatos
1359 2336 1485 2396 reddas?
1513 2338 1570 2398 Sed
1601 2356 1660 2400 sion

332 2435 511 2496 nequieret:
540 2436 638 2513 itaque
665 2434 772 2494 desiste
799 2436 827 2494 in
856 2433 959 2495 trinnio
982 2436 1136 2496 mendacio
1159 2438 1252 2495 saneti
1280 2438 1333 2497 viri
1355 2438 1562 2499 authoritatem
1585 2457 1660 2518 prae-

364 2545 467 2598 terme
490 2536 574 2620 tibi..
621 2543 737 2613 'nequo
759 2535 869 2596 habere
892 2535 988 2596 debet.
1018 2536 1075 2597 iam
1091 2537 1148 2597 hoe
1169 2545 1376 2599 contestamur.
1441 2538 1526 2601 bTibi
1542 2542 1660 2619 quidem

363 2658 485 2719 semper
499 2656 637 2720 perversa
654 2639 708 2699 init
723 2637 895 2716 Evangeliea
911 2636 973 2706 illa,
997 2655 1086 2716 qaam
1101 2655 1155 2697 nos
1169 2641 1335 2726 sequimur:
1359 2658 1454 2721 neque
1475 2644 1553 2702 enim
1576 2643 1663 2703 docet

363 2750 394 2802 te
409 2743 508 2803 lacere
523 2759 589 2820 qna
605 2740 676 2801 lacis
691 2740 833 2816 flagitiose
848 2738 948 2799 multa.
1006 2739 1126 2818 ‘Neque
1149 2742 1225 2801 enim
1249 2761 1266 2800 e
1286 2748 1339 2801 tuo
1361 2743 1534 2812 oprimento,
1557 2745 1608 2805 sed
1625 2765 1660 2807 ex

363 2843 472 2927 Christi
487 2848 517 2904 et
531 2849 701 2904 sanctorum
718 2835 871 2901 sententia.
935 2838 1114 2902 ‘Pontificio
1129 2843 1291 2921 tyrannidis
1305 2850 1410 2913 metus,
1434 2851 1464 2903 et
1478 2846 1660 2923 superstitio·

330 2959 415 3006 usus
430 2945 571 3007 Romanae
585 2943 746 3023 tyrannidis
761 2942 867 3015 cultus.
917 2943 1041 3004 ‘Erras
1065 2961 1161 3023 neque
1177 2946 1254 3004 enim
1270 2951 1367 3024 potest
1381 2943 1525 3016 diabolus,
1542 2965 1608 3006 cum
1623 2948 1661 3007 sit

364 3055 451 3129 pater
465 3047 619 3115 mendacii,
642 3061 803 3124 suggerere
819 3046 978 3104 veritatem.
1031 3041 1201 3115 ‘Quomodo
1217 3045 1304 3114 leves,
1322 3046 1370 3126 qui
1388 3044 1439 3106 tibi
1455 3064 1583 3125 quoque,
1598 3054 1658 3106 tam

364 3151 477 3229 potenti
493 3155 628 3229 tyranno,
645 3154 704 3207 tam
722 3149 779 3206 cito
794 3162 898 3222 graues
914 3163 977 3205 esse
993 3147 1168 3232 eruperunt?
1236 3149 1282 3208 ‘id
1298 3155 1343 3208 est
1358 3167 1423 3227 quae
1438 3149 1546 3208 allatius
1569 3167 1658 3228 pecn-

364 3253 443 3312 niam
459 3249 594 3311 mittebat
608 3247 707 3317 nobis;
731 3245 837 3326 alioqui
854 3247 978 3308 barbara
996 3255 1025 3308 ot
1039 3249 1165 3327 stupida.
1230 3247 1363 3310 'laudat
1378 3252 1579 3317 Germaniam:
1602 3250 1660 3311 hoe

304 3359 311 3368 “
364 3371 458 3426 unuin
473 3352 570 3413 reddit
585 3351 669 3411 toties
685 3349 871 3411 incommodo
888 3348 924 3410 ab
939 3369 972 3411 se
987 3351 1112 3419 allectam
1130 3352 1226 3429 itaque
1242 3351 1339 3411 adime
1354 3352 1383 3411 in
1399 3369 1452 3429 spe
1467 3360 1511 3411 est
1526 3353 1659 3412 reconsi-

331 3454 506 3515 saltationis:
524 3453 607 3515 aliter
622 3433 739 3514 non⁸sie
754 3451 861 3511 blande
877 3451 1017 3529 palparet.
1088 3448 1316 3513 ‘noveras-emis
1331 3454 1424 3520 onim,
1449 3453 1500 3512 sed
1517 3472 1596 3513 nuno
1611 3471 1658 3513 re·
1679 3495 1688 3521 .

364 3557 506 3624 nemetis,
530 3555 609 3616 etde
626 3562 726 3615 ventre
742 3562 838 3614 restro
857 3554 991 3615 extrahet
1005 3553 1083 3614 illam
1100 3555 1181 3615 (letis.
1247 3553 1304 3615 *st
1319 3573 1383 3634 quae
1399 3571 1463 3615 esse
1478 3562 1574 3633 potest
1590 3553 1659 3613 clia-

366 3659 437 3719 ritas
460 3659 488 3718 in
511 3656 560 3717 tali
581 3665 722 3735 tyranno,
745 3664 804 3716 tam
829 3655 1030 3716 [imminenter
1046 3664 1075 3715 et
1089 3655 1226 3725 subdole,
1250 3665 1309 3716 tam
1325 3655 1467 3716 violenter
1482 3662 1511 3715 et
1525 3655 1659 3734 improbe

366 3759 521 3838 peeumam
538 3757 574 3818 ab
590 3759 690 3818 amieis
706 3759 850 3835 exigente,
866 3759 1036 3826 sullurante,
1054 3758 1228 3835 enmlgente‚
1245 3764 1438 3835 extorquente
1457 3766 1486 3817 et
1501 3759 1660 3835 eripiente?

365 3859 400 3921 'A
424 3859 530 3921 collato
553 3859 623 3919 olim
646 3860 790 3919 beneficio
814 3859 1000 3918 aoiiunendat
1022 3877 1053 3918 se
1076 3861 1245 3928 Germanis
1275 3867 1382 3938 putam
1412 3859 1520 3919 ideirco
1549 3858 1659 3918 habere

332 3962 519 4022 soobuoxios.
534 3979 561 4021 so
584 3961 732 4021 fraudem!
797 3960 874 4020 '¹¹llla
899 3963 975 4021 enirn
999 3960 1138 4021 transfert
1160 3960 1258 4021 saculi
1280 3959 1419 4039 lmperia‚
1444 3979 1502 4038 quo
1525 3963 1588 4020 iure
1611 3959 1659 4019 dic

365 4064 470 4125 sodes?
534 4063 719 4141 ¹Opportuui
742 4062 916 4123 videbantur
932 4063 1009 4122 euim
1026 4080 1100 4138 quos
1115 4062 1293 4122 infamarent
1310 4062 1357 4122 illi.
1424 4063 1486 4123 0Τυ
1503 4063 1657 4140 veroquid

365 4167 429 4243 agis
450 4167 585 4234 interim,
609 4167 708 4225 ociose
731 4171 847 4241 pastor,
871 4162 988 4243 quando
1011 4162 1083 4222 alios
1106 4163 1291 4223 defendendo
1312 4165 1394 4241 gregi
1416 4162 1585 4223 substituis?
1607 4171 1658 4223 aut

366 4268 456 4328 armis
483 4265 623 4335 ecclesia,
654 4284 713 4325 non
742 4247 860 4343 optimis
883 4266 946 4323 sitm
978 4263 1122 4343 exemplis
1150 4272 1179 4323 et
1211 4282 1280 4324 sana
1312 4265 1446 4324 doctrina
1475 4263 1658 4324 detenditur?

432 4504 444 4537 ²
461 4500 633 4568 Hieronym]
650 4500 1046 4565 tcom1n.inevang.‘stanh.
1062 4500 1111 4549 lib.
1125 4500 1172 4549 tv.
1192 4515 1215 4549 c.
1230 4497 1272 4549 23.
1291 4517 1318 4551 v.
1331 4499 1421 4565 35.sq.
1438 4499 1521 4563 „Hoc
1539 4500 1604 4565 quia
1623 4499 1657 4549 do

366 4589 510 4654 seripturis
527 4603 582 4639 non
599 4588 685 4637 habat
708 4587 917 4646 auctoritatem,
944 4586 1041 4635 eadem
1059 4583 1199 4634 facilitate
1220 4585 1404 4634 contemnitur
1426 4600 1480 4648 quo
1498 4583 1656 4650 probatur”.

366 4668 599 4736 (ed.Boaod.V11.
609 4670 677 4733 100.)
697 4670 772 4721 Idem
787 4671 822 4719 nd
834 4669 933 4729 Mattio.
947 4671 1035 4719 xxll.
1046 4669 1088 4718 20.
1102 4669 1195 4732 (Lep.
1206 4667 1273 4731 180.)
1292 4669 1465 4734 „Propterea
1477 4675 1578 4732 errent,
1593 4669 1657 4734 quia

365 4759 519 4824 scripturas
536 4758 676 4817 nesciunt3
697 4760 725 4805 et
743 4757 808 4820 quia
825 4756 978 4819 scripturas
995 4754 1137 4819 ignorant,
1163 4759 1363 4817 consequenter
1380 4754 1509 4804 nesciunt
1527 4755 1657 4804 virtutem

365 4842 424 4904 dei,
443 4843 496 4892 hoo
515 4847 559 4893 eat
576 4841 725 4900 Christum,
747 4840 792 4904 qni
811 4845 853 4889 est
871 4839 916 4888 dei
935 4839 1022 4888 virtus
1041 4845 1069 4888 et
1087 4839 1132 4888 dei
1151 4839 1316 4912 sapientia”.
1346 4839 1389 4888 Cf.
1409 4839 1492 4887 etiam
1511 4837 1614 4886 Comm.
1628 4837 1657 4887 in

367 4943 408 4993 ep.
423 4927 458 4976 ad
471 4928 572 4992 Eplies.
586 4926 622 4975 11.
637 4924 693 4976 eti.
707 4922 881 4990 (impluit.)
927 4923 937 4953 ⁸
955 4923 1023 4972 viso.
1038 4921 1151 4995 charit}
1166 4924 1202 4973 oi.
1216 4922 1297 4973 Pauli
1310 4939 1353 4988 ep.
1367 4923 1402 4972 ad
1414 4922 1536 4988 Philipp.
1547 4923 1568 4972 Ι.
1581 4922 1656 4985 itaq.

365 5013 376 5044 ⁸
392 5011 490 5064 transl.
504 5027 538 5062 ex
552 5001 657 5071 (irenei
671 5011 707 5061 et.
720 5025 802 5074 supro
815 5025 841 5073 p.
854 5007 912 5057 ⁶255.
928 5006 962 5057 nd
980 5007 1003 5067 ἕ.
1017 5006 1059 5056 30.
1112 5005 1135 5036 ²⁰
1152 5007 1248 5056 Ionan.
1263 5007 1338 5056 Vlll.
1352 5007 1394 5056 ts.
1446 5003 1469 5039 ’ὅ
1486 5005 1536 5057 Iob
1548 5002 1654 5056 xxia

1370 5088 1435 5150 20*
