4300 6059
739 731 775 767 u
788 731 814 773 Q.
827 732 929 769 casato
942 731 1051 767 FLOBES
1065 732 1180 768 sauneri
1195 731 1247 767 PR!
1261 731 1420 768 HVTTENVH·
1519 745 1523 753 ·
1627 702 1700 773 503

695 888 735 944 Ex
758 888 868 957 uttan
891 889 997 945 utura
1021 888 1115 945 tutuo
1138 888 1258 946 rsurto
1281 889 1414 945 rtout's.

802 990 1012 1052 Circumiectus.
1035 1008 1087 1065 pro
1110 991 1312 1048 circnmiaoeus.

501 1078 563 1134 inde
585 1077 698 1132 ‹tidsssos
720 1076 908 1132 circumiectos
931 1075 999 1149 rigat
1024 1093 1145 1149 campos.

773 1160 874 1216 Locum
897 1162 997 1221 tacere,
1021 1160 1191 1217 occasionem
1214 1161 1344 1235 praehere.

504 1248 595 1321 itaque
618 1246 695 1302 codor
716 1246 775 1301 eins
798 1244 902 1319 placido
925 1245 991 1300 mari
1014 1244 1111 1300 similis
1134 1246 1223 1302 iocum
1246 1254 1387 1321 poetarum
1411 1248 1548 1303 urendaeio
1572 1248 1632 1303 icc-it

1008 1330 1113 1385 Ultima.
1170 1365 1173 1371 -

500 1417 531 1473 Ni
554 1436 584 1473 so
605 1416 734 1473 sterterent
758 1416 832 1489 ipsos
856 1415 951 1470 uitirua
972 1432 1033 1471 esse
1055 1432 1196 1488 passuros.

882 1500 921 1555 Ad
943 1499 1084 1562 ultimum.
1105 1500 1230 1575 risuique.

501 1587 539 1642 dd
563 1585 687 1642 ultmmm
709 1602 760 1659 pro
783 1584 833 1640 tide
856 1586 1014 1640 morituros.

873 1669 1088 1731 Circumscdere,
1111 1670 1244 1727 adsidere.

502 1759 643 1819 Caeterum,
654 1764 684 1811 ut
695 1754 886 1811 circumsederi
898 1771 995 1816 arcem,
1006 1762 1033 1809 et
1045 1755 1134 1810 omma
1144 1755 1195 1811 sitsi
1209 1756 1295 1811 iardios
1307 1759 1423 1813 arctiora
1435 1757 1556 1813 viderunt
1570 1775 1638 1819 esse,
1652 1755 1703 1813 dr.

948 1841 1059 1895 Arctatus
1082 1857 1173 1913 supra.

949 1924 1049 1979 {testere
1071 1924 1173 1981 turbem.

503 2010 644 2083 Sexaginta
666 2011 771 2066 alierum
802 2008 922 2065 inducias
950 2006 1036 2082 pacti.
1065 2017 1095 2064 ut
1124 2009 1174 2065 uisi
1206 2009 1274 2066 intra
1304 2029 1352 2067 eos
1380 2010 1508 2067 arisidium
1531 2012 1624 2068 itarius
1647 2014 1705 2086 ipsc

386 2098 554 2158 omisisset,
577 2096 706 2151 dederent
728 2094 831 2149 urrisun.

736 2179 836 2235 Pacisci
860 2177 996 2239 iruincias,
1021 2178 1151 2251 utrinque
1173 2178 1275 2235 dicitur
1297 2197 1387 2254 supra.

886 2262 956 2317 iutra
978 2280 1026 2317 eos
1048 2262 1116 2317 dies.
1141 2281 1231 2337 snpra.

847 2347 1007 2402 permittere
1029 2365 1071 2408 se,
1095 2365 1145 2420 pro
1166 2348 1274 2404 stertere.

503 2436 682 2507 Posteaquam
705 2431 772 2488 nihil
796 2431 857 2487 iude
886 2432 1006 2504 praesidii
1035 2431 1209 2495 mittebatur.
1238 2434 1270 2489 ad
1300 2435 1481 2507 praestitutam
1509 2436 1581 2492 diem
1609 2438 1707 2510 parini-

383 2539 479 2579 ausere
502 2539 531 2575 se,
554 2520 621 2593 regi.

986 2599 1138 2656 iauutiuens.

504 2693 637 2744 Caeterum
661 2686 811 2743 Alexandro
835 2687 976 2741 imminens
999 2684 1032 2739 de
1055 2684 1134 2740 itacio
1156 2704 1220 2742 orara
1243 2697 1310 2743 erat.

924 2771 1046 2843 Speciem
1070 2769 1201 2842 promisere.

504 2861 625 2934 Speciem
649 2857 744 2913 insulae
766 2855 878 2929 praebet.

384 2964 411 3002 25
862 2939 997 2995 luterdnit
1018 2957 1079 2995 curat
1102 2942 1261 2997 accersatiso.

507 3029 633 3085 tiordium
657 3044 754 3082 rrosuen
776 3034 819 3080 est
842 3024 917 3087 arrisi,
942 3042 1022 3097 qnam
1045 3026 1193 3097 Saragarius
1216 3029 1301 3082 aurinis
1325 3027 1463 3083 interfluit.

784 3108 972 3170 tuturunittere.
997 3127 1047 3182 pro
1069 3110 1226 3183 cetratipuum
1251 3112 1347 3168 iactare.

506 3202 540 3256 dt
562 3200 612 3254 uisi
636 3205 716 3253 tenue
738 3195 881 3250 discrimen
905 3193 1051 3255 obiiceret,
1074 3196 1170 3256 maria,
1199 3214 1260 3270 quam
1284 3215 1355 3252 astrue
1377 3198 1486 3259 diudit.
1517 3202 1709 3255 eorumitteret.

952 3360 1001 3409 EX
1020 3359 1177 3420 Qt'rtu't'o.

1026 3431 1110 3487 dioro.

506 3521 556 3589 Qui
570 3518 762 3593 triumphantis
775 3515 868 3588 satagis,
882 3533 961 3589 spatam
974 3515 1127 3572 dimicantis
1140 3536 1224 3580 aurare,
1236 3536 1318 3575 crsrru
1333 3520 1457 3576 suldunis
1470 3521 1564 3576 inierat
1577 3520 1710 3595 prndium.

935 3600 1075 3655 Intendere
1099 3602 1199 3674 sangrum.

508 3691 570 3746 Nam
595 3707 643 3745 uec
666 3688 760 3743 (easdem
785 3702 877 3741 omues
902 3687 991 3757 iugum
1016 3686 1195 3743 intenderamt.

386 3802 412 3837 Α.)
817 3852 864 3901 Ex
883 3850 1024 3901 tractato
1044 3850 1169 3911 QVIN'l'I
1188 3855 1320 3905 CVR'l'lI.

911 3922 1038 3978 Ludibrio
1060 3941 1216 3997 corporum.

511 4014 689 4086 virginesque
718 4019 745 4067 et
774 4008 911 4084 principes
935 4007 1104 4063 faeminarum
1128 4016 1221 4083 stupra
1246 4029 1395 4086 perpessae.
1424 4030 1571 4088 corporum
1600 4012 1714 4068 indibria

423 4102 566 4157 dcttetsant.
1000 4090 1136 4148 Recidere.

390 4205 415 4243 su
513 4185 578 4240 irati
602 4181 731 4239 recidisse
753 4178 818 4235 iram
842 4177 868 4232 in
891 4177 938 4233 irae
960 4177 1110 4234 ministros.

891 4347 976 4402 dtaior
997 4347 1119 4421 praeiecti
1142 4350 1248 4424 opibus.

509 4439 681 4512 Antipatrum
705 4450 818 4506 regnum
841 4430 980 4492 affectare,
1005 4431 1188 4509 rumoremque
1211 4454 1272 4493 esse
1294 4436 1414 4511 praeiccti
1437 4436 1543 4510 opibus.

1002 4520 1140 4574 asserere.

391 4628 415 4665 ss
513 4609 603 4667 Tittdo
628 4607 765 4680 Spartanae
789 4601 913 4659 uictoriae
936 4600 1070 4663 intlatnm,
1095 4606 1183 4662 urania
1207 4624 1220 4662 a
1244 4626 1272 4662 se
1295 4607 1354 4662 slata
1378 4615 1541 4663 asserentem
1565 4606 1624 4661 sitsi.

892 4684 1060 4757 cognatione
1083 4688 1251 4763 contingere

510 4774 664 4836 interiectis
692 4770 817 4830 ‹ararnibus
847 4769 1002 4844 quicunque
1026 4769 1205 4832 ntesuuuum
1234 4776 1313 4833 sitiam
1342 4769 1530 4850 tongius'qua
1553 4778 1717 4849 cssgaustiunc

424 4868 605 4939 ‹essartigenant
829 4854 988 4927 Longinqna
1010 4859 1137 4927 inspiratio
1161 4879 1251 4935 supra.
1422 4856 1425 4939 i
1580 4878 1672 4919 ΗΜΘ·

470 4970 555 5047 ‘spx
564 4967 659 5047 curtio
669 4992 765 5041 Flores
780 4990 807 5036 in
822 4989 844 5035 1.
853 4982 1198 5057 foliatln...1oa¹·.inplens.
1235 4998 1244 5013 ⁸
1258 4995 1334 5045 Isremo
1347 4995 1372 5043 si
1385 4994 1528 5045 adversam
1541 4994 1650 5043 omniuo
1664 4994 1718 5043 sor·

424 5092 518 5138 tunam
532 5081 656 5137 liaberet,
669 5084 693 5133 si
705 5087 925 5137 succumberent.
959 5081 983 5116 ²³
994 5084 1062 5133 Post
1072 5084 1233 5143 sequentem
1246 5078 1290 5130 irio
1305 5079 1438 5129 articulus
1451 5077 1635 5130 conlocandus
1648 5082 1718 5129 erat.

869 5172 1135 5191 —---*··
